2304 3034
184 138 224 168 47
769 135 1137 168 COMMENTARIUS
1161 137 1209 168 IN
1232 137 1379 169 EXODI
1404 137 1502 168 CAP.
1526 137 1588 168 III.
2132 139 2172 171 48

186 241 262 263 vasa
285 232 425 270 aryem‘ea
449 231 475 259 et
499 239 572 260 casa
595 238 700 265 aurea,
725 231 752 259 et
774 231 883 260 vestes.-
902 240 979 268 qnae
996 230 1156 269 imponetis

184 274 263 313 filiis
292 272 402 304 vestris
430 274 457 302 et
481 271 609 309 filiabus
631 271 757 302 vestris:
787 274 814 301 et
835 271 1008 310 spoliabitis
1031 273 1153 313 1409911-

186 320 258 347 tmn.

273 400 321 430 18.
356 398 398 429 Et
424 400 587 437 postquam
610 398 769 429 audierint
790 408 896 430 vocem.
943 399 994 430 Ad
1018 400 1153 431 verbum

187 450 244 480 est,
269 441 402 473 audient
425 451 534 472 vocem
559 447 667 471 tuam:
695 441 778 481 quod
808 442 853 472 ita
876 441 969 472 multi
993 443 1153 482 accipiunt

187 497 222 517 ac
246 485 273 515 si
297 485 387 515 Deus
407 484 620 523 obsequentes
644 484 711 514 fore
734 484 944 524 promitteret.
977 484 1042 516 Sed
1065 485 1154 526 prior

186 538 299 559 sensus
329 526 459 557 videtur
488 526 602 558 melius
629 526 802 566 quadrare,
828 531 864 557 ut
886 527 991 567 priore
1015 528 1081 559 loeo
1104 529 1152 559 iu-

187 573 258 602 beat
283 569 388 601 doceri
413 580 489 600 voce
502 569 612 605 Mosis‚
637 569 752 600 deinde
772 569 905 600 comites
925 581 958 601 se
977 569 1153 611 adiungere

187 614 226 645 ad
261 612 489 652 exponendum
525 612 689 642 Pharaoni
723 611 921 643 mandatum.
968 614 1152 653 Antequam

187 657 272 688 enim
295 655 360 686 illis
383 655 610 695 iniungeretur
633 660 699 685 tam
724 654 855 686 difficile
879 656 1055 695 negotium,
1079 666 1153 696 ope-

188 699 385 740 raepretium
414 697 476 727 suit
507 697 568 728 Dei
600 697 806 728 autoritatem
837 697 901 728 illis
933 698 1081 738 proponi,
1113 709 1153 729 ne

186 742 267 773 illud
308 741 507 781 susciperent
550 740 779 771 vacillantibus
826 741 951 772 animis.
1019 740 1154 773 Summa

187 792 294 816 autem
319 783 463 814 mandati
486 786 543 819 est,
570 788 606 813 ut
629 788 740 823 petant
763 793 781 813 a
804 783 974 814 Pharaone
996 793 1153 815 commea-

188 834 256 859 tum
281 825 482 858 sacrificandi
506 835 612 856 causa.
660 826 760 856 Porro
784 837 823 857 ne
842 827 1014 857 temerario
1037 827 1154 866 impul-

188 882 225 902 su
249 874 405 910 putentur
427 868 458 898 id
483 868 595 905 faeere,
624 868 779 899 iubentur
802 869 847 899 ita
871 869 1018 908 praefari,
1047 870 1154 900 Deum

188 913 247 945 sibi
267 913 392 943 venisse
416 911 553 945 obviam,
577 910 672 951 idque
695 912 837 942 iussisse.
862 912 946 943 Nam
968 912 1153 943 occurrendi

188 955 321 987 verbum
347 954 540 985 tantundem
564 954 651 985 valet
674 964 709 985 ac
734 961 847 994 sponte
870 966 903 986 se
926 955 1051 986 offerre.
1098 955 1153 985 In-

188 1002 378 1039 gemuerant
410 996 538 1036 quidem
570 997 671 1036 prius,
695 1002 727 1028 et
750 998 878 1037 saepius
900 997 1156 1037 imploraverant

187 1041 284 1072 fidem
316 1046 348 1071 et
378 1039 631 1071 misericordiam
662 1040 739 1070 Dei:
771 1051 848 1071 vere
878 1044 985 1071 tamen
1014 1040 1066 1072 hic
1096 1040 1156 1071 fuit

188 1083 391 1115 voluntarius
422 1092 590 1122 occursus,
620 1093 719 1122 quum
748 1088 876 1122 praeter
898 1094 987 1122 spem
1011 1083 1155 1114 omnium

189 1138 222 1158 se
256 1126 460 1157 liberatorem
490 1125 559 1156 fore
589 1125 752 1165 professus
780 1130 838 1156 est.
885 1125 1040 1157 Diximus
1071 1127 1155 1156 enim

188 1171 344 1202 clamasse
366 1169 489 1208 impetu
513 1167 632 1199 doloris
655 1168 758 1208 magis
781 1179 877 1208 quam
899 1168 1055 1200 exorandi
1078 1168 1156 1200 fidu-

188 1214 245 1244 cia.
291 1212 357 1242 lam
385 1211 572 1251 suggeritur
601 1211 665 1241 illis
688 1218 892 1251 praetextus,
917 1222 980 1251 quo
1004 1212 1156 1251 suspicio-

189 1266 262 1287 nem
286 1259 318 1285 et
341 1254 497 1285 invidiam
521 1264 539 1284 a
562 1264 595 1285 se
619 1259 777 1285 avertant.
824 1255 936 1294 Neque
962 1255 1048 1285 enim
1065 1254 1156 1285 liberi

190 1299 368 1335 discessus,
409 1296 495 1327 unde
529 1297 639 1337 gravis
672 1297 796 1328 iactura
825 1298 968 1328 instabat
1008 1303 1156 1336 tyrannO,

189 1351 332 1381 unquam
374 1340 531 1380 permissa
570 1339 682 1370 fuisset
722 1340 867 1371 facultas.
938 1340 1029 1370 Adde
1073 1340 1157 1380 quod

190 1392 257 1415 tam
281 1393 418 1423 aequum
453 1382 652 1422 postulatum
683 1383 847 1421 negando,
879 1383 968 1423 regio
999 1384 1067 1414 iure
1102 1383 1158 1413 im-

189 1427 341 1467 perioque
365 1436 398 1456 se
422 1425 576 1465 privavit,
604 1436 702 1465 quum
728 1425 797 1456 Deo
820 1437 946 1457 summo
970 1427 1037 1466 regi
1062 1436 1157 1456 suum

191 1471 346 1501 honorem
370 1469 516 1508 eriperet.
545 1468 616 1498 Etsi
639 1469 725 1499 enim
751 1469 810 1499 sub
834 1470 902 1500 eius
926 1469 1048 1499 ditione
1068 1474 1159 1499 erant

190 1512 374 1549 Israelitae,
400 1521 464 1542 non
489 1516 598 1541 tamen
622 1511 682 1541 hac
706 1511 776 1551 lege
800 1512 832 1542 in
857 1522 910 1542 eos
934 1511 1159 1542 dominabatur

190 1564 225 1586 111
256 1556 364 1586 Deum
392 1555 476 1584 iusto
505 1553 592 1584 cultu
624 1554 796 1585 fraudaret.
848 1554 951 1595 Atqui
987 1555 1065 1585 utile
1099 1554 1158 1584 fuit

191 1598 321 1629 nonnisi
362 1597 482 1637 optima
523 1596 560 1627 de
601 1607 697 1627 causa
738 1597 892 1637 populum
940 1597 1044 1628 invito
1084 1607 1160 1637 rege

191 1640 310 1681 egredi,
335 1651 374 1671 110
398 1640 430 1670 111
454 1639 601 1670 futurum
624 1646 752 1680 tempus
776 1641 908 1671 daretur
930 1639 1066 1672 subditis
1090 1641 1158 1680 qui-

191 1684 332 1715 buslibet
366 1682 550 1714 excutiendi
584 1683 652 1723 iugi
686 1683 828 1714 libertas.
888 1683 987 1714 Aliud
1029 1683 1158 1723 quidem

191 1727 372 1767 suspicatus
396 1730 444 1756 est
456 1725 596 1762 Pharao,
619 1736 737 1766 nempe
759 1737 883 1757 meram
907 1736 976 1757 esse
1000 1726 1159 1757 fallaciam

192 1769 274 1810 quod
299 1769 336 1800 de
360 1769 516 1800 sacrificio
539 1768 773 1799 obtendebant:
799 1769 853 1809 qui
877 1773 985 1800 tamen
1010 1768 1159 1799 diffiden-

192 1815 236 1843 tia
267 1813 344 1843 haec
377 1823 416 1842 ex
447 1811 621 1852 tyrannide
650 1812 827 1842 oriebatur:
859 1813 938 1842 satis
969 1812 1001 1842 in
1025 1822 1061 1842 eo
1084 1822 1158 1843 con-

192 1856 279 1886 victa
302 1855 364 1885 fuit
387 1854 456 1885 01110
479 1854 688 1894 ingratitudo,
713 1854 795 1894 quod
820 1854 879 1885 sibi
903 1854 988 1885 male
1011 1855 1159 1886 conscius

194 1899 300 1929 Deum
333 1897 391 1928 coli
423 1897 536 1928 vetuit.
588 1897 659 1927 Iam
683 1896 838 1937 quidquid
872 1897 918 1927 illi
953 1897 985 1928 in
1016 1902 1159 1928 mentem

195 1942 329 1977 venerit,
362 1939 525 1970 miraculis
555 1944 664 1970 tamen
693 1950 775 1979 quae
805 1939 903 1971 verbo
927 1940 1036 1971 addita
1066 1944 1162 1971 erant

195 1983 334 2020 edoctus,
363 1983 513 2022 ignorare
537 1993 601 2012 non
625 1981 735 2012 debuit
758 1993 775 2012 a
801 1983 868 2013 Deo
892 1983 1068 2022 profectam
1091 1993 1161 2014 esse

196 2027 278 2057 hanc
302 2025 506 2065 legationem.
553 2024 588 2055 Si
612 2031 740 2055 tantum
766 2025 887 2064 loquuti
912 2032 1019 2056 essent
1031 2025 1160 2056 Israeli-

196 2077 255 2105 100,
282 2079 338 2099 nec
362 2067 552 2106 interposita
571 2067 683 2098 fuisset
707 2068 771 2098 ulla
794 2069 951 2099 sermonis
975 2069 1160 2108 comproba-

197 2112 250 2148 tio,
275 2111 390 2141 merito
413 2112 520 2141 forsan
544 2109 604 2140 sibi
623 2121 641 2140 a
665 2110 774 2141 fraude
794 2111 945 2141 cavisset:
971 2122 1083 2142 verum
1107 2111 1162 2142 ubi

197 2155 302 2194 palam
328 2153 468 2184 ostendit
492 2153 581 2183 Deus
606 2163 639 2183 se
663 2152 757 2183 huius
781 2154 987 2192 profectionis
1011 2164 1079 2185 csse
1106 2165 1162 2185 au-

197 2206 316 2233 torem,
348 2207 443 2236 seque
474 2203 566 2226 extra
598 2196 737 2235 Aegypti
762 2198 841 2226 lines
871 2197 1065 2227 sacrificium
1095 2197 1161 2227 exi-

197 2251 281 2280 gere,
307 2244 409 2270 cessat
432 2239 537 2269 omnis
557 2238 773 2269 excusationis
793 2238 888 2275 color,
907 2244 1002 2278 atque
1020 2240 1066 2270 ita
1086 2250 1161 2279 pur-

198 2290 292 2323 gatur
316 2293 334 2312 a
357 2281 517 2312 calumnia
540 2281 648 2321 populi
672 2281 830 2312 discessio.
878 2281 912 2313 Si
932 2282 1002 2321 quis
1025 2282 1162 2320 obiiciat,

199 2326 340 2356 alienum
365 2324 567 2355 fuisseaDei
592 2330 706 2355 natura
729 2330 833 2355 astute
857 2324 1029 2364 quidquam
1054 2325 1163 2356 obten-

199 2368 290 2403 dere,
324 2367 429 2398 facilis
464 2373 512 2397 est
552 2367 735 2407 responsio,
782 2368 886 2398 Deum
931 2368 1020 2397 nulla
1065 2368 1163 2398 fuisse

200 2411 390 2442 necessitate
419 2410 610 2441 obstrictum
640 2416 674 2440 ut
704 2416 843 2450 tyranno
874 2410 1045 2441 consilium
1069 2421 1162 2441 suum

199 2454 403 2494 patefaceret.
461 2452 608 2492 Speciem
645 2453 801 2483 mendacii
840 2453 889 2483 his
923 2453 1032 2483 verbis
1066 2453 1163 2484 fuisse

202 2497 358 2527 inclusam
388 2496 467 2526 falso
497 2495 626 2535 quidam
656 2496 785 2526 iactant.
832 2495 919 2526 Nihil
952 2496 1037 2526 enim
1062 2496 1161 2526 simu-

203 2540 268 2570 lare
302 2539 457 2580 populum
493 2550 586 2569 suum
623 2539 724 2569 voluit
760 2539 863 2575 Deus,
905 2544 1029 2569 tantuin
1066 2538 1162 2578 (quod

1208 236 1299 262 turus
1323 234 1419 261 essct:
1455 235 1552 270 atque
1580 230 1640 262 hoc
1663 229 1756 261 modo
1780 231 1910 270 impiam
1934 232 2002 263 eius
2026 232 2171 272 pervica-

1207 275 1289 305 ciam
1313 273 1452 310 detexit,
1483 284 1519 304 ac
1543 273 1575 304 in
1600 273 1706 304 lucem
1729 272 1879 312 prodidit.
1925 274 2072 314 Denique
2102 286 2170 306 cer-

1207 321 1314 347 tamen
1339 326 1397 356 pro
1421 316 1579 347 Israelitis
1603 316 1744 355 suscepit
1760 316 1859 351 Deus,
1883 326 1948 347 non
1972 316 2010 348 de
2034 319 2170 349 terrenis

1207 359 1446 391 controversiis:
1481 358 1535 389 sed
1566 358 1604 389 de
1634 358 1803 398 religione,
1838 358 1889 390 cui
1919 360 2027 390 omnia
2056 370 2171 401 regum

1206 402 1279 432 iura
1302 401 1413 432 cedere
1433 406 1568 441 oportet.
1594 401 1637 432 Se
1657 408 1763 431 autem
1788 406 1882 432 vocat
1894 401 2048 433 Iehovam
2062 402 2170 434 Deum

1207 445 1439 481 Hebraeorum,
1464 448 1500 474 ut
1523 444 1603 475 sciat
1618 443 1744 474 Pharao
1767 443 1843 475 huic
1866 444 1954 484 genti
1977 444 2172 484 peculiarem

1207 498 1276 518 esse
1300 487 1418 524 Deum,
1443 492 1474 517 et
1497 486 1632 517 formam
1656 486 1787 525 pietatis
1811 487 1850 517 ab
1875 487 2014 527 Aegypti
2038 497 2171 519 eonsue-

1207 530 1321 561 tudine
1351 530 1526 560 diversam:
1557 529 1672 560 deinde
1701 539 1803 559 unum
1833 529 1925 560 illum
1955 540 2024 561 esse
2058 541 2172 561 verum

1208 573 1324 610 Deum,
1348 573 1426 604 alios
1449 583 1561 603 omnes
1585 572 1831 603 commentitios.

1294 616 1342 647 19.
1376 616 1443 656 Eyo
1471 618 1573 646 autem
1602 615 1663 647 scio
1693 614 1772 653 quod
1800 624 1856 645 rer
1886 615 2026 655 Aeyypti.
2072 615 2173 646 Prae-

1206 659 1311 689 munit
1345 668 1420 689 suos
1455 658 1555 697 Deus,
1588 668 1630 688 ne
1664 657 1826 697 repulsam
1860 657 1964 697 primo
1998 668 2174 698 congressu

1207 701 1293 741 passi
1323 701 1505 732 labascant:
1544 705 1575 732 et
1604 700 1829 740 desperatione
1863 699 1957 731 fracti
1989 700 2172 731 iniunctum

1206 744 1267 775 sibi
1300 755 1380 784 opus
1415 744 1574 775 deserant.
1628 744 1757 774 Durum
1789 742 1918 782 quidem
1955 742 2069 774 auditu
2103 743 2173 781 fuit,

1206 786 1329 818 frustra
1363 798 1396 818 se
1431 786 1668 826 expeditionem
1703 786 1879 825 suscipere:
1914 785 2048 825 perinde
2082 795 2118 817 ac
2147 786 2174 817 si

1207 829 1305 860 verba
1328 830 1412 869 apud
1436 830 1580 869 stipitem
1603 829 1762 865 facerent,
1798 828 1873 868 quia
1895 828 1987 859 nulla
2009 833 2078 859 erat
2101 839 2174 869 spes

1207 872 1396 913 proficiendi
1429 872 1513 912 apud
1548 882 1642 903 aures
1676 871 1867 903 obstinatas:
1904 870 1960 902 sed
1989 870 2084 911 longe
2116 872 2175 903 hac

1208 915 1386 946 tentatione
1415 916 1528 946 durius
1558 914 1696 955 perculsi
1720 914 1872 951 fuissent,
1897 914 1923 945 si
1947 924 1986 945 ex
2008 913 2173 954 inopinato

1208 957 1410 997 deprehensa
1450 959 1563 989 fuisset
1601 958 1636 988 in
1676 967 1751 997 rege
1795 957 2006 988 contumacia.
2074 956 2175 988 Prae-

1208 1000 1286 1032 dicit
1314 1012 1391 1041 ergo
1422 1001 1512 1032 Deus
1546 1000 1627 1031 nihil
1657 999 1764 1030 verbis
1798 999 1865 1031 suis
1902 1000 2085 1030 effecturos:
2119 998 2175 1030 sed

1210 1053 1248 1074 ex
1283 1043 1420 1075 adverso
1455 1043 1628 1074 denunciat
1661 1053 1694 1074 se
1736 1041 1916 1073 admirabili
1951 1042 2071 1073 virtute
2107 1042 2175 1073 fore

1210 1087 1417 1126 superiorem.
1464 1086 1500 1118 Si
1520 1086 1571 1118 0111
1594 1085 1723 1116 videtur
1746 1095 1814 1116 esse
1837 1084 2031 1122 absurdum,
2063 1095 2174 1125 super-

1212 1139 1310 1160 vacuo
1333 1128 1591 1169 labore‘fatigari
1617 1129 1749 1159 miseros
1772 1127 1934 1165 homines,
1966 1132 2002 1158 ut
2030 1138 2103 1158 cum
2126 1128 2176 1158 Iu-

1211 1172 1313 1203 dibrio
1348 1177 1379 1203 et
1408 1171 1603 1204 contumelia
1632 1170 1849 1210 repellantur:
1879 1169 2056 1210 respondeo
2085 1180 2176 1210 spec-

1210 1220 1297 1246 tasse
1320 1215 1380 1246 hoc
1403 1215 1441 1246 ad
1466 1215 1660 1254 exemplum,
1684 1218 1716 1244 et
1739 1213 1818 1244 utile
1837 1213 1935 1244 fuisse
1953 1213 1992 1243 ad
2012 1213 2175 1245 illustran-

1211 1258 1283 1288 dam
1315 1258 1376 1288 Dei
1413 1257 1564 1298 gloriam,
1595 1260 1630 1287 ut
1658 1267 1714 1286 rex
1743 1255 1928 1286 humaniter
1961 1261 2091 1296 rogatus
2114 1256 2175 1287 im-

1210 1301 1296 1340 piam
1320 1301 1552 1332 contumaciam
1578 1298 1742 1339 proderet:
1773 1299 1848 1338 quia
1871 1298 1953 1329 nihil
1976 1299 2093 1330 iustius
2116 1299 2176 1330 fuit

1211 1354 1306 1383 quam
1336 1343 1521 1383 extorqueri
1551 1342 1590 1373 ab
1625 1342 1725 1373 invito
1755 1341 1838 1381 quod
1872 1341 1992 1372 iniuste
2026 1341 2174 1382 negabat.

1212 1386 1384 1418 Caeterum
1424 1386 1462 1416 de
1497 1385 1667 1416 verborum
1707 1395 1805 1415 sensu
1846 1383 2041 1415 dissentiunt
2078 1384 2177 1415 inter-

1211 1434 1334 1469 pretes:
1377 1429 1507 1468 quidam
1537 1428 1623 1459 enim
1657 1431 1791 1457 vertunt
1833 1427 1913 1456 sieut
1951 1426 2099 1458 hebraice
2135 1427 2176 1458 ad

1212 1472 1347 1503 verbum
1388 1472 1522 1512 legitur:
1558 1471 1670 1510 Neque
1708 1470 1739 1500 in
1782 1480 1879 1499 manu
1921 1469 2044 1499 valida:
2085 1470 2176 1509 quasi

1213 1515 1332 1546 diceret
1363 1514 1453 1545 Deus
1477 1512 1762 1553 inexpugnabilem
1782 1512 1848 1542 fore
1872 1511 1957 1552 regis
1980 1512 2176 1552 superbiam,

1212 1558 1286 1598 quia
1309 1557 1397 1588 nulla
1421 1557 1452 1588 vi
1476 1561 1532 1587 aut
1556 1556 1698 1596 potentia
1721 1555 1944 1595 subigeretur:
1968 1555 2023 1585 sed
2047 1559 2176 1587 contex-

1212 1605 1264 1632 tus
1285 1600 1383 1631 alium
1407 1610 1537 1630 sensum
1561 1598 1711 1639 postulat,
1733 1598 1809 1637 quia
1832 1607 1906 1628 mox
1930 1598 2105 1638 opponitur
2127 1609 2176 1629 re—

1212 1643 1370 1674 medium:
1411 1643 1482 1683 Ego
1513 1652 1590 1672 vcro
1618 1641 1790 1672 extendam
1827 1650 1959 1671 manum
1987 1651 2107 1672 meam:
2145 1646 2177 1673 et

1212 1686 1380 1718 subiicitur
1403 1689 1546 1721 eventus,
1581 1683 1665 1724 quod
1688 1683 1815 1714 Pharao
1839 1683 1944 1723 plagis
1967 1683 2098 1714 tandem
2122 1683 2177 1715 do-

1211 1730 1310 1760 mitus
1334 1729 1488 1768 populum
1513 1728 1662 1758 dimittet.
1709 1726 1869 1767 Convenit
1894 1726 1989 1756 etiam
2014 1736 2177 1766 gramma-

1212 1772 1294 1803 ticae
1329 1772 1424 1802 ratio:
1459 1771 1532 1810 quia
1568 1770 1708 1800 Hebraei
1732 1770 1783 1801 &⁸75
1817 1779 1874 1808 pro
1910 1769 1969 1799 nisi
2005 1769 2176 1809 accipiunt.

1212 1814 1369 1853 Quamvis
1412 1813 1511 1854 igitur
1546 1813 1673 1844 Pharao
1715 1823 1778 1842 non
1820 1811 1929 1842 statim
1967 1812 2177 1853 obtemperet,

1212 1857 1299 1888 iubet
1329 1867 1404 1888 suos
1435 1862 1544 1887 tamen
1569 1856 1657 1886 Deus
1682 1856 1790 1885 firmos
1814 1859 1900 1885 stare
1924 1859 1955 1885 et
1979 1860 2176 1887 constantes:

1212 1901 1287 1940 quia
1309 1900 1387 1930 velit
1417 1909 1509 1930 rarae
1538 1899 1669 1929 virtutis
1693 1898 1854 1937 specimen
1883 1898 1916 1928 in
1939 1897 2017 1937 ipsis
2039 1897 2179 1929 liberan-

1214 1943 1263 1974 dis
1285 1942 1389 1973 edere.
1424 1942 1561 1973 Interim
1585 1941 1623 1972 ad
1648 1940 1843 1980 sperandum
1867 1950 1920 1971 eos
1943 1940 2093 1971 hortatur
2105 1951 2177 1981 pro-

1215 1986 1312 2016 misso
1334 1984 1418 2016 felici
1442 1984 1548 2015 exitu:
1570 1984 1644 2024 quia
1668 1984 1872 2014 Pharaonem
1896 1983 1928 2014 vi
1951 1987 2042 2022 coget
2065 1983 2103 2014 ad
2128 1994 2178 2015 ce-

1215 2028 1365 2059 dendum.

1300 2071 1349 2102 20.
1379 2070 1421 2100 Et
1448 2070 1525 2101 dabo
1546 2069 1661 2109 populo
1691 2068 1761 2100 huic
1787 2068 1933 2108 qratiam.
1987 2068 2057 2099 Hoc
2080 2069 2178 2100 etiam

1215 2114 1417 2145 liberalitatis
1448 2112 1574 2143 cumulo
1604 2111 1769 2142 Israelitas
1798 2111 1912 2149 allicit,
1943 2116 1978 2142 ut
2003 2111 2180 2143 animosius

1215 2156 1411 2188 contendant
1438 2166 1473 2186 ac
1504 2155 1663 2186 nitantur:
1700 2154 1774 2194 quia
1803 2153 1920 2193 alioqui
1944 2163 2044 2194 grave
2067 2155 2180 2185 fuisset

1215 2210 1287 2231 cum
1312 2204 1401 2229 tanta
1424 2198 1511 2238 regis
1535 2198 1651 2228 duritie
1673 2197 1854 2237 confligere.
1891 2196 1978 2236 Ergo
2001 2207 2064 2227 non
2087 2197 2180 2229 modo

1216 2242 1406 2277 libertatem,
1440 2240 1494 2272 sed
1518 2251 1615 2280 opum
1639 2250 1764 2280 quoque
1787 2244 1819 2270 et
1842 2239 1999 2279 pretiosae
2022 2239 2179 2279 supellec-

1216 2285 1282 2316 tilis
1301 2284 1424 2324 copiam
1449 2283 1617 2323 promittit.
1641 2283 1766 2314 Verum
1790 2282 1865 2322 quia
1883 2293 1935 2313 res
1953 2286 2020 2313 erat
2041 2281 2179 2314 difficilis

1216 2327 1353 2359 creditu:
1378 2327 1558 2367 Aegyptios
1582 2326 1806 2356 infestissimos
1830 2324 1938 2365 populi
1961 2325 2079 2363 hostes,
2114 2332 2179 2356 tam

1216 2380 1321 2401 comes
1352 2374 1382 2399 et
1413 2370 1567 2407 benignos
1596 2370 1663 2400 fore
1693 2373 1729 2399 ut
1752 2367 1925 2408 quidquam
1950 2367 2180 2399 beneficentiae

1188 2423 1190 2445 ς
1216 2417 1433 2452 praestarent.
1457 2412 1608 2443 admonet
1632 2411 1722 2442 Deus
1746 2411 1794 2442 sui
1819 2410 1942 2441 arbitrii
1962 2421 2033 2441 esse
2052 2411 2180 2443 flectere

1217 2466 1405 2495 quoeunque
1437 2455 1513 2485 velit
1538 2455 1704 2485 hominum
1727 2453 1831 2484 corda.
1876 2453 2057 2484 Facturum
2080 2454 2180 2494 igitur

1217 2509 1249 2529 sc
1279 2498 1470 2538 pronunciat
1500 2504 1536 2528 ut
1566 2497 1718 2539 Aegyptii
1747 2500 1878 2536 repente
1912 2506 1951 2526 ex
1987 2496 2071 2535 lupis
2102 2497 2181 2528 fiant

1217 2551 1302 2579 oves,
1328 2546 1358 2570 et
1382 2542 1434 2579 qui
1459 2540 1604 2572 solebant
1627 2550 1739 2580 rapere
1763 2544 1794 2570 et
1818 2549 1939 2576 vorare,
1963 2549 2050 2569 1111110
2072 2539 2120 2571 lac
2140 2550 2180 2571 ex

202 2583 270 2613 iure
305 2594 360 2613 suo
389 2582 525 2621 poterat)
550 2588 725 2622 tyrannum
749 2581 863 2613 celavit
888 2581 964 2621 quid
989 2581 1074 2611 ultra
1098 2581 1162 2613 fac-
1188 2597 1191 2619 1
1217 2584 1283 2614 suis
1307 2583 1467 2621 uberibus,
1493 2590 1522 2613 et
1545 2584 1651 2614 lanam
1666 2593 1705 2613 ex
1722 2588 1813 2623 tergo
1827 2581 2041 2621 suppeditent.
2073 2582 2181 2614 Locus
