2304 3034
120 219 184 249 445

122 311 173 343 vel
186 312 351 352 tyrannidi
364 312 492 349 serviat,
512 322 570 342 nec
582 309 736 349 impediat
749 310 919 349 quominus
939 313 1083 339 mutuam

124 354 210 385 inter
233 365 276 393 se,
299 355 370 395 pari
393 355 462 385 iure
485 358 517 385 et
540 353 698 390 libertate,
721 352 955 382 fraternitatem
980 350 1085 382 colant

123 407 235 428 omnes
258 397 409 428 ministri.
452 396 540 427 Hinc
571 395 664 425 etiam
695 401 823 434 sumpta
852 394 913 425 fuit
935 393 992 425 illa
1015 404 1085 424 sen—

123 439 226 470 tentia
245 439 379 480 apostoli
397 438 492 480 (Heb.
516 438 544 474 5,
567 436 609 478 4).
633 437 755 468 nemini
774 436 822 467 fas
842 447 911 468 esse
930 437 1085 467 honorem

123 481 183 512 sibi
205 492 348 519 sumere,
378 481 432 513 sed
456 480 615 520 legitimos
644 489 714 510 esse
744 479 896 511 ecclesiae
919 479 1085 509 ministros

123 525 178 564 qui
202 525 305 556 vocat-i
329 528 413 555 sunt.

419 691 483 722 EX
506 690 655 722 EXODI
677 690 791 722 XXX.

209 777 258 808 22.
279 777 438 815 Loquutus
455 779 498 806 est
515 776 608 807 etiam
626 775 738 806 Iehova
757 775 797 806 ad
812 775 927 812 DIosen,
947 775 1085 806 dicendo.-

124 820 173 851 23.
201 821 248 851 Tu
269 829 354 850 sume
373 818 427 849 tibi
445 821 583 849 aromata
602 819 731 857 optima:
753 817 896 858 myrrhae
910 818 1027 855 fluidae
1046 817 1087 847 ad

120 863 297 902 quinqentos
309 860 406 899 siclos,
419 862 606 892 cinnamomi
621 862 782 891 aromatici
793 860 960 891 dimidium
972 861 1084 899 ipsius,

120 906 261 936 ducentos
283 907 309 934 et
326 904 566 943 quinquaqinta:
588 906 616 934 et
633 903 746 934 calami
764 903 926 933 aromatici
943 903 1086 934 ducentos

121 949 148 978 ct
174 947 413 987 quinquaqinta:
463 947 512 977 24.
546 946 656 977 Castae
681 956 750 976 vcro
782 947 958 984 quinqentos
985 945 1084 983 siclos,

116 990 250 1030 pondere
271 990 458 1021 sanctuarii:
483 992 509 1019 et
530 989 586 1020 olei
608 989 704 1019 olivae
727 988 796 1019 Irin:
840 988 888 1019 25.
917 988 959 1018 Et
987 989 1084 1027 facies

119 1042 156 1064 ex
183 1042 214 1063 eo
237 1032 334 1063 oleum
353 1032 506 1063 unctionis
522 1031 704 1067 sanctitatis,
726 1034 911 1071 unquentum
930 1031 1083 1071 unquenti,

118 1085 196 1113 opus
234 1075 450 1114 ruiquentarii:
488 1074 586 1104 oleum
619 1074 772 1104 tinctionis
811 1074 984 1104 sanctitatis
1017 1074 1082 1104 crit.

119 1117 169 1148 26.
212 1117 310 1157 Z'nqcs
337 1128 368 1148 eo
401 1116 626 1148 tabernaculum
658 1117 876 1154 conventionis,
918 1119 945 1146 ct
978 1125 1084 1147 arcam

119 1160 293 1191 testimonii.
340 1160 390 1190 27.
414 1159 456 1190 Et
478 1169 615 1190 mensam
638 1159 800 1198 omniaque
820 1169 896 1190 rasa
919 1159 1033 1197 ipsius,
1057 1161 1085 1188 et

119 1202 336 1233 candelabrum
347 1203 508 1241 omniaque
518 1212 593 1232 casa
608 1202 716 1240 ipsius,
737 1205 764 1232 ct
783 1201 880 1232 altare
899 1201 1084 1241 suffimenti:

118 1245 168 1276 28.
194 1245 304 1275 Attarc
326 1255 441 1284 quoque
463 1244 628 1275 holocausti
651 1247 676 1275 et
699 1245 801 1275 omnia
824 1254 900 1275 casa
923 1245 1032 1283 ipsius,
1057 1246 1083 1274 et

117 1287 261 1319 concham
285 1290 310 1317 et
333 1287 422 1318 basin
441 1288 514 1318 cius.
548 1287 598 1318 29.
624 1286 675 1316 Ita
700 1286 905 1325 sanctificabis
926 1297 970 1322 ea,
995 1288 1083 1316 eruut

118 1331 266 1361 sanctitas
288 1331 500 1360 sanctitatum:
521 1330 673 1368 quidquid
695 1330 823 1369 tetiqerit
845 1340 888 1367 ea,
911 1330 1082 1368 sanctifica-

118 1373 211 1404 bitur.
257 1372 307 1403 30.
333 1372 462 1403 Alzaron
485 1376 648 1412 praeterea
671 1375 697 1403 et
717 1372 800 1410 filios
823 1373 891 1402 eius
919 1382 1026 1411 uuqes,
1055 1374 1082 1402 et

117 1415 325 1454 sanctificabis
342 1425 398 1452 eos,
417 1417 450 1445 ut
467 1415 633 1445 sacerdotio
651 1415 821 1455 fungantur
838 1414 924 1445 milii.
958 1415 1007 1445 31.
1029 1414 1082 1444 Ad

116 1458 198 1497 filios
221 1461 322 1489 autem
345 1457 446 1488 Israel
469 1457 610 1496 loqueris,
633 1458 775 1488 dicendo:
802 1458 907 1488 Oleum
929 1457 1081 1488 unctionis

118 1501 291 1531 sanctitatis
324 1501 382 1530 erit
415 1500 467 1531 hoc
499 1500 576 1530 milii
611 1510 670 1539 per
707 1501 916 1540 qencrationes
954 1502 1079 1531 vestras.

119 1543 168 1574 32.
195 1543 296 1582 Super
317 1553 438 1574 carnem
462 1542 594 1573 hominis
616 1553 675 1574 non
698 1546 801 1583 unqet:
823 1554 916 1581 neque
938 1542 1081 1581 composi—

118 1586 194 1616 tioni
216 1587 284 1617 eius
304 1586 426 1624 facietis
454 1585 587 1616 similes.-
614 1588 752 1616 sanetum
778 1588 833 1622 est,
864 1588 1003 1617 sanctum
1025 1586 1082 1615 erit

118 1628 209 1660 vobis.
260 1628 309 1658 33.
343 1628 492 1667 Quisquis
518 1628 676 1667 confecerit
698 1631 885 1668 unquentum
907 1628 1022 1665 simite,
1056 1629 1082 1658 et

119 1671 174 1711 qui
201 1671 343 1709 posuerit
376 1681 412 1701 ea·
445 1681 476 1701 co
509 1680 602 1710 super
635 1673 828 1706 estraneum,
862 1671 1035 1702 succidetur
1067 1680 1082 1699 e

113 1713 240 1753 populis
261 1713 337 1744 suis.

205 1797 254 1828 23.
288 1798 336 1828 Tu
365 1808 449 1829 sume
478 1798 533 1829 tibi
556 1801 704 1830 aromata.
751 1798 944 1839 Quanquam
975 1800 1082 1831 oleum

120 1840 158 1871 de
181 1850 243 1880 quo
267 1841 385 1881 agitur⁷
409 1851 473 1871 non
497 1841 572 1872 solis
596 1842 814 1873 sacerdotibus
833 1841 1001 1882 ungendis,
1026 1843 1081 1873 sed

119 1882 336 1920 tabernaculo,
360 1894 452 1914 arcae
471 1883 616 1921 foederis,
641 1884 805 1922 altaribus,
825 1890 857 1915 et
876 1886 963 1916 vasis
982 1886 1082 1916 omui-

119 1924 179 1957 bus
201 1925 342 1957 dicatum
366 1926 442 1963 fuit,
472 1937 536 1957 non
567 1932 677 1957 tamen
706 1928 845 1958 occurrit
876 1928 915 1958 ad
939 1933 1081 1959 tractan-

122 1967 193 1999 dam
222 1979 346 1999 sacram
378 1970 562 1999 unctionem
593 1970 789 2001 commodior
819 1971 907 2001 locus
936 1981 1031 2010 quam
1055 1971 1081 2001 si

121 2020 190 2041 eam
202 2011 380 2042 sacerdotio
392 2017 607 2050 annecterem,
628 2023 668 2042 ex
687 2023 749 2052 quo
769 2012 937 2053 dependet.
969 2014 1080 2044 Primo

122 2051 311 2085 describitur
332 2055 402 2085 eius
425 2055 595 2091 confectio,
623 2062 755 2095 sumptu
779 2061 810 2086 et
838 2056 934 2087 odore
968 2056 1079 2096 exqui-

122 2095 198 2126 sita:
222 2101 257 2127 ut
280 2097 319 2128 ab
343 2097 412 2137 ipsa
436 2097 625 2128 excellentia
649 2103 681 2128 et
703 2099 806 2138 pretio
830 2099 954 2130 discant
978 2099 1079 2130 Israe-

123 2137 197 2168 litae
225 2139 343 2179 aliquid
374 2150 438 2170 non
469 2140 602 2180 vulgare
636 2142 880 2181 repraesentari.
927 2142 1079 2173 Vidimus

123 2180 205 2211 enim
224 2181 285 2212 iam
305 2183 431 2222 saepius
450 2182 606 2214 obiectum
626 2183 725 2214 fuisse
744 2184 815 2214 rudi
836 2184 952 2224 populo
972 2185 1079 2225 splen-

126 2220 229 2253 dorem
252 2224 284 2254 in
307 2226 405 2256 sacris
428 2226 598 2266 symbolis,
622 2226 676 2265 qui
701 2231 850 2258 externos
874 2238 987 2259 sensus
1011 2228 1079 2258 affi-

127 2269 218 2311 ceret,
241 2271 277 2296 ut
298 2267 454 2307 paulatim
479 2273 510 2298 et
541 2269 633 2308 quasi
660 2279 717 2308 per
747 2270 869 2309 gradus
899 2270 938 2300 ad
969 2281 1078 2301 rerum

127 2307 336 2344 spiritualium
359 2311 504 2341 notitiam
529 2311 763 2343 attollerentur.
809 2313 903 2344 Nunc
932 2323 989 2343 cur
1013 2320 1078 2344 tam

128 2349 269 2381 sacerdos
291 2362 384 2391 quam
409 2364 486 2384 vasa
510 2355 617 2384 omnia
640 2360 670 2384 et
689 2354 770 2385 aliae
789 2355 987 2386 tabernaculi
1007 2366 1079 2395 par-

129 2394 176 2420 tes
198 2401 274 2430 opus
295 2393 465 2426 habuerint
489 2397 648 2433 unctione,
674 2396 849 2428 videndum
872 2404 928 2429 est.
975 2399 1080 2429 Extra

129 2436 372 2479 controversiam
396 2444 503 2469 statuo
526 2439 630 2469 oleum
662 2440 722 2470 hoc
752 2441 898 2480 pretiosis
928 2441 1080 2472 odoribus

128 2478 279 2521 mixtum,
302 2478 435 2525 figuram
459 2482 558 2512 fuisse
581 2482 714 2522 spiritus
744 2484 855 2514 sancti.
900 2483 982 2514 Nam
1008 2495 1081 2524 pas-

129 2525 187 2546 sim
211 2526 345 2550 occurrit
365 2523 505 2563 ungendi
528 2525 732 2565 metaphora,
757 2526 811 2556 ubi
836 2526 915 2563 vim,
940 2527 1081 2564 effectus,

129 2562 162 2605 et
183 2557 265 2590 dona
287 2562 415 2610 spiritus
445 2567 670 2598 commendant
701 2568 885 2607 prophetae.
931 2569 998 2601 Nec
1022 2570 1080 2600 du-

129 2599 218 2648 blum
248 2607 294 2632 est
322 2614 396 2643 qum
424 2608 512 2639 Deus
542 2620 635 2650 reges
663 2610 826 2651 ungendo,
858 2612 975 2651 spiritu
1006 2623 1078 2652 pru-

131 2641 273 2681 dentiae,
305 2645 512 2688 fortitudinis,
547 2652 751 2691 clementiae,
787 2659 817 2684 et
847 2655 1018 2694 aequitatis
1047 2665 1081 2686 se

807 215 1059 248 SECUNDUM
1082 215 1403 248 PRAECEPTUM.

2036 221 2100 252 446

1138 308 1210 340 illos
1251 310 1371 341 donare
1405 315 1542 342 testatus
1576 313 1626 343 sit.
1682 312 1769 343 Hinc
1802 312 1893 344 facile
1927 312 2100 353 colligitur,

1140 351 1298 383 imbutum
1323 353 1420 384 fuisse
1444 354 1686 386 tabernaculum
1705 355 1784 392 oleo,
1807 359 1844 386 ut
1867 355 2029 387 discerent
2051 356 2100 387 Is-

1139 394 1270 425 raelitae
1288 395 1368 426 nihil
1394 396 1544 436 prodesse
1566 398 1674 428 omnia
1698 398 1826 437 pietatis
1850 398 2005 429 exercitia
2028 397 2100 429 abs-

1139 446 1198 475 que
1225 447 1341 468 arcana
1370 440 1553 478 operatione
1576 440 1720 480 spiritns.
1761 440 1831 471 Imo
1853 440 1973 480 aliquid
1996 441 2100 472 maius

1139 484 1302 510 ostensum
1332 480 1410 519 fuit,
1441 482 1595 512 virtutem
1620 487 1651 513 et
1672 483 1810 522 gratiam
1834 484 1966 522 spiritus
1990 484 2099 524 vigere

1138 526 1170 551 et
1199 532 1333 561 regnare
1352 524 1384 553 in
1408 524 1477 563 ipsa
1500 525 1690 555 umbrarum
1714 526 1859 563 veritate,
1883 530 1915 556 et
1937 536 2099 565 quaecun-

1139 573 1200 603 que
1234 565 1309 595 inde
1343 567 1538 604 proveniunt
1568 567 1651 598 bona
1681 568 1824 599 eiusdem
1854 568 1986 608 spiritus
2015 568 2098 600 dono

1139 607 1290 645 applicari
1324 608 1354 637 in
1388 619 1481 639 usum
1516 609 1667 641 fidelium.
1716 610 1755 640 In
1790 610 1883 641 altari
1916 611 2100 650 quaerenda

1139 648 1200 678 fuit
1231 650 1459 688 reconciliatio,
1490 656 1525 682 ut
1553 652 1642 683 Deus
1673 653 1829 692 propitius
1859 657 1952 684 esset.
1998 653 2099 694 Atqui

1139 690 1235 731 (teste
1257 693 1400 731 apostolo
1414 693 1495 725 Heb.
1515 694 1544 729 9,
1566 694 1617 736 14)
1636 696 1828 726 sacrificium
1847 696 1960 726 mortis
1974 696 2099 727 Christi

1140 744 1202 764 non
1234 734 1327 765 alit-er
1357 736 1473 766 efficax
1504 736 1564 767 fuit
1591 737 1629 768 ad
1661 738 1852 777 placandum
1882 737 2004 776 Deum,
2035 739 2099 770 nisi

1140 777 1213 815 quia
1248 787 1304 816 per
1340 778 1488 817 spiritum
1526 790 1638 819 passus
1666 785 1722 811 est.
1772 781 1840 811 Iam
1871 781 2029 820 quomodo
2057 781 2098 812 ad

1140 829 1198 849 nos
1222 819 1345 850 fructus
1368 821 1532 860 pervenit,
1556 823 1617 853 nisi
1642 823 1716 862 quia
1738 823 1898 863 sanguine
1921 824 1974 863 qui
1999 824 2099 854 semel

1139 862 1229 892 fusus
1253 868 1308 900 est,
1332 862 1414 893 idem
1439 865 1571 903 spiritus
1594 866 1718 896 animas
1742 871 1869 896 nostras
1892 866 2027 907 irrigat?
2054 867 2097 897 si-

1139 905 1203 934 cuti
1235 904 1326 935 docet
1349 905 1466 936 Petrus
1488 905 1529 946 (1.
1555 906 1640 938 Petr.
1667 909 1692 945 1,
1715 907 1755 949 2).
1787 908 1855 939 lam
1886 909 1957 948 quis
1986 919 2098 948 preces

1140 952 1265 977 nostras
1289 954 1455 978 consecrat
1478 949 1538 979 nisi
1569 950 1701 990 spiritus
1725 962 1742 981 a
1766 961 1828 990 quo
1858 950 2021 982 dictantur
2043 961 2098 992 ge-

1138 991 1237 1020 mitus
1260 991 1506 1028 inenarrabiles,
1537 996 1569 1022 et
1598 1003 1654 1032 pcr
1684 1004 1776 1032 quem
1808 993 1983 1025 clamamus
2007 994 2100 1025 Abba

1138 1037 1229 1071 pater
1252 1032 1358 1073 (Rom.
1384 1033 1411 1070 8,
1437 1033 1512 1075 15)‘.⁷
1543 1034 1612 1065 Imo
1643 1035 1727 1065 unde
1756 1035 1836 1067 fides
1865 1046 1946 1075 quae
1976 1047 2034 1067 nos
2062 1037 2098 1067 in

1136 1075 1457 1106 communicationem
1496 1076 1650 1108 bonorum
1682 1078 1805 1109 Christi
1839 1078 1997 1115 admittit,
2036 1080 2098 1110 nisi

1139 1117 1178 1147 ab
1201 1117 1311 1148 eodem
1337 1119 1475 1157 spiritu?
1510 1118 1574 1149 Sed
1600 1121 1707 1151 unctio
1730 1121 1902 1161 praecipue
1935 1121 1968 1152 in
1992 1132 2097 1152 sacer-

1138 1160 1209 1190 dote
1244 1160 1477 1191 consideranda
1512 1162 1586 1199 fuit,
1621 1164 1672 1202 qui
1707 1164 1925 1195 sanctificatus
1959 1169 2007 1195 est
2035 1163 2098 1195 Dei

1137 1203 1252 1241 spiritu
1285 1203 1322 1233 ad
1353 1214 1473 1234 munus
1504 1204 1694 1236 obeundum.
1740 1206 1854 1246 Itaque
1885 1206 1966 1237 sicut
1994 1206 2098 1238 Isaias

1136 1245 1198 1286 (61,
1224 1245 1254 1286 1)
1278 1246 1309 1276 in
1330 1247 1397 1277 eius
1418 1257 1552 1286 persona
1571 1247 1683 1287 spiritu
1704 1248 1891 1288 prophetico
1911 1260 1944 1279 se
1962 1254 2097 1280 unctum

1136 1289 1235 1318 fuisse
1260 1288 1365 1325 docet,
1390 1294 1422 1319 et
1444 1289 1551 1320 David
1576 1290 1658 1320 idem
1683 1291 1823 1321 affirmat
1846 1291 1884 1322 de
1907 1291 2022 1331 spiritu
2046 1302 2096 1323 re-

1135 1331 1215 1371 gali:
1258 1331 1302 1362 ita
1338 1331 1453 1362 Daniel
1488 1332 1628 1371 optimus
1660 1334 1751 1364 nobis
1784 1334 1945 1374 interpres
1979 1338 2028 1365 est
2060 1344 2096 1366 ac

1136 1374 1227 1405 testis
1253 1374 1411 1413 quomodo
1435 1375 1563 1405 tandem
1588 1375 1732 1407 exhibita
1764 1376 1862 1407 fuerit
1890 1376 2097 1408 sacerdotalis

1136 1417 1243 1446 unctio
1267 1415 1364 1457 (Dan.
1389 1417 1417 1455 9,
1441 1417 1502 1458 24).
1549 1417 1630 1448 Nam
1654 1429 1751 1458 quum
1782 1424 1923 1459 tempus,
1955 1430 2016 1459 quo
2040 1430 2098 1460 per

1136 1465 1274 1489 mortem
1299 1459 1421 1490 Christi
1450 1461 1670 1499 obsignabitnr
1701 1461 1883 1501 prophetia,
1915 1463 2097 1501 praefixum

1136 1512 1206 1532 esse
1231 1502 1306 1533 dicit
1330 1502 1368 1532 ad
1392 1502 1580 1543 ungendum
1605 1508 1751 1534 sanctum
1782 1509 1981 1542 sanctornm,
2011 1505 2097 1536 clare

1136 1544 1288 1575 admonet
1312 1545 1479 1584 spirituale
1502 1546 1667 1586 exemplar
1690 1557 1758 1577 esse
1779 1547 1810 1577 in
1834 1546 1979 1585 Christo,
2009 1547 2094 1586 quod

1136 1588 1254 1617 visibili
1279 1588 1463 1618 sanctuario
1491 1589 1695 1628 respondeat:
1731 1594 1765 1619 ut
1795 1589 1920 1629 reipsa
1948 1590 2092 1621 sentiant

1137 1630 1255 1667 fideles,
1280 1641 1342 1660 non
1366 1632 1478 1661 inanes
1498 1631 1595 1662 fuisse
1618 1632 1749 1662 umbras
1771 1631 1850 1662 illas.
1887 1632 1982 1663 Nunc
2005 1636 2093 1663 tene-

1136 1683 1207 1703 mus
1231 1683 1287 1704 cur
1310 1680 1425 1703 unctus
1449 1674 1545 1704 fuerit.
1568 1674 1717 1712 Aharon,
1747 1675 1822 1713 quia
1844 1674 1960 1714 spiritu
1983 1679 2094 1706 saneto

1136 1721 1342 1747 consecratus
1366 1722 1414 1746 est
1436 1716 1603 1753 Christus,
1635 1721 1669 1747 ut
1692 1717 1848 1747 mediator
1872 1722 1954 1747 esset
1977 1717 2039 1748 Dei
2062 1721 2094 1748 et

1136 1758 1320 1789 hominum:
1354 1769 1409 1789 cur
1439 1758 1548 1789 eodem
1578 1759 1647 1789 oleo
1672 1760 1803 1790 tinctum
1829 1760 1927 1790 fuerit-
1945 1759 2093 1790 taberna-

1135 1801 1243 1832 culum
1267 1812 1338 1833 cnm
1370 1802 1435 1832 suis
1465 1802 1566 1838 vasis,
1601 1802 1674 1841 quia
1704 1812 1768 1832 non
1799 1801 1894 1832 aliter
1921 1802 2094 1842 participes

1136 1855 1248 1875 sumus
1281 1844 1461 1874 sanctitatis
1495 1844 1617 1874 Christi
1652 1855 1746 1884 quam
1780 1844 1912 1884 spiritus
1946 1844 2028 1875 dono
2061 1848 2094 1875 et

1137 1887 1334 1927 operatione.
1380 1887 1502 1917 Iterum
1527 1887 1738 1917 masculinum
1762 1898 1863 1927 genus
1885 1887 2013 1926 quidam
2038 1897 2093 1927 po-

1135 1935 1232 1962 nunt.
1264 1930 1318 1960 ubi
1342 1929 1380 1959 de
1410 1930 1495 1960 vasis
1518 1929 1649 1960 dicitur:
1681 1929 1847 1969 Quidquid
1877 1929 2021 1970 tetigerit
2044 1940 2092 1967 ea,

1134 1973 1400 2003 sanctificabitur:
1434 1982 1469 2003 ae
1503 1973 1529 2003 si
1563 1972 1681 2002 dictum
1718 1977 1815 2009 esset,
1850 1982 1913 2002 non
1948 1972 1986 2002 ab
2020 1972 2092 2003 aliis

1134 2016 1264 2046 tractari
1294 2015 1342 2045 fas
1373 2025 1442 2045 esse
1473 2025 1567 2054 quam
1592 2026 1609 2045 a
1638 2014 1866 2045 sacerdotibus.
1912 2014 1977 2045 Sed
2012 2015 2093 2045 mihi

1133 2058 1262 2089 videtur
1284 2059 1391 2097 potius
1413 2058 1474 2087 alia
1496 2067 1592 2088 eausa
1608 2058 1723 2095 notari,
1747 2057 1821 2097 quia
1839 2056 2016 2088 oblationes
2035 2068 2094 2088 sua,

1131 2101 1302 2132 sanctitate
1324 2100 1456 2131 imbuat.

1217 2144 1266 2174 25.
1297 2144 1404 2174 Oleum
1426 2143 1583 2173 unctionis.
1629 2142 1823 2181 Quanquam
1850 2142 2012 2181 genitivus
2035 2152 2092 2182 po-

1132 2186 1222 2217 nitur
1245 2187 1311 2217 loco
1336 2186 1478 2225 epitheti,
1502 2196 1537 2216 ac
1558 2186 1584 2215 si
1603 2184 1737 2215 dixisset
1750 2185 1856 2215 Moses
1875 2184 1981 2215 oleum
2000 2194 2092 2215 sanc-

1133 2234 1216 2259 tum:
1248 2230 1287 2259 ab
1316 2228 1431 2259 effectu
1460 2233 1567 2258 tamen
1599 2227 1643 2258 sic
1666 2232 1806 2263 vocatur,
1836 2227 1911 2266 quia
1933 2227 2003 2257 sine
2024 2228 2093 2267 ipso

1132 2271 1215 2302 nihil
1239 2282 1353 2311 purum
1378 2276 1553 2302 censeatur.
1590 2270 1632 2300 Et
1655 2275 1740 2301 certe
1760 2270 1829 2300 ideo
1848 2280 1906 2300 nos
1929 2274 1961 2299 ct
1983 2276 2094 2301 nostra

1133 2315 1242 2345 omnia
1261 2314 1440 2345 sanctificat
1458 2313 1588 2353 spiritus
1603 2313 1673 2350 Dei,
1692 2313 1765 2351 quia
1784 2316 1876 2342 extra
1894 2312 2000 2351 ipsum
2020 2323 2093 2352 pro-

1133 2357 1199 2387 fani
1220 2367 1340 2393 sumus,
1365 2362 1395 2387 et
1418 2361 1528 2387 nostra
1547 2355 1654 2385 omnia
1673 2360 1830 2395 corrupta.
1866 2354 2094 2386 Caeremoniae

1133 2410 1227 2430 nsum
1251 2399 1454 2430 commendat
1473 2409 1529 2438 per
1546 2403 1675 2429 cunctas
1695 2402 1816 2428 aetates
1834 2397 1952 2428 veteris
1972 2397 2093 2437 populi.

1134 2442 1261 2481 Quibus
1285 2441 1391 2473 verbis
1413 2441 1521 2472 subest
1545 2441 1641 2471 tacita
1665 2440 1834 2470 antithesis
1858 2450 1962 2470 novae
1993 2439 2093 2471 ecclc-

1133 2486 1208 2522 siae,
1239 2496 1319 2525 quae
1351 2489 1424 2524 post
1454 2483 1629 2513 exhibitam
1659 2493 1765 2513 rerum
1789 2482 2003 2513 substantiam
2026 2493 2094 2513 um-

1134 2528 1199 2559 bris
1222 2538 1286 2559 non
1311 2528 1441 2567 indiget.
1471 2526 1580 2556 Merito
1604 2525 1689 2555 enim
1712 2525 1901 2565 unigenitus
1924 2525 1985 2555 Dei
2008 2525 2094 2556 filius

1134 2571 1258 2602 Christi
1282 2581 1398 2601 nomen
1422 2569 1551 2604 obtinet,
1575 2567 1703 2608 quando
1726 2578 1784 2598 suo
1807 2567 1948 2598 adventu
1972 2568 2093 2608 figuras

1134 2614 1206 2644 illas
1237 2614 1383 2644 abolevit.
1436 2612 1477 2642 Et
1509 2611 1637 2641 Simeon
1671 2621 1770 2649 quum
1799 2610 1885 2640 ulnis
1919 2612 1984 2641 suis
2018 2621 2093 2641 eum

1135 2656 1304 2695 amplexus
1336 2660 1460 2686 vocaret
1491 2653 1656 2684 Christum
1688 2653 1818 2684 Domini
1850 2652 1942 2693 (Luc.
1974 2653 2001 2684 2.
2030 2652 2093 2694 28),
