2304 3034
204 207 266 238 50.)

203 304 254 332 est
275 300 406 340 spiritus
429 298 574 330 afflictus.
619 294 685 326 Nec
704 304 779 325 vero
804 293 957 324 convenit
981 292 1041 323 Dei
1066 292 1160 323 mise-

203 342 343 374 ricordia
363 342 442 382 erigi
465 340 524 371 nisi
554 340 737 379 prostratos,
768 336 819 367 vel
851 335 991 371 absolvi,
1016 334 1077 365 nisi
1106 335 1161 374 qui

205 396 240 418 se
263 385 349 426 ipsos
379 384 463 415 ultro
496 382 697 412 damnarunt.
752 377 826 409 Huc
853 377 958 408 tendit
990 376 1160 408 verborum

206 427 387 468 congeries:
421 423 634 456 Confitebitur
667 430 778 451 omnes
812 420 1016 459 iniquitates,
1050 429 1161 450 omnes

206 469 511 511 praevaricationes,
535 469 564 496 et
588 465 696 495 omnia
719 467 864 502 peccata:
890 473 930 493 ne
954 462 1068 493 leviter
1091 468 1160 491 tan-

206 518 277 544 tum
300 517 331 543 et
354 508 549 542 defunctorie
571 510 748 546 agnoscant
770 504 879 536 fideles
903 516 936 536 se
961 515 1068 536 coram
1093 504 1162 535 Deo

207 566 293 592 reos,
323 553 379 585 sed
410 551 513 592 potius
544 548 602 580 sub
635 547 793 579 scelerum
827 547 987 588 gravitate
1019 551 1160 587 gemant.

206 597 276 629 Iam
299 596 371 636 quia
392 595 426 625 in
449 592 576 624 Christo
599 594 705 621 certus
729 589 795 621 dies
814 590 846 620 in
874 600 959 620 anno
984 590 1162 629 praescrip-

206 647 259 671 tus
281 649 345 669 non
368 641 430 673 est,
449 636 482 666 in
501 645 561 674 quo
579 632 711 665 ecclesia
733 632 858 663 solenni
881 633 947 663 ritu
971 632 1163 663 confiteatur

206 692 263 714 sua
285 685 420 721 peccata,
441 677 564 708 discant
586 675 712 712 fideles,
736 675 860 715 quoties
883 675 916 705 in
947 675 1077 705 nomine
1100 674 1162 705 Dei

206 723 411 759 conveniunt,
435 718 622 759 suppliciter
639 717 678 748 ad
693 719 819 749 veniam
841 716 1083 757 deprecandam,
1108 727 1162 747 vo-

206 765 362 797 luntariae
385 761 581 794 damnationi
603 771 635 791 se
655 761 819 797 subiicere,
841 770 876 791 ac
900 760 928 790 si
947 759 1079 799 spiritus
1100 758 1163 789 Dei

205 810 339 840 formam
358 805 506 836 dictaret:
530 802 625 834 simul
653 802 692 833 ad
712 802 847 834 eandem
866 802 999 842 quisque
1018 801 1163 842 regulam

204 849 353 892 privatim
376 858 410 879 se
432 847 555 877 formet.
700 888 705 892 ῃ
996 887 1000 892 ,
1110 887 1115 892 ⁴

290 892 338 922 26.
373 890 432 929 Qui
460 899 528 919 vero
556 888 726 919 deduxerit.
773 887 935 926 Quoniam
969 887 1079 918 hircus
1109 887 1163 917 ille

205 938 347 974 κάθαρμα
366 936 435 963 erat
452 931 517 961 irae
530 931 591 961 Dei
611 935 642 961 et
660 929 879 961 maledictioni
897 930 1056 967 devotum,
1076 929 1163 960 iube-

205 982 256 1008 tur
274 976 327 1016 qui
350 974 440 1005 illum
464 973 649 1010 deduxerit,
673 983 787 1012 corpus
806 983 900 1004 suum
924 979 954 1003 et
979 977 1084 1003 vestes
1108 971 1163 1002 ab-

203 1020 299 1056 luere,
318 1028 353 1049 ac
372 1017 398 1047 si
416 1016 486 1047 labe
506 1021 588 1046 esset
608 1016 847 1055 coinquinatus:
867 1025 930 1054 quo
949 1014 1094 1055 symbolo
1111 1013 1162 1045 ad-

203 1061 314 1093 moniti
344 1060 473 1090 fuerunt
502 1058 611 1089 fideles
634 1063 831 1098 quantopere
859 1057 1054 1089 detestabilis
1080 1062 1161 1088 esset

203 1115 260 1136 sua
284 1102 453 1142 iniquitas,
483 1111 544 1140 quo
573 1101 674 1141 magis
698 1110 733 1131 ac
762 1100 865 1140 magis
897 1100 1162 1131 exhorrescerent

203 1146 325 1186 quoties
340 1143 534 1185 reputabant
546 1143 620 1183 quid
634 1147 743 1174 essent
755 1143 930 1182 promeriti.
961 1143 1045 1174 Nam
1064 1153 1160 1182 quum

201 1188 363 1220 hominem
398 1186 544 1218 viderent
579 1197 597 1216 a
630 1186 742 1217 castris
775 1185 954 1226 prohiberi,
988 1186 1063 1225 quia
1096 1185 1162 1216 solo

201 1231 287 1271 capri
307 1234 391 1261 tactu
410 1229 553 1269 pollutus
572 1229 668 1266 foret,
688 1228 720 1259 in
741 1234 882 1259 mentem
902 1228 1012 1259 venire
1031 1239 1161 1259 necesse

200 1274 275 1311 fuit,
306 1277 423 1313 quanto
453 1272 556 1302 maius
587 1270 755 1302 dissidium
785 1275 870 1302 esset
892 1271 976 1302 inter
998 1270 1104 1301 Deum
1129 1274 1161 1301 et

200 1317 300 1356 ipsos,
332 1315 387 1355 qui
420 1313 657 1345 immunditiem
692 1323 755 1344 non
791 1313 920 1345 aliunde
953 1318 1160 1351 contractam,

199 1358 254 1390 sed
280 1357 408 1398 propria
426 1356 520 1396 culpa
544 1357 714 1388 conflatam
734 1356 767 1386 in
786 1367 819 1387 se
838 1356 1016 1396 gestabant.
1037 1355 1161 1387 Eadem

200 1405 248 1433 est
270 1401 337 1432 eius
360 1400 442 1431 ratio
465 1399 518 1439 qui
537 1399 652 1439 pellem
672 1403 703 1430 et
722 1408 833 1430 carnes
852 1404 884 1430 et
902 1400 1014 1430 fimum
1032 1399 1161 1430 iuvenci

199 1449 231 1475 et
253 1443 333 1475 hirci
356 1442 582 1474 combusserat.
628 1441 715 1473 Alibi
739 1441 878 1473 vidimus
908 1442 1058 1481 reliquias
1088 1441 1160 1473 illas

199 1491 291 1517 extra
313 1489 418 1517 castra
440 1485 538 1516 fuisse
557 1483 680 1515 delatas
704 1484 736 1514 in
760 1485 888 1524 signum
906 1484 1159 1515 abominationis.

199 1531 306 1569 Atque
337 1528 397 1559 hac
420 1528 454 1558 in
482 1531 572 1567 parte
601 1526 719 1558 clarius
749 1527 887 1568 refulget
917 1527 1160 1558 inaestimabilis

200 1571 321 1602 Christi
344 1581 421 1611 erga
444 1580 502 1601 nos
525 1580 630 1607 amor,
654 1569 709 1609 qui
731 1570 819 1601 exire
842 1570 880 1601 ab
903 1569 982 1600 urbe
1006 1574 1160 1610 gravatus

198 1625 261 1644 non
284 1618 341 1651 est,
363 1619 400 1644 ut
423 1613 514 1643 fieret
537 1623 593 1652 pro
617 1612 707 1643 nobis
730 1613 1003 1649 reiectamentum‚
1031 1623 1066 1644 ac
1092 1623 1159 1643 ma—

199 1656 400 1688 ledictionem
420 1655 512 1686 nobis
536 1654 675 1686 debitam
695 1655 824 1686 subiret.

283 1699 332 1730 29.
361 1697 492 1736 Eritque
513 1697 597 1729 vobis
619 1698 653 1728 in
675 1700 823 1728 statutum
840 1700 1034 1736 perpetuum.
1064 1697 1159 1729 Nunc

199 1742 327 1773 demum
350 1741 541 1780 exprimitur
561 1740 627 1771 dies
649 1740 703 1770 ille
726 1739 870 1780 publicae
896 1740 1104 1780 expiationis,
1128 1744 1160 1771 et

196 1784 338 1816 breviter
361 1783 532 1823 attingitur
554 1783 685 1814 afflictio
705 1783 897 1820 animarum,
917 1784 1008 1814 cuius
1034 1783 1159 1823 plenior

199 1828 236 1858 fit
263 1827 384 1857 mentio
412 1826 462 1857 23.
493 1825 607 1864 capite,
637 1836 700 1865 quo
731 1836 765 1856 se
794 1825 982 1866 diligentius
1010 1826 1044 1856 in
1075 1826 1159 1857 seria

198 1869 405 1900 meditatione
445 1868 659 1908 poenitentiae
698 1874 885 1905 exerceant,
920 1879 978 1899 nec
1012 1868 1159 1900 dubitent

198 1922 273 1944 vere
307 1922 340 1943 se
371 1921 477 1943 coram
508 1910 578 1941 Deo
611 1911 760 1951 purgari,
794 1911 1018 1942 sacramentali
1049 1916 1159 1942 tamen

198 1954 305 1993 modo,
335 1964 450 1993 nempe
479 1958 515 1984 ut
544 1953 745 1985 caeremonia
774 1957 908 1984 externa
938 1953 1068 1994 signum
1099 1955 1160 1985 mi—

198 1997 284 2028 nime
313 1996 409 2028 fallax
438 2000 524 2027 esset
559 1997 626 2027 eius
659 1996 869 2036 expiationis,
903 2007 966 2036 qua
996 1997 1095 2028 semel
1126 1998 1157 2027 in

197 2039 398 2079 plenitudine
421 2038 576 2078 temporis
599 2038 791 2070 conciliandi
814 2043 907 2070 erant
930 2039 1007 2070 Deo.
1045 2039 1160 2080 Itaque

198 2081 343 2122 pluribus
362 2081 468 2113 verbis
496 2082 635 2113 inculcat
665 2082 773 2112 Moses
803 2082 969 2121 proprium
1001 2082 1061 2113 hoc
1090 2093 1160 2113 esse

199 2124 371 2155 sacerdotis
393 2134 526 2155 munus:
551 2134 612 2164 quo
635 2124 739 2164 elogio
762 2124 898 2164 gratiam
922 2124 1022 2155 futuri
1043 2124 1161 2156 media—

200 2167 276 2198 toris
299 2166 516 2204 commendat,
546 2172 582 2197 ut
601 2166 641 2198 ad
661 2177 732 2198 eum
754 2177 854 2197 unum
873 2165 993 2207 dirigat
1015 2167 1160 2199 fidelium

199 2212 331 2240 mentes.

578 2379 728 2411 LEVIT.
754 2379 779 2410 I.

289 2463 316 2493 1.
346 2462 468 2493 Vocavit
493 2467 591 2496 autem
614 2464 732 2501 Mosen,
766 2467 793 2495 et
817 2464 959 2503 loquutus
982 2469 1023 2496 est
1047 2465 1162 2498 leliova

203 2514 271 2536 curn
299 2514 331 2534 eo
358 2515 372 2535 e
400 2504 587 2539 tabernaculo
615 2507 827 2545 conventionis,
863 2507 1005 2539 dicendo:
1049 2509 1077 2539 2.
1102 2509 1161 2539 Lo-

204 2557 294 2586 quere
313 2547 354 2578 ad
374 2547 454 2585 filios
473 2547 583 2587 Israel,
606 2553 632 2581 et
654 2550 702 2581 dic
725 2549 805 2581 illis.-
827 2550 925 2580 Homo
944 2561 1038 2589 quum
1060 2552 1161 2590 offeret

204 2599 242 2619 ea:
264 2588 346 2620 vobis
369 2589 543 2621 oblationem
562 2592 704 2623 Iehovae:
726 2602 763 2622 esc
783 2592 981 2629 animalibus,
1004 2604 1041 2624 er
1059 2593 1159 2630 bobus,

202 2634 230 2662 et
252 2642 288 2662 ex
304 2631 473 2669 pecudibus
495 2634 624 2672 offeretis
641 2634 824 2667 oblationem.
849 2635 877 2667 3.
899 2635 936 2666 Si
953 2635 1160 2668 holocaustum

248 207 261 225 ν’
899 199 1151 231 SECUNDUM
1174 199 1492 231 PRAECEPTUM.

2109 203 2170 233 506

1213 292 1320 324 oblatio
1349 294 1415 324 eius
1441 292 1537 331 fuerit
1558 302 1594 322 ex
1616 291 1722 329 bobus,
1750 292 1920 324 masculum
1941 293 2172 326 immaculatum

1213 336 1329 374 offeret:
1357 336 1398 367 ad
1419 335 1529 366 ostium
1551 334 1741 365 tabernaculi
1763 336 1965 367 conventionis
1983 337 2082 375 offeret
2103 347 2172 368 eum

1206 388 1266 416 pro
1289 378 1387 408 animi
1402 377 1561 417 proposito
1583 377 1615 407 in
1636 379 1790 415 conspectu
1813 377 1949 409 lelcovae.
2003 379 2031 410 4.
2055 378 2097 410 Et
2119 380 2172 411 ad-

1211 420 1336 451 movebit
1357 430 1483 451 manuni
1505 429 1594 451 suam
1623 429 1718 457 super
1745 422 1836 458 eaput
1862 420 2043 452 holocausti:
2071 424 2097 452 et
2124 432 2172 454 ac-

1212 465 1329 501 ceptum
1349 463 1408 493 erit
1424 472 1484 502 pro
1506 462 1574 501 ipso
1597 462 1638 492 ad
1660 471 1728 493 euni
1746 462 1942 501 expiandum.
1972 463 2000 494 5.
2022 463 2173 496 Mactabit

1213 507 1312 536 autern
1334 506 1492 536 iuvencum
1514 505 1548 535 in
1570 507 1725 543 conspeetu
1749 504 1883 542 Ieliovae,
1913 508 1939 536 et
1968 506 2090 545 offerent
2108 507 2171 546 filii

1214 546 1342 578 Aliaron
1372 547 1539 578 sacerdotes
1565 547 1759 587 sanquinem,
1790 557 1825 578 ac
1854 551 1997 587 sparqent
2019 549 2106 579 illuni
2138 550 2171 580 iu

1213 590 1343 620 circuitu
1365 600 1458 629 super
1486 589 1583 620 altare
1604 589 1683 628 quod
1705 591 1763 620 erit
1784 589 1825 620 ad
1848 590 1961 620 ostium
1983 590 2172 623 tabernaculi

1214 632 1424 663 conventionis.
1455 632 1482 662 6.
1504 631 1546 662 Et
1563 632 1727 662 eaecoriabit
1744 632 1960 669 holocaustum,
1984 634 2172 673 concidetque

1214 674 1247 704 in
1268 675 1370 713 frusta
1392 685 1459 705 sua.
1506 674 1532 704 7.
1560 674 1733 713 Ponentque
1758 674 1820 713 filii
1849 674 1977 706 Aliaron
2006 677 2173 708 sacerdotis

1213 717 1313 756 iqnem
1342 727 1436 755 super
1464 717 1573 754 altare,
1607 720 1634 747 et
1655 717 1814 756 disponent
1836 717 1920 757 liqna
1942 727 2034 757 super
2062 719 2169 758 iqnenz.

1215 759 1243 790 8.
1269 758 1343 790 Post
1363 759 1434 790 haec
1455 760 1615 798 disponent
1634 759 1697 798 filii
1719 759 1849 790 Aharon
1873 760 2040 791 sacerdotes
2058 761 2171 800 frusta,

1214 804 1319 840 caput,
1343 804 1368 832 et
1391 802 1527 840 adipem,
1555 812 1648 841 super
1669 802 1753 841 liqna
1775 803 2013 842 superimposita
2036 803 2101 843 iqui
2119 804 2172 843 qui

1216 846 1258 874 est
1281 854 1372 882 super
1401 844 1505 875 altare.
1552 844 1579 875 9.
1611 844 1762 875 Intestina
1790 847 1890 876 autern
1920 845 1985 875 eius
2019 847 2045 876 et
2077 856 2172 877 crura

1215 885 1329 917 lavabit
1351 897 1441 924 aqua,
1465 889 1491 917 et
1513 886 1640 918 adolebit
1661 887 1800 918 sacerdos
1822 887 1924 918 omnia
1946 897 2039 926 super
2061 888 2172 920 altare:

1214 928 1421 960 holocaustum
1444 932 1495 965 est,
1525 929 1632 960 oblatio
1655 930 1752 969 iquita
1775 930 1876 960 odoris
1898 931 2009 968 quietis
2032 930 2169 962 Ieliovae.

1216 972 1264 1002 10.
1292 971 1377 1010 Quod
1399 972 1427 1001 si
1449 972 1485 1002 de
1501 971 1671 1010 pecudibus
1691 972 1789 1011 fuerit
1810 972 1919 1003 oblatio
1942 973 2022 1010 eius,
2051 974 2088 1004 de
2111 974 2171 1004 ovi-

1214 1014 1277 1048 bus,
1305 1014 1348 1044 vel
1370 1014 1406 1044 dc
1427 1015 1532 1052 capris
1553 1015 1585 1045 *in
1608 1014 1826 1053 holocaustum,
1857 1015 2029 1046 masculum
2061 1016 2170 1046 imma-

1213 1057 1348 1087 culatum
1370 1057 1471 1095 offeret
1492 1067 1577 1087 euin:
1622 1057 1669 1088 11.
1694 1057 1898 1096 Mactabitque
1921 1057 2001 1088 illud
2024 1058 2065 1089 ad
2087 1058 2171 1089 latus

1213 1099 1325 1130 altaris
1346 1099 1387 1129 ad
1409 1098 1580 1138 aquilonem
1602 1100 1636 1130 in
1657 1103 1811 1139 conspectu
1835 1100 1978 1131 Ieliovae:
2011 1103 2170 1140 sparqent-

1213 1152 1270 1181 que
1290 1142 1352 1180 filii
1375 1141 1507 1172 Alcaron
1529 1143 1696 1173 sacerdotes
1716 1143 1898 1182 sanquinem
1921 1143 1988 1173 eius
2010 1152 2102 1182 super
2126 1143 2171 1175 al-

1212 1188 1277 1215 tare
1299 1185 1330 1214 in
1354 1184 1493 1214 circuitu.
1541 1185 1588 1215 12.
1613 1184 1656 1216 Et
1677 1186 1808 1216 concidet
1829 1195 1896 1215 eum
1919 1186 1953 1216 in
1973 1185 2078 1225 frusta
2102 1195 2170 1223 sua,

1213 1229 1238 1258 ct
1256 1229 1347 1266 caput
1363 1227 1438 1262 eius,
1462 1229 1487 1256 ct
1506 1227 1626 1266 adipem
1646 1228 1725 1258 eius:
1747 1227 1957 1267 ordinabitque
1976 1238 2011 1258 ea
2029 1228 2171 1259 sacerdos

1213 1280 1306 1308 super
1338 1269 1423 1309 liqna
1456 1270 1647 1309 superposita
1680 1271 1746 1310 iqni
1778 1271 1830 1309 qui
1863 1273 1905 1300 est
1938 1280 2031 1310 super
2062 1271 2168 1302 altare.

1217 1312 1263 1343 13.
1287 1311 1329 1342 Et
1352 1312 1497 1342 intestina
1526 1315 1552 1343 et
1574 1323 1666 1343 crura
1688 1312 1803 1343 lavabit
1823 1323 1915 1351 aqua,
1943 1313 2100 1352 offeretque
2122 1324 2171 1344 sa-

1212 1355 1316 1386 cerdos
1345 1355 1456 1391 omnia,
1486 1354 1670 1394 adolebitque
1697 1365 1789 1394 super
1817 1355 1931 1386 altare:
1963 1355 2170 1386 holocaustum

1213 1400 1264 1435 est,
1288 1397 1395 1428 oblatio
1417 1397 1515 1437 iqnita
1536 1398 1638 1428 odoris
1659 1398 1770 1437 quietis
1792 1397 1929 1428 Ielzovae.
1982 1398 2030 1428 14.
2057 1397 2092 1428 Si
2115 1409 2170 1429 au-

1214 1443 1271 1471 tem
1294 1440 1330 1471 de
1352 1439 1461 1470 avibus
1481 1440 1578 1479 fuerit
1599 1440 1812 1478 holocaustum,
1835 1440 1942 1471 oblatio
1964 1440 2066 1479 ipsius
2085 1440 2171 1472 Ielzo-

1214 1494 1281 1519 vae,
1317 1486 1381 1512 tuni
1410 1483 1509 1521 offeret
1538 1483 1574 1513 de
1596 1483 1766 1514 turturibus
1788 1486 1842 1514 aut
1863 1483 1900 1514 de
1921 1482 2069 1515 columbis
2090 1483 2170 1514 obla-

1212 1527 1323 1557 tionem
1351 1535 1449 1556 suain.
1504 1526 1551 1556 15.
1583 1525 1625 1555 Et
1657 1526 1758 1565 offeret
1789 1525 1876 1556 illam
1907 1525 2049 1557 sacerdos
2076 1536 2170 1565 super

1213 1569 1319 1604 altare,
1343 1570 1368 1598 et
1391 1578 1490 1607 unque
1508 1568 1618 1599 secabit
1639 1571 1729 1607 caput
1750 1569 1866 1607 ipsius:
1888 1571 1914 1599 et
1931 1567 2060 1600 adolebit
2076 1579 2170 1607 super

1211 1611 1318 1648 altare,
1341 1610 1585 1650 c.1qn·imeturque
1606 1611 1735 1651 sanquis
1757 1611 1822 1641 eius
1843 1621 1935 1650 super
1955 1611 2104 1650 parietem
2127 1611 2171 1641 al-

1211 1654 1298 1684 taris.
1346 1654 1393 1683 16.
1423 1652 1464 1683 Et
1492 1653 1651 1684 removebit
1678 1653 1839 1684 vesiculam
1867 1654 1947 1685 eius
1966 1663 2035 1685 cum
2058 1653 2170 1693 pluma

1211 1696 1329 1735 ipsius:
1356 1696 1558 1735 proiicictque
1591 1696 1678 1727 illam
1700 1706 1797 1735 prope
1825 1696 1921 1727 altare
1954 1696 1995 1727 ad
2025 1697 2170 1727 orientem

1211 1739 1252 1770 ad
1274 1739 1371 1770 locum
1393 1739 1514 1769 cincriS.
1562 1739 1609 1769 17.
1635 1738 1677 1769 Et
1697 1739 1791 1778 findet
1813 1739 1901 1770 illam
1924 1749 1991 1769 cuni
2014 1738 2074 1769 alis
2093 1739 2170 1777 suis,

1210 1792 1305 1821 neque
1326 1781 1456 1819 dividet,
1488 1781 1674 1820 adolebitque
1694 1791 1760 1813 earn
1782 1781 1922 1812 sacerdos
1945 1791 2037 1820 super
2063 1781 2169 1819 altare,

1209 1834 1303 1864 super
1325 1824 1409 1864 liqna
1432 1834 1509 1863 quae
1529 1824 1646 1863 fuerint
1668 1835 1761 1863 super
1783 1825 1864 1864 iqne:
1893 1823 2100 1855 holocaustum
2128 1826 2170 1854 cst

1210 1867 1319 1898 oblatio
1342 1867 1440 1907 iqnita
1463 1867 1566 1898 odoris
1587 1867 1697 1906 quictis
1720 1866 1855 1898 Ielioiac.

1297 1953 1323 1982 1.
1357 1951 1479 1983 Vocavit
1501 1955 1601 1982 autem
1625 1951 1740 1983 Mosen.
1784 1952 1846 1982 His
1869 1955 1989 1991 septem
2014 1951 2170 1990 capitibus

1211 1995 1408 2036 generaliter
1433 1994 1471 2025 de
1494 1995 1658 2025 sacrificiis
1681 1994 1816 2025 disseret
1839 1994 1954 2025 Moses.
2007 1993 2170 2032 Quoniam

1211 2043 1318 2069 autem
1343 2037 1444 2067 multa
1470 2037 1520 2068 hic
1546 2037 1700 2077 leguntur
1729 2047 1862 2076 quorum
1893 2047 1971 2067 usus
1995 2036 2169 2076 praeteriit,

1213 2081 1276 2112 alia
1310 2090 1445 2120 quorum
1480 2091 1531 2110 me
1564 2080 1643 2110 latet
1676 2080 1771 2116 ratio,
1812 2080 1963 2119 profiteor
1996 2089 2046 2109 me
2080 2078 2170 2109 brevi

1212 2133 1338 2154 summa
1365 2127 1552 2154 contentum
1584 2122 1663 2152 fore:
1698 2132 1738 2152 ex
1767 2132 1828 2161 qua
1858 2126 1964 2152 tamen
1993 2121 2091 2162 probe
2120 2121 2169 2151 in-

1213 2166 1363 2206 telligant
1386 2166 1520 2196 lectores
1543 2164 1694 2204 quidquid
1720 2164 1757 2195 dc
1776 2163 1930 2204 legalibus
1949 2164 2061 2205 figuris
2080 2163 2171 2194 nobis

1213 2209 1359 2240 relictum
1375 2213 1432 2244 est,
1452 2207 1545 2238 hodie
1564 2218 1687 2247 quoque
1706 2217 1775 2237 esse
1794 2206 1880 2244 utile,
1899 2206 1993 2237 modo
2013 2217 2052 2237 ne
2071 2207 2171 2237 simus

1213 2252 1348 2283 nimium
1373 2250 1499 2282 curiosi.
1537 2249 1601 2289 Qui
1625 2250 1774 2281 subtilius
1798 2249 1957 2289 allegoriis
1979 2249 2091 2280 ludere
2115 2259 2170 2280 vo»

1213 2295 1292 2331 lunt,
1328 2295 1468 2324 referant
1501 2304 1576 2324 sane
1606 2303 1699 2332 quam
1733 2296 1888 2332 appetunt
1918 2291 2060 2323 laudem:
2091 2291 2171 2322 mihi

1213 2338 1288 2378 quia
1325 2335 1406 2367 nihil
1444 2335 1531 2366 aliud
1565 2335 1760 2375 propositum
1795 2339 1843 2365 est
1872 2345 1967 2374 quam
1997 2334 2172 2365 lectoribus

1214 2379 1381 2420 prodesse,
1405 2388 1485 2418 quae
1508 2378 1638 2418 cognitu
1658 2377 1748 2407 utilia
1767 2376 1899 2415 duxero,
1923 2377 2065 2408 breviter
2086 2376 2172 2408 colli-

1213 2432 1288 2464 gere
1311 2422 1456 2453 sufficiet.
1503 2420 1602 2451 Porro
1626 2420 1686 2451 hoc
1707 2419 1811 2459 capite
1834 2420 1893 2450 etsi
1918 2419 1955 2450 de
1978 2419 2172 2450 holocaustis

1213 2470 1339 2496 tantum
1361 2464 1536 2500 disseritur,
1560 2473 1640 2503 quac
1663 2467 1770 2493 tamen
1795 2462 1833 2493 de
1855 2462 1919 2494 illis
1942 2462 2172 2502 praescribitur

1213 2507 1325 2548 regula
1353 2507 1447 2537 latius
1477 2509 1579 2545 patet:
1613 2504 1740 2544 quaudo
1773 2505 1901 2544 quidem
1938 2505 2030 2536 docet
2063 2505 2171 2535 Moses

1211 2560 1369 2591 quaenam
1393 2548 1545 2579 animalia
1579 2547 1639 2578 sibi
1662 2547 1769 2578 offerri
1794 2547 1871 2579 velit
1894 2547 1984 2578 Deus
2014 2551 2051 2578 ut
2080 2551 2173 2587 grata

1211 2593 1336 2629 habeat,
1361 2591 1476 2622 deinde
1499 2601 1556 2630 per
1578 2600 1672 2629 quem
1691 2590 1854 2621 offerenda
1872 2591 1946 2628 sint,
1966 2595 1998 2620 et
2017 2600 2078 2629 quo
2097 2589 2170 2620 ritu.

1211 2636 1291 2666 Tres
1315 2640 1420 2665 autem
1445 2633 1564 2673 species
1595 2638 1771 2670 enumerat,
1796 2643 1835 2664 ex
1865 2633 2030 2671 armentis,
2055 2643 2093 2663 ex
2118 2642 2172 2672 pc-
