2304 3034
196 186 258 219 303

190 280 371 322 parandum
395 288 426 308 se
449 277 596 307 Ieleovae:
635 276 665 306 3.
690 275 719 306 A
743 275 814 306 vino
837 276 863 305 et
884 274 983 305 sicera
1005 274 1161 313 separabit

197 336 236 358 se,
249 326 363 355 acetum
376 321 449 355 vini,
468 322 494 350 ct
513 321 627 349 acetum
639 319 753 349 sicerae
773 327 833 348 non
852 317 937 352 bibet,
958 327 1052 356 neque
1063 317 1162 348 ullum

197 368 343 406 liquorem
353 373 482 394 ararum
491 361 574 398 bibet,
584 371 721 392 neeuvas
733 363 865 392 recentes
876 362 904 390 et
915 360 1014 391 siccas
1025 361 1161 392 comedet.

198 411 226 440 4,
254 406 401 438 (minibus
423 404 530 436 diebus
551 403 759 443 separationis
781 413 870 439 suae,
904 412 941 433 ex
971 403 1054 433 omni
1083 405 1162 442 queit

197 451 351 489 conficitur
378 458 415 478 es
437 448 496 478 vite
518 447 667 486 vinifera,
697 446 734 477 ab
761 446 861 476 acinis
896 455 989 484 usque
1011 446 1052 476 acl
1073 447 1162 477 corti-

197 504 266 531 cem,
291 501 348 522 non
370 491 506 522 comedet.
551 490 580 521 5.
609 489 758 521 Omnibus
779 488 887 520 diebus
909 488 968 519 voti
989 489 1161 528 separatio-

197 537 248 567 nis
280 545 356 565 suae
390 533 537 564 novacula
570 543 630 563 non
663 531 808 562 transibit
840 541 933 571 super
964 533 1056 569 caput
1086 532 1162 569 eius,

198 581 287 610 (lance
310 577 427 616 impleti
445 576 563 614 fuerint
581 576 647 606 (lies
669 574 780 614 quibus
801 574 959 612 separabit
981 584 1012 604 sc
1024 573 1162 610 Ieliovae,

197 623 321 652 sanetus
353 620 426 655 erit,
471 628 601 649 erescere
634 618 713 648 sinet
745 617 914 648 caesariem
952 617 1064 655 capitis
1102 617 1162 648 sui.

199 665 227 695 6.
255 662 402 695 Omnibus
431 661 538 692 (liebus
565 660 678 700 quibus
705 660 862 699 separabit
890 670 922 690 se
946 659 1091 697 Ieliovae,
1122 660 1163 691 ad

199 708 339 739 animam
361 705 474 735 mortui
496 715 556 735 non
578 704 776 743 inyreclietar.
823 703 851 733 7.
879 702 978 741 Super
996 705 1086 741 patre
1107 712 1163 734 suo

199 752 253 781 aut
274 759 367 787 super
388 750 485 778 matre
505 757 578 783 sua,
608 757 702 785 super
722 746 821 785 fratre
850 756 905 776 suo
928 748 982 775 aut
1003 755 1097 784 super
1118 755 1165 776 so-

199 803 267 824 rore
289 802 358 828 sua,
381 801 438 820 non
457 790 574 829 polluet
595 800 660 820 sese
684 789 748 820 illis
770 799 865 828 quum
887 789 1003 818 mortui
1034 788 1167 827 fuerint:

199 837 275 875 quia
299 834 479 866 consecratio
494 832 556 865 Dei
574 833 625 863 sui
643 835 686 863 est
707 842 801 871 super
821 833 913 870 eaput
935 831 1011 861 eius.
1042 831 1071 862 8.
1094 830 1166 862 Om-

200 878 291 909 nibus
313 877 419 907 diebus
447 876 656 914 separationis
684 885 759 905 suae
785 877 911 906 sanetus
941 874 1000 904 erit
1029 873 1165 905 Ielzoeae.

200 922 229 953 9.
255 920 290 951 Si
308 922 408 950 autem
431 922 572 949 mortuus
591 918 685 957 faerit
704 921 842 948 mortuus
864 918 955 947 iaxta
974 927 1041 947 eum
1063 917 1168 948 statim

201 974 279 1000 mox,
303 966 329 994 et
348 962 495 1002 polluerit
516 963 607 1000 caput
629 961 837 999 separationis
859 960 942 990 cius:
970 960 1056 991 radet
1078 962 1169 998 caput

200 1017 292 1038 smmi
314 1006 365 1036 die
381 1004 614 1044 purificationis
636 1013 719 1041 suae,
750 1003 800 1034 (lie
822 1003 950 1042 septimo
973 1002 1058 1034 radet
1079 1002 1168 1033 illud.

203 1051 250 1081 10.
276 1048 338 1079 Die
360 1051 460 1079 autem
483 1050 585 1078 oetaeo
609 1047 716 1086 afferet
735 1047 812 1077 daos
842 1048 992 1081 turtures,
1024 1045 1070 1076 vel
1092 1045 1169 1076 duos

195 1093 302 1132 pullos
323 1090 477 1122 columbae
499 1090 541 1121 acl
563 1090 756 1125 sacerdotem,
786 1089 828 1120 acl
850 1089 961 1119 ostium
982 1087 1170 1119 tabernaculi

200 1135 415 1167 conventionis.
469 1135 516 1164 11.
549 1132 591 1163 Et
619 1132 713 1172 faciet
735 1132 876 1163 sacerdos
899 1141 998 1162 unum
1015 1141 1076 1171 pro
1100 1140 1170 1170 pec-

200 1181 273 1213 cate,
297 1180 324 1208 et
348 1178 480 1208 alterum
504 1177 535 1206 in
560 1175 783 1207 holocaustum:
808 1175 1003 1214 erpiabitque
1025 1173 1113 1204 illum
1135 1173 1171 1204 de

201 1232 232 1252 eo
255 1221 333 1259 quod
351 1220 489 1260 peccavit
511 1229 605 1258 snper
627 1219 784 1253 cadavere,
808 1220 835 1248 et
857 1217 1059 1256 sanctificabit
1081 1218 1171 1255 caput

201 1265 268 1296 eius
285 1264 335 1295 die
358 1263 422 1293 illa.
450 1263 498 1293 112.
522 1261 566 1293 Et
588 1261 744 1300 separabit
764 1260 893 1291 Ieliovae
916 1260 982 1291 (lies
1003 1259 1172 1298 separatio-

200 1308 252 1338 nis
272 1316 356 1343 suae,
379 1306 543 1344 asseretque
564 1314 677 1344 aynnm
707 1303 887 1334 anniculum
911 1313 972 1343 pro
997 1303 1119 1334 delicto:
1147 1304 1173 1332 et

201 1351 268 1381 olies
285 1350 411 1388 priores
434 1350 523 1379 erant
541 1348 636 1383 irriti,
660 1347 805 1386 quoniam
823 1346 943 1386 pollata
964 1346 1026 1385 fuit
1045 1355 1171 1385 separa·

201 1394 242 1423 tio
262 1393 338 1423 eius.
386 1392 434 1422 13.
459 1391 546 1422 Haec
567 1394 669 1421 autem
699 1393 742 1420 est
765 1390 813 1419 let·
836 1389 1010 1425 Nazaraei,
1040 1388 1089 1419 die
1115 1398 1172 1427 qao

202 1435 339 1474 completi
360 1435 479 1474 fuerint
501 1434 567 1465 dies
590 1433 798 1473 separationis
818 1433 893 1470 eius,
926 1432 1055 1471 conferet
1077 1441 1109 1462 se
1131 1431 1171 1461 ad

203 1480 314 1509 ostiam
338 1477 526 1508 tabernaculi
549 1476 764 1507 conventionis.
811 1476 860 1506 14.
895 1475 1062 1514 Offeretque
1091 1473 1171 1505 obla-

202 1523 314 1552 tionem
343 1531 433 1551 suam
464 1520 611 1556 Ieliovae,
646 1529 761 1559 aynum
795 1518 976 1550 anniculum
1004 1517 1171 1557 perfeetum

202 1574 298 1595 uuum
322 1564 356 1593 in
379 1563 595 1599 holocaustam,
618 1565 644 1593 et
666 1572 780 1601 aynam
802 1572 898 1592 unam
912 1560 1088 1591 anniculam
1102 1570 1172 1598 per-

202 1608 312 1647 fectam
347 1607 379 1637 in
414 1606 604 1644 sacrificinm
632 1616 693 1644 pro
710 1607 841 1644 peceato,
875 1607 901 1635 et
927 1604 1053 1634 arietem
1075 1612 1172 1634 unum

198 1650 367 1689 perfeetum
395 1649 429 1679 in
461 1649 592 1680 bostiam
617 1649 869 1688 prosperitatum.
923 1647 971 1678 15.
995 1646 1172 1678 Canistrum

197 1696 360 1732 praeterea
384 1703 502 1731 panum
528 1692 822 1730 infermentatoriun,
856 1690 995 1721 similam
1013 1689 1172 1728 placenta-

202 1746 272 1767 rum
295 1745 530 1774 eonspersarnm
552 1735 623 1771 oleo,
658 1737 684 1764 ct
707 1734 820 1769 laeana
843 1734 1059 1773 infermentata
1082 1733 1173 1762 uncta

203 1779 274 1815 oleo,
298 1781 324 1808 et
346 1778 484 1809 minitant
506 1788 624 1813 corum,
660 1780 686 1807 et
716 1777 866 1807 libamina
897 1786 1012 1806 noram.

204 1823 306 1861 offeret
330 1822 383 1851 illa
402 1821 543 1852 sacerdos
561 1830 666 1851 coram
679 1820 803 1854 Ielzora,
822 1820 971 1859 facietque
983 1818 1173 1857 sacrificium

199 1875 260 1904 pro
277 1867 401 1904 peccato
424 1864 519 1901 illius,
542 1866 569 1894 et
591 1863 802 1894 holocaustum
828 1863 923 1894 illius
962 1862 1010 1892 17.
1035 1861 1173 1891 Arietem

204 1918 321 1947 quoque
342 1908 435 1946 faciet
456 1906 647 1945 sacrificinm
665 1907 911 1945 prosperitatum
935 1904 1075 1938 lammae,
1109 1913 1173 1933 una

204 1960 272 1981 cum
306 1951 440 1981 canistro
475 1950 776 1987 iuf'ermentatorum:
804 1949 898 1988 f'aeiet
931 1949 1002 1979 item
1034 1946 1174 1978 sacerdos

205 1993 344 2024 minleam
367 1994 449 2029 eius,
481 1995 506 2023 et
528 1992 658 2023 libamen
681 1993 758 2023 eius.
806 1993 854 2023 18.
882 1991 962 2022 Tum
989 1990 1076 2021 radet
1107 1988 1144 2019 N
1162 2005 1174 2009 -

205 2046 339 2067 earaeus
363 2037 403 2067 ad
425 2036 537 2066 ostium
567 2035 756 2066 tabernaculi
785 2034 992 2066 conventionis
1021 2034 1111 2071 eaput
1132 2041 1175 2061 se-

202 2079 382 2118 parationis
404 2089 493 2115 suae,
523 2079 679 2117 eripietque
708 2079 877 2109 caesariem
907 2076 1019 2116 capitis
1047 2084 1173 2121 separa-

206 2122 298 2153 tionis
321 2132 405 2157 suae,
429 2124 454 2151 et
471 2124 564 2160 ponet
587 2131 680 2160 saper
703 2122 803 2160 ifflzem
826 2121 880 2160 qui
899 2122 942 2150 cst
960 2119 1060 2149 subter
1078 2127 1174 2148 sacri-

205 2166 308 2204 ficium
330 2165 579 2203 prosperitatum.
634 2164 683 2195 19.
716 2163 824 2202 Capiet
851 2165 1012 2203 praeterea
1034 2160 1176 2191 sacerdos

208 2218 332 2239 armum
355 2211 465 2238 coetum
485 2207 521 2237 (le
543 2207 638 2237 ariete
660 2207 722 2244 illo,
745 2210 771 2237 et
786 2207 961 2245 placentam
983 2204 1173 2242 infermenta·

208 2254 271 2281 tam
306 2261 399 2281 anam
441 2261 456 2281 e
493 2251 647 2287 canistro,
688 2252 714 2280 et
746 2250 895 2290 bassanum
928 2248 1176 2287 infermentatum

209 2304 316 2329 ‘aii-um,
339 2296 365 2323 et
379 2296 471 2331 ponet
487 2303 580 2331 super
598 2302 710 2323 manus
730 2292 900 2327 Naearaei,
917 2293 1079 2330 postquam
1100 2298 1175 2319 rasa

209 2336 303 2375 fuerit
337 2337 491 2375 scparatio
525 2336 600 2366 eius.
657 2336 707 2366 20.
740 2335 782 2366 Et
810 2334 934 2365 elei-abit
967 2343 1001 2363 ea
1035 2331 1176 2363 sacerdos

211 2379 374 2410 elei-«atione
396 2389 498 2409 coram
518 2378 648 2409 Ieleona:
678 2379 828 2409 sanctitas
850 2380 894 2408 est
921 2375 1070 2408 sacerdoti
1092 2375 1176 2405 ultra

206 2421 416 2461 pectusculum
439 2422 631 2458 eli-rationis,
662 2424 688 2451 et
710 2421 795 2452 ultra
823 2429 946 2451 armum
974 2417 1176 2453 eaaltationis,

212 2468 236 2495 et
255 2468 363 2503 postea
385 2464 465 2495 bibat
490 2465 678 2495 Naxaraeus
700 2466 815 2495 vinum.
861 2464 911 2494 21.
939 2461 1024 2492 Haec
1056 2462 1097 2491 est
1127 2459 1176 2489 lea:

215 2508 375 2537 Nazaraei
398 2508 451 2546 qui
476 2508 602 2542 roserit,
633 2510 659 2537 et
692 2507 853 2538 oblationis
875 2506 942 2536 eius
965 2503 1092 2534 Ieliovae
1116 2512 1177 2550 pro

212 2551 404 2589 separatione
427 2561 494 2586 sua,
512 2553 638 2589 praeter
660 2551 694 2580 id
715 2550 798 2589 qnod
819 2550 943 2588 attin-aet
964 2556 1076 2577 manus
1094 2553 1176 2576 eius:

212 2593 377 2623 sectantum
401 2596 498 2623 votam
522 2604 613 2623 suam
636 2593 716 2632 quod
739 2593 867 2630 voverit,
897 2592 942 2622 sic
962 2589 1055 2629 faciet
1076 2599 1179 2620 secun-

214 2635 287 2665 dum
309 2635 400 2675 leuem
423 2636 631 2675 separationis
652 2646 735 2667 suae.

924 180 1112 213 PRIMUM
1135 181 1452 214 PRAECEPTUM.

1060 1775 1106 1806 16.
1131 1773 1174 1804 Et
1197 1794 1199 1804 1

2116 179 2180 211 304

2025 275 2180 306 Proxime

1215 318 1304 349 Deus
1328 327 1461 348 censum
1484 316 1603 346 indixit
1625 316 1661 346 in
1681 316 1810 356 singula
1832 317 1947 356 capita,
1971 328 2032 357 quo
2055 318 2182 349 Israeli-

1213 366 1266 391 tae
1285 364 1497 400 agnoscerent
1512 369 1546 390 se
1569 369 1638 389 esse
1662 359 1729 390 eius
1748 358 1889 390 libertos.
1914 359 2029 399 Itaque
2052 372 2090 392 ea
2108 371 2181 401 pro-

1213 403 1354 434 fessione
1378 412 1490 432 omnes
1514 412 1532 432 a
1555 401 1689 431 minimo
1721 412 1822 441 usque
1854 401 1893 432 ad
1917 403 2096 434 maximum
2120 404 2181 435 sibi

1215 446 1406 477 obstrinxit:
1443 455 1528 474 nunc
1563 443 1602 474 de
1637 444 1775 475 arctiore
1809 444 2016 485 obligationis
2051 447 2181 477 vinculo

1215 489 1394 519 disseritur.
1434 486 1469 519 Si
1493 487 1564 526 quis
1587 486 1657 517 Deo
1676 486 1715 517 ad
1741 492 1868 527 tempus
1891 494 2006 528 sponte
2029 499 2063 519 se
2085 499 2182 520 vove-

1215 531 1284 567 bat,
1309 542 1362 561 eos
1387 534 1546 561 vocarunt
1569 529 1765 560 Nazaraeos:
1802 530 1886 570 quod
1910 530 2104 562 tantundem
2127 542 2182 563 va-

1215 575 1259 604 let
1281 579 1376 613 atque
1401 579 1577 613 separatos,
1604 572 1651 602 vel
1672 573 1816 609 eximios,
1842 573 1917 613 quia
1937 574 2039 604 maior
2062 574 2184 605 eratin

1216 617 1279 647 illis
1300 617 1440 656 dignitas
1459 620 1490 646 et
1509 615 1708 655 praestantia
1732 626 1828 655 quam
1853 617 1884 646 in
1898 617 2062 648 communi
2081 617 2183 657 plebe.

1216 661 1321 691 Erant
1344 659 1430 690 enim
1455 664 1610 698 tauquam
1633 658 1786 689 ecclesiae
1809 665 2015 697 ornamenta,
2046 664 2078 690 et
2099 660 2186 692 Deus

1217 703 1345 733 volebat
1368 702 1401 732 in
1425 701 1489 732 iliis
1513 700 1651 741 speciale
1675 701 1796 737 gloriae
1826 711 1903 732 suae
1933 702 2029 734 decus
2052 702 2185 743 fulgere.

1219 746 1305 776 Dum
1335 745 1443 784 itaque
1473 755 1545 775 cum
1570 744 1726 775 Israelitis
1756 745 1942 783 expostulat
1972 747 2070 776 Amos
2102 744 2188 784 quod

1218 788 1391 828 prophetas
1415 798 1433 818 a
1456 786 1590 817 docendi
1615 797 1748 818 munere
1773 787 2002 826 prohibuerint,
2027 794 2061 819 et
2081 788 2187 819 Naza-

1218 841 1309 861 raeos
1343 830 1546 870 corruperint
1575 834 1651 869 potu
1684 830 1762 868 vini,
1793 830 2011 870 amplificandi
2043 831 2188 862 criminis

1220 883 1316 905 eausa
1335 873 1414 903 dicit
1433 873 1590 912 singulari
1604 871 1677 903 dote
1691 873 1790 904 fuisse
1803 878 1932 904 ornatos
1946 872 2061 915 (Amos
2073 874 2102 910 2,
2118 873 2187 915 11):

1220 927 1320 956 quum
1346 916 1435 946 Deus
1458 927 1498 946 ex
1523 925 1634 947 eorum
1659 916 1734 947 filiis
1752 915 1936 947 Nazaraeos
1960 921 1992 947 et
2015 917 2189 957 prophetas

1220 965 1369 991 creasset.
1406 959 1447 989 Et
1461 959 1614 989 Ieremias
1635 958 1688 989 ubi
1712 959 1858 998 deplorat
1881 959 2034 991 ecclesiae
2055 960 2189 997 cladem,

1222 1004 1255 1033 in
1291 1002 1349 1032 hac
1384 1001 1590 1032 deformitate
1623 1002 1760 1039 insistit,
1795 1001 1879 1042 quod
1914 1013 1977 1033 non
2013 1007 2192 1042 appareant

1222 1045 1387 1081 Nazaraei,
1402 1051 1437 1074 ut
1456 1044 1542 1080 olim,
1557 1044 1685 1075 candidi
1699 1044 1804 1075 instar
1817 1045 1910 1081 nivis,
1928 1050 1986 1076 etc.
2001 1044 2092 1086 (Thr.
2105 1045 2135 1081 4,
2149 1044 2191 1087 7).

1223 1089 1289 1119 Nec
1324 1087 1456 1118 dubium
1491 1093 1539 1118 est
1572 1087 1650 1126 quin
1684 1087 1781 1119 Iacob
1814 1087 1916 1118 filium
1947 1088 2063 1128 loseph
2098 1088 2193 1119 titulo

1224 1131 1377 1161 Nazaraei
1398 1130 1483 1160 inter
1502 1131 1617 1161 fratres
1637 1140 1713 1161 suos
1733 1131 1913 1169 insigniens
1933 1130 2029 1172 (Gen.
2053 1131 2104 1168 49,
2128 1130 2192 1173 26),

1224 1174 1340 1213 spiritu
1364 1173 1550 1212 prophetico
1574 1173 1613 1203 ad
1639 1173 1774 1213 gradum
1801 1174 1931 1205 honoris
1950 1174 2107 1211 alluserit,
2132 1184 2193 1214 quo

1225 1223 1335 1257 postea
1357 1216 1416 1246 sub
1439 1216 1509 1256 lege
1533 1216 1758 1247 excelluerunt
1785 1217 1839 1257 qui
1863 1227 1897 1248 se
1921 1217 1990 1248 Deo
2020 1227 2192 1257 separave-

1226 1265 1314 1295 rant,
1342 1259 1431 1298 quasi
1456 1258 1607 1290 ecelesiae
1632 1259 1763 1291 lumina.
1809 1260 1881 1290 Etsi
1910 1270 1987 1300 ergo
2017 1260 2056 1290 ad
2087 1264 2193 1290 totum

1225 1302 1378 1342 populum
1405 1312 1468 1332 non
1493 1303 1651 1340 pertinuit
1674 1302 1753 1334 haec
1777 1303 1905 1342 religio,
1935 1302 2052 1333 merito
2082 1307 2194 1333 tamen

1225 1347 1309 1376 inter
1334 1345 1463 1384 pietatis
1482 1345 1638 1376 exercitia
1655 1345 1781 1376 censeri
1805 1345 1910 1377 debet:
1942 1345 2018 1384 quia
2036 1345 2193 1376 Nazaraei

1225 1395 1378 1427 tanquam
1403 1388 1608 1428 antesignani
1632 1394 1726 1419 erant
1748 1387 1788 1419 ad
1812 1389 1897 1420 viam
1917 1388 1989 1419 aliis
2009 1394 2193 1419 monstran-

1226 1431 1309 1461 dam.
1356 1431 1427 1461 Etsi
1457 1437 1564 1462 autem
1597 1441 1663 1461 non
1692 1441 1802 1462 omnes
1832 1431 2006 1462 trahebant
2034 1430 2074 1461 ad
2098 1441 2193 1462 suum

1225 1473 1427 1513 exemplum,
1463 1474 1523 1504 zeli
1557 1480 1665 1505 tamen
1696 1475 1839 1514 ipsorum
1875 1473 1970 1504 ardor
1998 1474 2132 1504 rudibus
2163 1478 2195 1504 et

1225 1516 1363 1547 infirmis
1393 1526 1454 1546 non
1484 1527 1601 1556 parum
1632 1517 1800 1557 proderat,
1832 1522 1868 1548 ut
1898 1517 2032 1557 quisque
2056 1527 2113 1556 pro
2137 1527 2194 1547 suo

1226 1559 1356 1589 modulo
1397 1559 1596 1590 incitaretur.
1654 1560 1755 1590 Porro
1796 1561 1871 1600 quia.
1911 1560 2041 1591 fictitios
2082 1568 2195 1591 omnes

1225 1603 1330 1633 cultus
1354 1602 1557 1633 abominatur
1570 1603 1668 1640 Deus,
1694 1604 1858 1634 licentiam
1883 1603 1966 1634 hanc
1990 1602 2194 1642 compescuit,

1225 1646 1345 1676 claram
1369 1651 1402 1675 ct
1424 1652 1543 1676 certam
1568 1646 1671 1686 legem
1697 1646 1838 1677 ferendo.
1880 1646 1925 1677 Et
1947 1657 1988 1676 ex
2012 1645 2195 1676 testimonio

1225 1688 1326 1719 Amos
1350 1687 1433 1727 quod
1453 1699 1559 1728 nuper
1577 1690 1685 1725 citavi,
1710 1690 1874 1729 colligitur
1894 1700 1958 1719 non
1978 1689 2078 1719 alium
2097 1688 2195 1720 fuisse

1226 1738 1368 1762 autorem
1385 1731 1603 1762 Numi-acutus
1625 1743 1721 1771 quam
1737 1733 1842 1763 Deum
1856 1733 1973 1772 ipsum.
2003 1731 2196 1762 Tenendum

1226 1775 1326 1814 igitur
1356 1781 1404 1803 est
1428 1773 1609 1805 Nazaraeos
1640 1775 1769 1805 fulsisse
1800 1776 1831 1805 in
1861 1775 1981 1815 populo
2014 1775 2073 1805 Dei
2104 1774 2197 1814 quasi

1226 1817 1382 1857 pretiosas
1401 1827 1555 1856 geminas,
1577 1824 1608 1849 et
1628 1819 1775 1858 quamvis
1796 1819 1888 1858 pauci
1908 1828 1961 1848 eos
1980 1818 2196 1854 imitarentur,

1226 1860 1324 1890 fuisse
1349 1865 1456 1889 tamen
1481 1861 1572 1899 quasi
1597 1860 1767 1901 signiferos
1789 1867 1820 1891 et
1844 1861 1950 1897 ducos,
1975 1861 2028 1899 qui
2051 1860 2196 1891 studium

1227 1902 1351 1934 colendi
1388 1902 1449 1932 Dei
1482 1903 1516 1933 in
1552 1904 1649 1943 vulgo
1691 1904 1913 1935 accenderent.
1969 1902 2084 1934 Obiter
2120 1913 2195 1934 vero

1227 1945 1402 1976 notandum
1444 1950 1494 1976 est
1535 1945 1748 1986 Sampsouem
1790 1947 1919 1977 diverso
1959 1945 2054 1976 modo
2097 1945 2197 1977 fuisse

1227 1989 1444 2019 Nazaraeum:
1477 1988 1551 2028 qnia
1583 2000 1643 2020 non
1676 1989 1714 2019 ad
1745 1994 1871 2029 tempus
1901 1989 2060 2019 duntaxat
2083 1993 2195 2019 votum

1228 2031 1384 2070 suscepit,
1416 2030 1470 2061 sed
1504 2031 1542 2061 ab
1573 2038 1663 2063 utero
1695 2033 1915 2063 sanctificatus
1944 2031 2004 2061 fuit
2031 2031 2063 2062 in
2093 2035 2195 2062 totam

1229 2075 1338 2109 vitam,
1363 2082 1395 2103 et
1417 2080 1605 2113 segregatus
1625 2075 1665 2105 ab
1686 2075 1822 2105 aliorum
1843 2084 1993 2104 numero:
2018 2083 2080 2113 qua
2098 2074 2195 2104 etiam

1228 2118 1260 2147 in
1282 2122 1370 2156 parte
1384 2116 1507 2147 Christi
1527 2118 1588 2147 fuit
1608 2124 1712 2158 typus,
1736 2122 1769 2147 et
1787 2117 1877 2156 quasi
1898 2127 2066 2156 personam
2085 2117 2194 2157 gessit.

1230 2160 1272 2190 Et
1288 2166 1375 2190 certe
1394 2159 1547 2198 quidquid
1569 2160 1620 2191 hic
1639 2161 1781 2197 docetur,
1802 2159 1841 2190 ad
1863 2159 1993 2190 unicum
2014 2159 2196 2190 sanctitatis

1228 2204 1349 2233 fontem
1375 2202 1486 2232 referri
1511 2202 1619 2233 debet:
1645 2213 1681 2233 ac
1704 2203 1730 2233 si
1744 2202 1874 2233 Iudaeis
1888 2201 2012 2233 Christi
2034 2202 2140 2242 imago
2161 2203 2196 2233 in

1229 2245 1357 2285 speculo
1377 2250 1452 2275 ante
1471 2245 1577 2275 oculos
1597 2246 1700 2285 posita
1720 2246 1841 2276 fuisset.
1877 2245 1959 2275 Nam
1980 2255 2042 2284 quo
2062 2245 2196 2285 quisque

1229 2288 1360 2328 propius
1373 2287 1432 2318 sub
1447 2287 1516 2327 lege
1527 2288 1566 2318 ad
1581 2287 1686 2318 Deum
1700 2288 1845 2326 accessit,
1859 2288 1891 2317 in
1905 2298 1941 2318 eo
1955 2288 2057 2327 magis
2077 2289 2196 2318 enituit

1229 2330 1389 2362 Christus.
1443 2330 1572 2361 Scimus
1602 2337 1703 2361 totum
1735 2330 1838 2371 legale
1869 2330 2084 2361 sacerdotium
2115 2331 2196 2361 nihil

1229 2373 1316 2404 aliud
1338 2373 1434 2403 fuisse
1453 2383 1547 2412 quam
1569 2374 1638 2404 eius
1658 2373 1807 2413 effigiem.
1839 2373 1963 2404 Similis
1976 2374 2008 2403 in
2022 2373 2197 2405 Nazaraeis

1230 2417 1326 2453 ratio,
1358 2426 1437 2455 quos
1461 2416 1585 2455 puritas
1608 2423 1639 2447 et
1663 2416 1861 2447 abstinentia
1883 2416 2005 2456 insigni
2029 2416 2197 2457 privilegio

1229 2465 1369 2490 ornawt.

1316 2502 1344 2532 3.
1377 2502 1408 2532 A
1439 2502 1508 2532 viiio
1541 2504 1567 2532 et
1601 2502 1708 2532 sicera.
1756 2502 1903 2532 Primum
1936 2500 2127 2533 mandatum
2161 2506 2197 2533 ut

1232 2556 1294 2575 non
1319 2544 1423 2575 solum
1447 2545 1633 2575 abstineant
1656 2555 1674 2575 a
1698 2545 1787 2581 vino,
1812 2544 1867 2575 sed
1892 2555 1931 2575 ne
1953 2554 2033 2575 uvas
2057 2549 2197 2584 gustent,

1232 2588 1284 2619 vel
1315 2587 1490 2627 quidquam
1521 2588 1699 2618 vinaceum.
1744 2587 1893 2627 Simplex
1916 2587 2096 2618 observatio
2120 2593 2196 2624 erat,

1234 2631 1347 2662 vinum
1370 2635 1425 2661 aut
1447 2631 1581 2661 siceram
1605 2641 1686 2670 quac
1708 2629 1860 2666 inebriat,
1892 2641 1957 2661 non
1988 2629 2112 2661 bibere:
2141 2629 2197 2662 sed

1300 275 1328 305 2.
1362 274 1418 305 Vir
1441 276 1495 304 aut
1516 273 1629 304 mulier
1650 283 1747 312 quum
1769 274 1968 312 separaverit.
