2304 3034
136 165 176 196 45
718 159 1084 191 COMMENTARIUS
1110 159 1156 190 IN
1181 159 1327 191 EXODI
1349 161 1444 193 OAP.
1468 161 1529 192 III.
2072 166 2114 197 46

136 259 236 289 tionis
259 258 363 289 lucem
383 266 463 297 quae
481 256 585 286 fuerat
604 256 636 285 in
659 253 811 294 patribus,
831 253 968 283 multum
987 252 1097 283 obscu-

139 308 276 331 raverat.
310 299 401 330 Adde
422 298 512 339 quod,
537 297 611 328 dum
631 297 664 326 in
684 300 774 326 tanta
796 295 955 342 malorum
979 295 1095 342 abysso

138 342 259 383 pridem
286 342 431 378 demersi,
454 340 535 371 nihil
554 339 666 370 auxilii
685 343 860 371 senserant,
885 337 986 367 vlderl
1010 342 1095 385 pote-

140 390 192 415 rat
226 385 367 416 obsoleta
400 383 580 423 promissio:
621 392 682 420 qua
714 380 838 411 ratione
872 379 957 410 haud
999 379 1095 427 dubie

137 432 267 467 accepta
301 438 319 457 a
352 426 494 466 patribus
527 424 605 455 fides
638 422 816 454 refrixerat.
874 422 961 461 Ergo
995 428 1029 452 ut
1060 433 1093 452 in

137 517 169 542 et
193 518 328 543 testatur
356 511 413 541 hoc
442 510 543 549 elogio
573 508 655 539 velle
684 518 717 537 se
746 514 899 546 perpetuo
928 507 1092 537 celebrari.

136 554 248 593 Neque
270 554 353 584 enim
374 552 484 582 referri
508 551 609 590 placet
632 550 670 580 ad
694 549 773 580 illud
796 550 899 589 magis
923 555 1092 585 remotum,
1117 586 1118 590 Ἰ

138 597 220 636 quod
244 596 334 627 Deus
363 595 403 624 sit
430 594 457 624 is
488 593 539 632 qui
569 597 634 623 est:
664 602 768 631 neque
796 592 891 622 etiam
922 598 1091 622 contextus

135 639 196 669 hoc
216 639 342 677 patitur.
376 636 462 667 Hinc
481 646 556 666 vcro
575 635 681 674 colligi
701 634 809 665 debuit
832 633 1091 673 incomparabilis

135 681 197 711 Dei
216 690 303 711 amor
322 688 396 719 erga
414 678 549 709 electum
568 678 730 717 populum,
750 676 833 716 quod
847 677 972 707 cunetis
986 683 1089 706 terrae

135 722 282 763 gentibus
303 721 420 752 relictis
444 720 498 750 uni
518 730 551 751 se
567 719 736 750 addixerit.
781 718 952 750 Caeterum
979 719 1088 749 memi-

133 765 283 801 nerimus,
296 763 439 803 quamvis
453 762 603 793 Abrahae
618 767 649 793 et
661 762 861 801 patriarchis,
876 761 1086 792 honorificum

132 807 229 838 fuerit
254 807 356 837 Deum
379 805 417 836 ab
445 804 507 835 illis
536 815 709 844 cognomen
741 804 801 835 sibi
832 805 1003 841 asciscere,
1030 804 1087 835 hoc

132 854 237 880 tamen
260 848 427 888 praecipue
451 852 595 887 spectare
625 847 664 877 ad
695 847 921 877 stabiliendam
953 847 1086 885 promis-

131 892 227 923 sionis
251 890 354 921 fidem.
400 889 538 920 Videtur
568 894 675 920 tamen
708 900 770 920 non
802 900 981 929 congruere
1004 889 1086 928 quod

131 933 221 965 dicit:
244 933 313 963 Hoc
336 932 395 962 erit
419 932 600 963 memoriale
624 942 732 962 meum
755 932 904 962 omnibus
933 932 1085 962 saeculis:

129 976 203 1015 quia
225 975 376 1006 successit
403 975 435 1004 in
458 974 580 1005 Christi
610 985 747 1014 persona
776 974 961 1004 memoriale
993 974 1086 1014 longe

129 1018 351 1057 praestantius.
396 1016 597 1056 Respondeo,
624 1017 698 1056 quia
719 1017 840 1047 Christi
865 1016 1006 1047 adventu
1031 1028 1085 1047 ex·

129 1060 230 1091 hibita
250 1059 309 1090 fuit
334 1061 451 1090 veritas
475 1059 610 1090 foederis
641 1070 713 1090 cum
738 1059 903 1090 Abraham
933 1060 1085 1098 percussi,

129 1108 222 1142 atque
254 1103 298 1132 ita
330 1101 413 1132 clare
448 1102 595 1140 apparuit
629 1102 758 1132 firmum
793 1109 823 1132 et
861 1110 982 1139 ratum,
1017 1103 1084 1133 eius

128 1145 310 1175 memoriam
335 1150 520 1174 renovatam
554 1144 652 1175 fuisse
682 1145 784 1185 magis
811 1155 904 1184 quam
930 1144 1083 1175 deletam:

126 1187 231 1226 itaque
254 1187 458 1226 superstitem
482 1187 593 1226 vigere
616 1188 647 1217 in
677 1188 861 1227 evangelio,
893 1188 968 1226 quia
993 1187 1083 1218 bodie

126 1239 246 1268 quoque
278 1228 337 1259 sub
364 1240 428 1260 uno
455 1230 557 1268 capite
587 1240 650 1259 non
683 1230 800 1259 desinit
823 1230 989 1260 Abraham
1014 1240 1083 1260 esse

125 1270 264 1302 fidelium
284 1276 383 1311 pater.
420 1271 554 1302 Summa
577 1278 634 1308 est,
660 1273 766 1302 Deum
791 1272 875 1302 nolle
898 1273 966 1303 fieri
992 1283 1079 1303 men-

125 1314 242 1345 tionem
267 1314 314 1344 sui
339 1314 370 1344 in
400 1319 499 1350 terra,
534 1314 593 1345 nisi
622 1321 774 1354 appareat
798 1316 958 1355 gratuitae
983 1315 1078 1355 adop-

125 1356 220 1386 tionis
243 1356 384 1393 effectus,
409 1357 493 1387 unde
515 1356 668 1396 probetur
692 1357 794 1387 fidelis
818 1368 886 1387 esse
910 1369 944 1387 uc
970 1368 1078 1388 vera-x.

208 1399 255 1429 16.
288 1398 369 1430 Vade
391 1402 416 1430 et
438 1409 591 1439 conyreya.
637 1399 721 1438 Quia
744 1410 801 1431 nec
825 1400 917 1431 facile
940 1406 1009 1431 erat
1032 1406 1078 1430 to-

124 1445 188 1471 tam
218 1441 342 1480 plebem
375 1441 522 1482 colligere
555 1442 589 1472 in
620 1453 721 1473 unum
753 1442 872 1479 locum,
902 1447 933 1473 et
962 1443 995 1473 in
1025 1442 1079 1473 illa

124 1483 248 1523 ingenti
267 1484 471 1515 multitudine
490 1485 543 1515 vix
557 1484 666 1515 audita
685 1486 797 1515 fuisset
810 1485 937 1525 legatio,
951 1485 1079 1516 iubetur
1105 1502 1106 1529 3

1104 1542 1106 1549 ·
1133 1533 1166 1558 ut
1190 1528 1249 1560 hac
1272 1529 1424 1560 illecebra
1447 1530 1562 1562 melius
1593 1541 1646 1561 cos
1677 1532 1787 1562 incitet
1812 1532 1851 1562 ad
1875 1533 2091 1573 migrandum.

124 1526 228 1556 Moses
250 1526 389 1565 incipere
412 1538 429 1557 a
452 1527 639 1563 senioribus,
664 1533 694 1558 ct
718 1528 801 1567 apud
823 1539 874 1558 eos
894 1529 1077 1559 concionari

123 1567 160 1598 de
184 1568 290 1599 futura
313 1569 539 1609 redemptione,
565 1577 597 1600 ut
623 1570 671 1600 illi
696 1570 809 1601 deinde
829 1581 886 1601 sua
906 1572 1078 1601 autoritate

123 1611 247 1641 turbam
280 1610 318 1641 ad
353 1611 432 1642 bene
465 1612 656 1652 sperandum
700 1613 869 1644 adducant.
926 1613 1078 1653 Oportuit

123 1654 206 1683 enim
241 1653 422 1684 missionem
456 1656 519 1694 peti
549 1666 567 1685 a
602 1666 676 1696 rege
712 1657 841 1687 nomine
876 1656 1016 1696 publico,
1047 1661 1079 1687 et

123 1696 264 1726 omnium
295 1697 416 1727 animos
445 1698 551 1737 parari
575 1698 613 1728 ad
643 1698 827 1729 discessum.
874 1699 943 1729 Nisi
972 1704 1078 1729 autem

122 1739 309 1777 praemoniti
328 1739 463 1770 fuissent
481 1741 512 1771 in
533 1747 684 1781 tempore,
705 1741 812 1772 nullus
831 1742 870 1772 ad
890 1742 1077 1781 amplexan-

122 1779 193 1810 dam
217 1781 279 1811 Dei
301 1782 436 1822 gratiam
459 1783 586 1814 futurus
618 1790 686 1814 erat
710 1795 893 1815 consensus.

120 1832 196 1862 pere
229 1834 304 1864 ergo
334 1825 481 1855 interfuit
509 1826 608 1857 Mosis
640 1827 839 1857 vocationem
874 1827 972 1867 probe
1006 1837 1075 1858 esse

120 1866 289 1905 cognitam,
315 1875 349 1897 ut
371 1867 482 1898 ducem
502 1868 559 1899 sibi
580 1879 597 1898 a
611 1869 679 1899 Deo
699 1870 895 1909 praefectum
916 1870 1076 1909 intrepide

119 1913 337 1947 sequerentur.
388 1909 460 1940 Non
490 1911 546 1942 abs
573 1922 607 1942 re
638 1918 743 1942 autem
775 1913 945 1952 exprimit,
969 1912 1073 1942 Deum

119 1951 172 1989 qui
201 1951 260 1981 sibi
290 1951 379 1983 visus
409 1959 470 1989 est,
501 1964 569 1984 esse
593 1953 698 1984 Deum
728 1955 891 1991 Abrahae,
924 1955 1015 1986 Isaac
1044 1962 1075 1986 et

118 1991 225 2023 Iacob:
256 1995 330 2033 quia
359 2005 399 2025 ex
428 1996 559 2035 antiquo
589 1997 715 2027 foedere
743 1998 825 2037 quod
856 1998 961 2028 fuerat
990 1998 1073 2038 apud

118 2034 189 2065 illos
223 2035 416 2076 depositum,
451 2039 611 2077 pendebat
645 2040 739 2075 visio,
780 2041 831 2071 cui
866 2041 984 2080 alioqui
1018 2040 1073 2071 vix

118 2077 229 2108 fuisset
263 2089 281 2109 a
313 2080 428 2119 populo
462 2080 628 2113 creditum.
677 2082 766 2123 Ergo
801 2089 834 2113 ut
869 2084 975 2114 verbis
1009 2084 1074 2114 suis

119 2118 212 2150 fidem
241 2122 387 2152 conciliet
418 2123 540 2160 Moses,
575 2131 803 2155 commemorat
837 2127 900 2156 iam
935 2126 1010 2156 olim
1040 2127 1074 2156 in

119 2171 215 2192 manu
239 2163 401 2202 Abrahae,
432 2165 522 2196 Isaac
551 2172 582 2197 et
610 2167 720 2204 Iacob,
752 2169 1004 2207 redemptionem
1036 2168 1074 2199 de

120 2214 182 2242 qua
204 2215 289 2237 nunc
311 2213 441 2238 acturus
464 2215 527 2245 est,
556 2216 587 2240 et
615 2210 706 2241 cuius
736 2216 862 2241 creatus
890 2216 939 2242 est
962 2222 980 2241 a
1003 2210 1073 2242 Deo

121 2247 274 2284 minister,
292 2249 387 2280 fuisse
408 2251 607 2290 promissam.
644 2253 789 2292 Denique
808 2255 882 2293 quia
901 2253 1073 2284 difficulter

121 2288 288 2321 admittere
318 2292 454 2324 solemus
482 2294 563 2333 quod
596 2305 715 2326 novum
748 2301 794 2326 est
829 2307 864 2327 ac
898 2297 1072 2331 insolitum,

120 2330 190 2361 ideo
219 2332 408 2373 principium
435 2337 532 2366 sumit
561 2336 668 2368 Moses
699 2349 716 2368 a
745 2339 908 2369 veteribus
938 2340 1074 2370 oraculis
1098 2346 1100 2365 ἴ

1099 2391 1100 2422 j
1123 2382 1206 2420 forti.

1099 2423 1100 2428 ¹
1127 2425 1298 2464 Aeqyptmn
1320 2426 1434 2456 cunetis
1456 2425 1616 2456 mirmulis
1637 2426 1713 2455 meis
1742 2436 1819 2463 quae
1844 2426 1985 2464 tacturas
2013 2435 2082 2456 sum

121 2384 200 2412 quae
241 2373 434 2408 dubitatione
473 2378 631 2410 carebant.
685 2381 816 2421 Repetit
849 2388 955 2412 autem
990 2382 1071 2421 quod

121 2416 210 2454 prius
233 2417 292 2447 sibi
315 2418 413 2450 fuisse
436 2420 554 2452 dictum
578 2424 732 2459 narravit,
757 2429 792 2454 ut
814 2424 898 2463 quod
919 2425 1070 2464 privatim

121 2457 273 2493 audierat,
298 2471 357 2499 quo
380 2472 455 2493 suae
475 2465 647 2495 vocationis
667 2466 762 2497 fuerit
784 2467 909 2498 certior.
934 2468 1075 2506 perferat
1099 2495 1100 2499 ,

121 2510 206 2531 nune
240 2501 278 2531 ad
311 2503 396 2534 alios.
442 2504 584 2542 Scimus,
620 2508 672 2538 ubi
703 2520 765 2539 non
797 2510 905 2539 statim
937 2510 1074 2540 miseriis

122 2543 239 2574 nostris
261 2547 417 2576 succurrit
430 2547 526 2585 Deus,
550 2559 692 2581 moerore
715 2552 876 2583 tabescere
900 2553 1024 2582 animos
1044 2559 1073 2582 et
1100 2571 1101 2580 1

1122 260 1124 262 ’
1149 254 1249 283 nostri
1280 265 1388 285 curam
1420 255 1499 286 Deo.

1120 393 1121 396 ¹
1147 386 1234 416 veat.
1267 391 1330 411 non
1362 387 1468 413 tamen
1504 387 1657 422 perpetuo
1686 395 1819 415 suorum
1849 385 2004 417 oblivisci.

1119 434 1121 440 ·
1146 423 1420 454 confirmationem
1445 425 1530 455 valet
1558 426 1642 465 quod
1673 426 1818 463 additur,
1849 428 1976 458 venisse
1999 439 2109 460 coram

138 480 207 500 eam
232 470 416 500 recumbere
439 467 574 503 discant,
598 466 744 495 nominat
767 476 800 495 se
823 464 930 494 Deum
954 469 1092 504 patrum,
1119 464 1120 500 ξ
1146 465 1216 495 Deo
1239 466 1272 495 in
1296 467 1451 497 rationem
1475 467 1581 499 illatas
1601 468 1640 499 ab
1652 468 1824 510 Aegyptiis
1847 471 1988 501 iniurias.
2023 471 2108 502 Nam

1108 1235 1109 1238 ’
1135 1229 1305 1261 discamus

940 1785 1076 1824 Magno·
1102 1784 1103 1823 j

1548 256 1636 296 Ergo
1667 268 1706 287 ne
1736 257 1861 287 animos
1890 257 2113 298 despondeant

1148 294 1326 331 Israelitae‚
1351 297 1478 328 iubetur
1497 299 1604 329 Moses
1627 298 1690 329 illis
1714 298 1818 330 dicere
1841 310 1934 330 suum
1959 311 2026 331 esse
2040 301 2111 333 Deo

1149 338 1373 369 reminiscendi
1394 347 1536 379 tempus:
1561 347 1592 371 et
1614 343 1761 380 quamvis
1785 341 1825 372 ad
1849 348 1974 382 tempus
1998 344 2108 374 conni-

2056 386 2108 417 Ad

1145 508 1219 546 quia
1243 508 1338 539 iudex
1368 514 1416 540 est
1439 510 1566 546 mundi,
1598 512 1665 541 fieri
1695 522 1759 542 non
1790 517 1895 551 potest
1923 513 2002 552 quin
2032 519 2105 554 post

1144 549 1273 589 longam
1287 551 1489 582 tolerantiam
1511 553 1647 584 iniustae
1660 555 1843 594 tyrannidis
1857 554 1977 586 vindex
1990 566 2105 587 exsur-

1143 596 1207 632 gat.
1243 592 1416 625 Discamus
1436 605 1492 625 nos
1511 606 1634 635 quoque
1655 608 1695 627 ex
1714 596 1773 628 hoc
1795 597 1873 635 locO,
1894 597 1947 628 ubi
1971 609 1988 628 a
2012 599 2104 630 nobis

1143 641 1288 665 avertere
1311 636 1422 667 faciem
1447 648 1536 668 suam
1563 638 1689 669 videtur
1712 639 1801 670 Deus
1830 640 1987 671 auxilium
2010 652 2105 672 suum

1142 676 1328 715 differendo,
1352 680 1510 718 patienter
1533 685 1726 720 exspectare,
1751 682 1826 712 dum
1846 693 1904 713 nos
1926 688 2104 723 opportune

1142 720 1310 759 respiciat:
1337 722 1412 760 quia
1435 722 1512 752 dum
1536 733 1594 753 nos
1618 723 1759 754 hostium
1785 724 1909 755 libidini
1933 726 2102 764 permittit,

1141 762 1270 792 nonnisi
1284 764 1469 803 temporalis
1488 770 1536 795 est
1554 766 1622 796 eius
1642 766 1768 797 oblivio.
1803 767 1972 805 Quomodo
1991 775 2099 799 autem

1140 805 1278 845 intelligi
1302 805 1437 836 debeant
1463 807 1521 837 hac
1544 808 1677 847 figurae,
1701 809 1776 839 alibi
1800 809 1960 846 admonui,
1985 822 2101 851 nempe

1140 857 1178 877 ex
1212 849 1435 879 aestimatione
1465 860 1578 880 seusus
1607 852 1705 881 nostri
1730 852 1799 882 Deo
1828 852 1925 883 tribui
1955 853 2039 892 quod
2067 854 2101 884 in

1139 900 1212 920 eum
1237 891 1365 930 proprie
1389 902 1452 922 non
1476 893 1637 931 competit.

1226 933 1274 963 17.
1301 933 1469 972 Propterea
1491 935 1567 965 daci.
1614 935 1684 966 Hoc
1708 937 1802 967 verbo
1826 936 1992 968 admonuit
2010 939 2100 970 Deus

1138 984 1171 1004 se
1194 974 1228 1005 in
1259 986 1376 1006 arcano
1405 987 1463 1006 suo
1493 977 1625 1007 consilio
1655 977 1825 1010 decernere
1853 980 1928 1019 quid
1957 981 2100 1012 facturus

1137 1018 1194 1054 sit,
1221 1017 1353 1057 ideoque
1377 1019 1584 1049 iniiciendum
1609 1031 1678 1051 esse
1701 1022 1845 1052 fraenum
1870 1023 1952 1054 votis
1976 1024 2098 1055 nostris

1136 1069 1217 1099 quae
1240 1061 1356 1100 alioqui
1383 1062 1478 1092 nimis
1502 1068 1689 1102 properant:
1721 1068 1755 1094 ut
1784 1064 1881 1095 libere
1907 1071 1937 1096 et
1960 1076 2018 1105 pro
2041 1077 2099 1097 suo

1136 1103 1269 1133 arbitrio
1295 1110 1415 1134 statuat
1439 1105 1521 1144 quod
1545 1105 1630 1136 factu
1653 1106 1809 1145 optimum
1833 1118 1902 1138 esse
1925 1110 2098 1148 cognoscit,

1136 1155 1201 1175 non
1239 1145 1323 1185 quod
1361 1157 1440 1186 opus
1472 1147 1586 1178 habeat
1614 1153 1740 1188 tempus
1778 1149 1817 1179 ad
1855 1149 2098 1182 deliberandum

1135 1198 1278 1225 sumere,
1309 1189 1362 1219 sed
1398 1194 1435 1219 ut
1462 1200 1518 1220 nos
1546 1189 1585 1221 ab
1619 1191 1688 1221 eius
1722 1192 1922 1230 providentia
1956 1193 2097 1233 pendere

1358 1232 1458 1262 Porro
1489 1233 1546 1263 hoc
1576 1232 1702 1264 decreto
1736 1233 1838 1265 edocti
1871 1235 2006 1266 fuerunt
2039 1236 2096 1267 filii

1136 1272 1234 1303 Israel
1260 1273 1322 1303 iam
1348 1274 1456 1305 adesse
1482 1276 1576 1305 tinem
1601 1276 1692 1306 malis
1723 1277 1805 1307 suis:
1835 1278 1909 1316 quia
1939 1278 2015 1308 nihil
2048 1285 2096 1309 est

1135 1315 1218 1354 quod
1234 1316 1337 1346 Deum
1355 1316 1394 1346 ab
1417 1328 1511 1356 opere
1531 1328 1587 1348 suo
1610 1319 1784 1357 prohibeat.
1820 1320 1969 1351 Breviter
1987 1327 2095 1352 autem

1135 1357 1275 1396 loquitur
1310 1364 1461 1398 tanquam
1498 1360 1535 1389 de
1570 1371 1602 1390 rc
1638 1366 1723 1392 nota:
1759 1362 1834 1401 quia
1867 1373 1929 1393 non
1964 1374 2095 1403 prorsus

1134 1401 1297 1432 exciderat
1319 1402 1402 1441 quod
1427 1402 1464 1433 de
1489 1413 1586 1433 manu
1610 1404 1642 1433 in
1662 1414 1789 1434 manum
1809 1404 1963 1436 traditum
1989 1406 2094 1437 fuerat

1134 1453 1152 1473 a
1186 1444 1332 1482 patribus
1366 1445 1403 1475 de
1438 1445 1544 1476 futura
1583 1445 1779 1477 liberatione.
1836 1447 1950 1478 Plures
1986 1453 2093 1479 autem

1133 1491 1248 1524 gentes
1271 1492 1456 1523 enumerat,
1488 1498 1621 1526 quarum
1654 1494 1754 1519 terras
1782 1489 1846 1520 illis
1876 1489 2011 1522 daturus
2035 1497 2092 1528 est,

1132 1570 1254 1601 Eodem
1279 1582 1375 1603 sensu
1399 1573 1539 1603 affirmat
1562 1578 1660 1604 totam
1685 1574 1771 1604 illam
1801 1576 1964 1615 regionem
1991 1577 2092 1607 flucre

1132 1613 1214 1644 lacte
1238 1619 1269 1644 et
1293 1615 1402 1652 melle,
1433 1626 1471 1645 ne
1500 1615 1584 1646 illius
1615 1617 1767 1647 sterilitas
1796 1622 1918 1647 metum
1942 1618 2091 1657 incutiat,

1130 1656 1281 1694 quoniam
1326 1658 1426 1688 fames
1468 1658 1541 1688 inde
1582 1660 1723 1698 ipsorum
1764 1664 1871 1699 patres
1911 1661 2090 1700 expulerat.

1130 1698 1302 1730 Caeterum
1327 1701 1476 1740 quamvis
1506 1708 1619 1740 sponte
1649 1702 1761 1732 fertilis
1792 1702 1889 1733 fuerit
1912 1708 1979 1733 tota
2003 1704 2089 1734 Cha-

1129 1752 1230 1779 naan,
1263 1753 1325 1773 non
1355 1743 1487 1774 dubium
1518 1748 1565 1774 est
1588 1748 1694 1774 tamen
1724 1745 1799 1784 quin
1828 1746 1998 1785 praecipua
2020 1747 2089 1778 eius

1129 1784 1260 1815 ubertas
1293 1786 1390 1816 fuerit
1417 1797 1454 1816 cx
1484 1785 1545 1816 Dei
1580 1787 1808 1818 benedictione.
1861 1787 1996 1819 Summa
2028 1793 2087 1826 est,

1128 1827 1271 1867 amplum
1312 1828 1375 1859 illis
1409 1828 1605 1859 domicilium
1640 1835 1787 1868 paratum
1821 1830 1905 1861 fore:
1946 1831 2020 1870 quia
2053 1832 2086 1862 in

1127 1869 1255 1900 illorum
1289 1872 1427 1910 gratiam
1459 1872 1575 1902 multas
1606 1877 1718 1911 gentes
1748 1873 1836 1903 Deus
1865 1873 2020 1913 expellet,
2052 1879 2087 1904 ut

1127 1913 1269 1943 omnium
1295 1913 1385 1944 sedes
1408 1921 1577 1953 occupent:
1602 1914 1715 1945 deinde
1738 1925 1801 1945 non
1821 1925 1890 1946 esse
1909 1916 2085 1947 timendam

1127 1954 1268 1994 inopiam
1292 1957 1366 1995 quia
1385 1956 1475 1987 Deus
1500 1957 1586 1997 large
1611 1957 1730 1988 victum
1755 1957 1987 1997 suppeditabit:
2013 1969 2085 1999 per-

1127 1997 1201 2027 inde
1226 2009 1260 2029 ac
1285 1999 1309 2029 si
1341 1999 1463 2039 irrigua
1486 2008 1568 2030 esset
1593 2006 1657 2030 tota
1681 2000 1735 2030 illa
1754 2001 1839 2040 regio
1863 2000 1970 2032 fluviis
1992 2000 2085 2032 lactis

1100 2043 1101 2047 ’
1126 2045 1157 2070 et
1181 2041 1292 2072 mellis.

1212 2126 1260 2157 18.
1286 2127 1326 2157 Et
1344 2130 1508 2166 postquam
1527 2128 1683 2159 audierint
1699 2137 1797 2158 vocem
1819 2130 1912 2165 tuam,
1935 2129 2083 2168 <ingredic-

1125 2168 1217 2199 ristu
1226 2172 1252 2199 et
1270 2171 1405 2200 seniores
1417 2170 1518 2200 Israel
1535 2171 1575 2200 ad
1595 2180 1690 2210 realem
1705 2171 1844 2210 Aeygsptz',
1864 2171 2027 2209 dicetisque
2046 2172 2083 2209 εἰ,

1126 2210 1238 2242 ΙεῙιουα
1260 2211 1348 2243 Deus
1371 2213 1581 2243 Hebraeorum
1603 2213 1730 2243 occurrit
1753 2212 1854 2243 nobis:
1877 2223 1956 2243 nuno
1978 2214 2082 2252 iyitur,

1098 2261 1099 2272 ¹
1125 2263 1230 2284 camus
1248 2265 1306 2293 per
1328 2255 1385 2285 iter
1408 2256 1502 2286 trium
1534 2256 1654 2286 dierum
1677 2256 1709 2285 in
1737 2256 1889 2285 desertam
1912 2258 1938 2286 et
1959 2256 2082 2294 sacrifi-

1098 2317 1100 2321 ·
1124 2307 1226 2327 cemus
1250 2297 1378 2328 Ieleovae
1402 2298 1466 2329 Deo
1488 2301 1596 2328 nostro.

1644 2298 1691 2328 19.
1716 2296 1782 2337 Esto
1800 2302 1899 2328 dictem
1917 2298 1986 2328 noui
2004 2299 2084 2337 quod

1124 2350 1184 2369 'non
1202 2341 1356 2378 permittet
1374 2341 1457 2371 robis
1476 2351 1529 2370 rm:
1544 2341 1672 2380 Aeyypti
1691 2343 1722 2370 ut
1741 2341 1826 2377 eatis,
1849 2340 1912 2371 nisi
1931 2341 1963 2370 r[n
1986 2351 2082 2371 mcmu

1252 2383 1300 2413 20.
1327 2382 1400 2413 Ideo
1423 2383 1539 2413 millam
1568 2393 1694 2413 victuum
1722 2393 1834 2419 meam,
1859 2385 1886 2413 et
1910 2384 2083 2421 percutiam

1124 2467 1158 2497 in
1180 2469 1278 2498 medio
1301 2468 1384 2498 eius.-
1407 2471 1496 2507 atque
1519 2469 1563 2498 im
1583 2470 1689 2507 postea
1711 2468 1839 2498 ‹Iinzz'ttet
1862 2478 1921 2498 vos.
1968 2468 2017 2498 21.
2041 2468 2083 2498 Et

1125 2510 1201 2539 dabo
1222 2512 1357 2549 qratiam
1375 2511 1491 2549 populo
1520 2510 1590 2541 huic
1613 2511 1644 2540 iu
1669 2510 1766 2540 oculis
1789 2510 2026 2549 Aeyyptiorum:
2057 2513 2083 2540 et

1126 2553 1236 2583 (laidet
1261 2556 1292 2583 at
1313 2553 1448 2584 abeundo
1470 2564 1526 2583 non
1560 2552 1674 2583 abeatis
1703 2553 1800 2583 vacui.
1846 2552 1895 2582 222.
1920 2552 1962 2582 Et
1978 2556 2083 2591 posta-

121 2584 233 2615 collabi
258 2587 289 2616 in
314 2587 580 2627 desperationem:
605 2593 677 2631 quia
698 2601 844 2632 putamus
866 2595 985 2625 nullam
1006 2605 1075 2625 esse
1099 2585 1101 2621 ,¹
1128 2596 1202 2626 labit
1224 2596 1335 2626 mulier
1357 2607 1376 2626 α
1395 2597 1497 2626 mewa
1517 2605 1589 2631 sua,
1621 2598 1647 2625 et
1669 2594 1706 2625 (ιΙι
1729 2595 1848 2633 hospita
1871 2595 1978 2625 (lomnes
2000 2606 2083 2632 suae,
