2304 3034
180 205 242 235 527

182 308 251 328 esse
285 300 410 335 oportet
443 294 527 323 inter
563 297 731 323 externam
767 291 892 332 gratiae
929 296 1148 331 repraesenta-

183 341 300 370 tionem
323 347 402 376 quae
425 336 483 366 sub
507 335 577 375 lege
604 335 681 372 fuit,
703 338 735 364 et
766 333 969 373 spiritualem
996 334 1146 365 effectum

183 392 274 422 quem
305 379 413 411 attulit
440 377 606 414 Christus,
636 377 742 417 palam
778 381 912 416 apparet
941 387 1005 406 non
1041 376 1146 408 minus

183 424 275 455 hodie
310 421 429 452 remitti
464 420 555 451 nobis
589 426 718 460 peccata
753 429 848 458 quam
885 419 985 449 veteri
1020 418 1145 458 populo.

183 468 223 497 Et
248 466 305 496 hoc
328 463 473 504 symbolo
495 462 735 494 commonefieri
760 461 886 499 fideles,
910 472 949 492 ne
974 460 1012 491 de
1036 471 1146 492 recon-

182 508 341 540 ciliatione
375 506 564 546 desperent,
600 505 674 535 dum
709 505 769 535 sibi
803 503 977 544 displicent
1013 504 1045 533 in
1080 503 1147 535 suis

182 552 284 583 vitiis:
319 550 397 589 quin
431 549 537 588 potius
568 547 726 587 intrepide
761 547 889 577 veniam
923 550 1080 586 quaerant
1114 546 1146 577 in

181 598 334 634 perpetuo
353 591 516 628 sacrificio,
537 590 620 630 quod
639 590 766 621 assidue
786 590 846 629 piis
865 589 1015 620 omnibus
1038 588 1146 619 Deum

181 636 341 677 propitiat.
388 634 431 664 Et
454 638 539 664 certe
563 644 661 673 quum
687 632 883 672 poenitentia
907 637 938 662 et
957 631 1036 662 fides
1060 635 1147 662 certa

181 681 245 711 sint
268 677 393 719 paterni
426 676 484 707 Dei
513 676 634 707 favoris
665 677 815 716 pignora,
847 675 915 705 fieri
948 685 1012 705 non
1043 677 1147 714 potest

181 723 257 762 quin
281 720 399 759 recepti
423 720 487 750 sint
512 720 543 749 in
567 718 629 749 Dei
649 719 802 759 gratiam,
827 718 879 757 qui
904 722 1038 756 utroque
1065 717 1147 748 (1οο0

181 763 317 805 praediti
351 767 436 793 sunt.
500 761 593 792 Adde
637 761 721 801 quod
759 761 903 792 remissio
945 764 1146 799 peccatorum

182 805 424 838 inaestimabilis
448 811 496 836 cst
519 804 691 835 thesaurus
715 815 810 844 quen]
839 804 927 834 Deus
951 803 985 833 in
1013 802 1147 834 ecclesia

182 861 239 881 sua
254 849 407 889 deposuit,
432 852 468 878 ut
487 852 570 878 esset
583 847 744 886 peculiare
756 847 831 878 filiis
852 846 920 877 suis
942 846 1145 876 beneficium:

182 893 275 924 sicuti
299 891 442 922 continet
469 890 542 921 fidei
567 889 738 921 confessio:
769 889 873 921 Credo
903 888 1069 920 ecelesiam
1099 898 1148 919 ca-

182 935 342 970 tholicam,
366 934 586 964 remissionem
612 938 822 972 peccatorum.
869 932 936 963 Nec
956 942 1031 962 vero
1054 931 1149 962 aliter

182 983 342 1010 constaret
365 976 449 1016 quod
474 976 512 1006 de
536 976 695 1016 legatione
715 976 774 1006 sibi
793 975 964 1007 commissa
983 973 1149 1014 praedicat

183 1021 302 1052 Paulus
325 1019 366 1061 (2.
392 1018 466 1050 Cor.
486 1020 514 1050 Ξ).
540 1019 603 1060 20),
627 1019 688 1049 nisi
713 1019 818 1049 Deum
839 1017 980 1058 quotidie
998 1016 1148 1048 fidelibus

181 1065 319 1105 placaret
351 1062 473 1094 Christi
503 1062 689 1093 satisfactio.
736 1061 805 1092 Iam
834 1061 887 1091 hic
918 1071 981 1091 non
1013 1059 1051 1090 de
1084 1059 1148 1090 levi

182 1106 323 1147 quolibet
347 1105 462 1136 delicto
489 1106 611 1146 agitur,
631 1104 686 1136 sed
707 1104 745 1134 (10
776 1104 880 1135 malae
910 1102 982 1134 fidei
1014 1102 1148 1133 crimine

182 1150 265 1190 quod
289 1148 420 1189 periurii
446 1149 627 1179 accessione
651 1147 848 1187 duplicatum
873 1146 979 1177 fuerit.
1008 1144 1150 1176 Perfidia

183 1193 326 1232 quidem,
351 1198 407 1222 aut
432 1190 540 1228 dolus,
565 1196 620 1221 aut
642 1191 812 1227 violentia,
837 1190 939 1229 primo
962 1189 1150 1219 referuntur

182 1236 221 1266 ad
246 1234 421 1266 notandam
440 1234 552 1274 culpae
573 1235 783 1273 gravitatem:
815 1232 871 1263 sed
893 1232 1053 1272 piaculum
1084 1236 1149 1262 sta-

184 1279 286 1309 tuitur
319 1277 448 1317 proprie
483 1277 514 1307 in
549 1277 770 1316 profanatione
804 1275 944 1306 nominis
978 1274 1054 1311 Dei,
1096 1274 1148 1304 ubi

183 1321 302 1352 iniuria
321 1320 445 1351 homiui
464 1319 546 1351 facta
567 1320 646 1350 falso
667 1318 875 1350 iureiurando
894 1318 1024 1357 tegitur.
1049 1316 1150 1356 Quid-

183 1364 258 1404 quid
285 1364 343 1400 sit,
374 1362 414 1393 ad
445 1362 619 1402 petendam
649 1363 776 1393 veniam
813 1360 1011 1395 admittitur,
1036 1360 1088 1400 qui
1119 1364 1150 1389 et

184 1408 315 1438 fratrem
341 1416 435 1437 suum
457 1406 576 1436 iniuste
600 1405 728 1440 fefellit,
753 1409 786 1435 et
812 1404 872 1435 Dei
897 1404 1029 1434 nomine
1052 1402 1149 1442 impie

184 1450 303 1481 abusus
340 1453 397 1479 est.
460 1448 554 1479 Unde
590 1452 723 1487 apparet
763 1447 889 1478 miseris
930 1446 1149 1486 peccatoribus

185 1494 290 1524 Deum
315 1501 459 1532 parcere:
485 1492 634 1531 quamvis
658 1502 692 1522 se
717 1491 802 1521 mala
826 1489 887 1520 fide
907 1489 1149 1520 contaminave-

185 1536 259 1573 rint,
278 1542 308 1566 ct
328 1535 449 1566 crimen
470 1534 622 1574 perfidiae
636 1534 668 1564 in
691 1534 836 1564 homines
856 1532 1033 1563 admissum
1053 1532 1148 1563 sacri-

184 1579 266 1619 legio
294 1579 459 1614 auxerint,
491 1577 568 1607 dum
605 1576 775 1616 peierando
811 1576 942 1606 fuerunt
976 1576 1008 1606 in
1043 1575 1150 1606 Deum

182 1621 415 1654 contumeliosi.
461 1620 532 1651 Etsi
556 1625 664 1650 autem
694 1619 821 1650 nonnisi
853 1618 958 1649 octavi
987 1617 1151 1658 praecepti

184 1664 458 1704 transgressiones
499 1668 730 1694 commemorat
771 1662 891 1699 Moses,
940 1672 996 1701 per
1036 1671 1151 1701 synec-

185 1707 308 1738 dochen
334 1714 438 1737 tamen
464 1716 522 1736 suo
547 1716 634 1736 more
658 1705 750 1736 (locet
772 1705 846 1744 quid
870 1705 902 1735 in
930 1704 1001 1734 aliis
1028 1713 1152 1744 quoque

185 1750 310 1781 delictis
333 1748 493 1789 agendum
514 1749 563 1779 sit.
601 1748 636 1779 Si
657 1748 733 1788 quid
757 1758 834 1788 ergo
858 1753 914 1778 aut
939 1748 971 1777 vi
996 1751 1151 1786 ereptum,

185 1799 238 1823 aut
263 1791 374 1823 fraude
398 1791 540 1822 ablatum
562 1792 610 1828 sit,
633 1797 664 1822 et
687 1791 781 1822 simul
802 1791 1021 1821 intercesserit
1046 1790 1152 1829 periu-

185 1837 284 1866 rium:
310 1835 398 1865 iubet
421 1845 482 1865 non
508 1840 635 1864 tantum
660 1834 807 1874 proximo
830 1834 883 1873 qui
915 1832 1081 1864 fraudatus
1105 1835 1153 1863 est

185 1878 344 1915 satisfieri.
364 1877 420 1908 sed
439 1878 578 1917 pretium
596 1888 721 1917 quoque
741 1876 928 1916 placationis
946 1876 1054 1907 offerri
1073 1876 1152 1906 Deo.

186 1922 283 1952 Ratio
313 1921 409 1951 ctiam
441 1921 649 1960 exprimitur.
681 1920 755 1959 quia
786 1930 848 1950 non
880 1925 1008 1949 tantum
1048 1919 1154 1949 laesus

186 1973 233 1995 est
255 1964 399 1994 mortalis
428 1964 540 2000 homo,
565 1964 618 1993 sed
650 1962 739 1993 Dens
769 1973 894 2002 quoque
923 1962 1077 1998 offensus,
1101 1961 1153 2001 qui

187 2007 256 2037 vult
283 2008 428 2037 1101111005
458 2006 544 2036 inter
573 2017 606 2036 se
637 2007 719 2036 iuste
743 2013 774 2036 et
804 2010 992 2036 reverenter
1016 2004 1152 2035 versari:

185 2049 333 2080 cumulus
353 2049 469 2079 deinde
492 2049 604 2080 sceleri
629 2048 756 2079 additus
781 2054 837 2085 est,
859 2048 1007 2079 violando
1027 2057 1153 2078 sacrum

188 2093 248 2123 Dei
283 2103 410 2122 nonu-n.
458 2092 529 2122 Non
565 2092 708 2131 exigitur
744 2091 872 2130 quidem
909 2091 1101 2122 sacrificium
1137 2100 1154 2119 a

187 2136 268 2172 fure,
303 2135 351 2165 vel
384 2140 528 2175 raptore,
552 2134 601 2165 vel
626 2134 761 2173 depositi
791 2135 1002 2173 abnegatore,
1027 2133 1077 2164 vel
1101 2133 1154 2172 qui

187 2189 252 2208 rem
275 2177 432 2217 perditam
457 2178 621 2213 averterit,
647 2177 708 2208 nisi
734 2177 959 2216 peieraverint.
1006 2175 1154 2207 Pondere

187 2229 293 2251 tamen
329 2231 391 2251 non
424 2227 532 2251 carent
557 2220 656 2251 Mosis
688 2220 798 2250 verba:
831 2220 867 2250 Si
901 2220 972 2259 quis
1008 2219 1154 2259 negando

188 2264 377 2303 «101105110111,
403 2263 453 2293 vel
478 2263 625 2301 furando,
652 2263 701 2293 vel
728 2262 890 2302 rapiendo,
915 2266 1028 2293 contra
1048 2261 1154 2292 Deum

188 2306 380 2346 peccaverit:
405 2306 519 2346 quibus
543 2306 718 2346 significat,
743 2306 866 2345 quoties
890 2305 1029 2336 infertur
1052 2304 1154 2335 homi-

188 2350 280 2379 nilms
304 2349 431 2385 iniuria,
457 2350 485 2379 in
508 2359 618 2379 eorum
644 2359 780 2388 persona
800 2349 905 2379 Deum
926 2347 1061 2378 offendi:
1082 2347 1155 2387 quia

189 2393 292 2421 omnis
311 2392 391 2432 legis
412 2392 626 2432 transgressio
646 2392 802 2422 iustitiam
824 2392 890 2421 eius¹
912 2391 1010 2421 violat
1030 2400 1065 2421 ac
1085 2401 1155 2430 per·

190 2435 296 2464 vertit.
328 2435 377 2465 De
398 2435 601 2464 restitutione
621 2435 694 2464 furti
718 2435 764 2465 vol
787 2435 918 2473 rapinae
935 2434 1010 2464 alibi
1032 2434 1156 2473 plenius
1180 2433 1181 2452 ³

1180 2486 1182 2520 1
1207 2474 1354 2515 quamvis
1374 2472 1464 2502 Deus
1487 2472 1614 2511 00111310
1640 2473 1808 2510 remiserit,
1833 2483 1955 2513 poenae
1975 2478 2082 2504 tamen
2103 2484 2172 2504 rea-

191 2519 259 2550 Hoc
291 2531 390 2550 unum
421 2521 548 2559 proprie
581 2519 619 2549 :td
651 2526 852 2559 praesentem
884 2520 987 2551 100001
1017 2522 1182 2558 51100131;“

192 2477 386 2513 videbimus,
425 2478 615 2517 praesertim
648 2478 699 2508 nbi
736 2477 806 2517 quis
845 2477 942 2507 fuerit
977 2476 1154 2507 convictus.

191 2562 334 2601 quisquis
358 2563 446 2593 fratri
473 2574 529 2593 suo
550 2568 643 2593 nocet
665 2563 709 2593 vel
733 2563 886 2593 damnum
908 2563 1010 2599 affert,
1030 2562 1156 2601 0111113111

192 2606 239 2634 vel
268 2613 390 2634 reatum
415 2606 604 2635 contrahi-11:
628 2617 733 2636 voram
760 2606 840 2636 Dec:
865 2605 890 2635 51
919 2616 992 2635 vero
1024 2605 1055 2634 111
1087 2615 1156 2634 vain

191 2647 436 2677 obstinationem
472 2655 676 2687 prorumpat,
713 2656 744 2678 111
782 2658 907 2678 sacrum
946 2648 1005 2678 Dei
1042 2658 1157 2677 nomen

874 197 1127 230 SECUNDUM
1150 198 1470 232 PRAEOEPTUM.

2105 198 2167 231 528

1200 293 1279 324 falso
1310 293 1348 324 ad
1381 293 1554 334 tegendum
1586 292 1778 323 maleficium
1808 292 2017 332 praetendat,
2048 293 2166 334 duplici

1200 335 1320 367 scelere
1350 336 1579 366 contaminari:
1611 336 1718 375 itaque
1748 346 1813 366 non
1843 336 1991 366 sufficere
2024 336 2166 369 iacturae

1200 379 1506 417 compensationem,
1531 378 1593 409 nisi
1618 377 1687 409 Deo
1711 378 1805 408 simul
1830 377 1949 409 litetur.
1988 378 2089 410 Porro
2112 390 2166 412 eos

1200 420 1343 461 intellige
1369 421 1423 460 qui
1454 432 1471 451 a
1501 426 1589 451 metu
1620 431 1740 460 poenae
1771 420 1886 460 elapsi,
1917 426 2030 461 sponte
2057 426 2166 454 tamen

1200 463 1402 502 resipiscunt.
1438 463 1533 502 Quod
1552 464 1745 503 interpretes
1764 462 1896 502 quidam
1919 463 2066 503 copulam
2087 465 2167 497 acci-

1200 505 1293 545 piunt
1324 506 1391 537 loco
1422 505 1652 543 disiunctivae,
1677 510 1708 536 et
1743 505 1920 545 periurium
1954 506 2068 537 volunt
2097 517 2166 539 esse

1200 549 1293 587 quasi
1325 549 1462 588 speciem
1493 559 1589 579 unam
1620 559 1659 579 ex
1688 548 1815 585 multis,
1846 553 1999 588 tanquam
2026 549 2166 582 alienum

1200 600 1219 621 a
1242 591 1343 622 Mosis
1366 602 1461 622 50050
1486 591 1628 631 repudio.
1675 590 1730 622 Sic
1754 596 1924 631 exponunt
1946 591 2009 622 illi:
2033 591 2070 623 Si
2095 593 2167 632 quis

1200 634 1345 673 rapuerit
1377 634 1423 665 vel
1454 634 1579 664 furatus
1609 634 1665 671 sit,
1697 633 1749 664 vel
1781 633 1861 665 falso
1892 633 2050 665 iuraverit
2072 634 2110 666 de
2132 646 2166 667 re

1200 686 1258 716 per
1277 687 1310 707 se
1328 676 1424 708 licita.
1446 677 1547 716 Atqui
1567 687 1630 707 non
1651 676 1742 707 video
1761 687 1819 708 eur
1838 677 1883 707 ita
1906 677 2048 717 torqueri
2068 678 2167 709 verba

1200 718 1349 750 debeant:
1371 719 1486 750 deinde
1505 719 1664 750 refellitur
1682 730 1791 750 corum
1812 729 1902 750 error
1919 720 1988 759 ipso
2003 724 2167 759 contextu,

1201 762 1254 793 ubi
1277 773 1350 793 cum
1374 762 1529 793 sacrificio
1548 762 1755 802 coniungitur
1781 762 1960 793 restitutio:
1990 762 2073 803 quod
2103 774 2167 795 non

1200 809 1301 835 staret
1322 805 1383 835 nisi
1402 815 1473 835 01101
1497 805 1608 835 fraude
1631 812 1686 835 aut
1705 805 1859 836 violentia
1878 805 1998 844 pariter
2016 806 2167 838 coniunc-

1201 851 1269 878 tum
1303 853 1387 878 esset
1421 848 1607 887 periurium.
1654 847 1721 878 Nec
1754 858 1808 878 eos
1842 847 1935 879 iuvat
1970 848 2167 880 disiunctiva

1201 900 1282 929 quae
1304 895 1414 930 postea
1436 890 1591 930 sequitur.
1638 890 1814 930 Postquam
1838 891 1924 921 enim
1950 891 2077 922 restitui
2099 892 2166 923 ius-

1201 933 1243 964 sit
1263 932 1346 972 quod
1366 933 1398 964 vi
1417 937 1473 963 aut
1492 932 1563 963 dolo
1583 932 1724 963 ablatum
1742 938 1820 971 erat,
1839 933 1914 973 quia
1932 933 2084 965 distinete
2103 945 2167 966 non

1200 980 1350 1015 poterant
1373 976 1509 1015 exprimi
1533 975 1680 1016 singulae
1702 976 1839 1015 species,
1868 975 2013 1007 additur:
2040 978 2105 1008 Aut
2129 977 2168 1008 de

1202 1018 1318 1058 quibus
1341 1018 1421 1049 falso
1443 1019 1612 1048 iuraverit:
1644 1029 1707 1049 non
1739 1018 1830 1058 quasi
1863 1019 1896 1049 in
1927 1019 1998 1050 aliis
2029 1020 2167 1060 negotiis

1201 1065 1365 1093 contracta
1397 1062 1492 1091 fuerit
1520 1060 1616 1100 culpa
1646 1071 1686 1091 ex
1716 1061 1873 1101 periurio,
1907 1061 1963 1092 sed
1991 1067 2028 1093 ut
2055 1072 2167 1094 omnes

1201 1103 1437 1144 tergiversandi
1460 1113 1555 1134 ansas
1578 1103 1792 1143 praecideret:
1817 1103 1897 1143 quod
1924 1105 2020 1135 etiam
2051 1106 2167 1136 confir-

1202 1152 1269 1177 mat
1287 1147 1451 1186 repetitio:
1473 1146 1527 1177 ubi
1547 1146 1633 1176 enim
1652 1146 1845 1186 interposuit
1863 1147 1936 1178 falsi
1954 1147 2168 1179 iurisiurandi

1202 1190 1333 1226 crimen,
1359 1190 1475 1220 iterum
1495 1189 1585 1228 quasi
1609 1189 1726 1220 clarius
1745 1189 1911 1229 explicans
1929 1189 2012 1229 quod
2032 1189 2167 1229 dixerat,

1201 1233 1290 1264 iubet
1312 1242 1470 1263 summam
1495 1231 1664 1262 restituere
1690 1242 1762 1263 eum
1793 1232 1905 1272 quinta
1934 1237 2034 1272 parte.
2079 1232 2168 1272 Quid

1202 1280 1309 1306 autem
1332 1274 1466 1306 reddere
1488 1274 1577 1305 iubet
1599 1274 1661 1305 nisi
1684 1274 1767 1314 quod
1790 1274 1925 1306 iurando
1943 1280 2168 1315 suppresserat

1203 1317 1392 1350 fraudator?
1438 1316 1538 1348 Cuius
1561 1317 1607 1347 rei
1631 1318 1663 1348 in
1687 1322 1798 1349 octavo
1820 1324 1992 1358 praecepto
2022 1318 2166 1349 luculen-

1202 1362 1265 1392 tior
1298 1360 1467 1400 explicatio
1509 1359 1682 1391 videbitur.
1728 1360 1841 1399 Itaque
1880 1360 2057 1392 satisfactio
2090 1371 2168 1401 erga

1203 1405 1348 1435 homines
1371 1403 1567 1443 praecipitur
1597 1413 1662 1433 una
1690 1414 1763 1433 cum
1794 1403 1963 1434 oblatione.
2008 1403 2081 1434 Non
2112 1404 2167 1435 abs

1202 1458 1236 1478 re
1256 1451 1362 1478 autem
1381 1446 1470 1476 iubet
1493 1445 1583 1475 Deus
1603 1445 1759 1476 damnum
1782 1445 1902 1476 sarcire
1921 1456 1984 1485 quo
2004 1446 2053 1476 die
2073 1446 2167 1477 offer-

1203 1495 1257 1522 tur
1276 1489 1476 1525 sacrificium,
1501 1499 1541 1518 ne
1564 1487 1623 1518 sibi
1646 1488 1873 1528 impunitatem
1897 1489 2089 1527 promittant
2106 1489 2167 1530 hy-

1203 1533 1358 1573 pocritae,
1383 1530 1436 1562 ubi
1460 1541 1500 1561 ex
1524 1530 1628 1561 alieno
1652 1530 1745 1562 ditati
1768 1531 1897 1562 fuerint.
1943 1531 2080 1563 Licebat
2102 1532 2168 1572 qui-

1203 1577 1275 1607 dem
1300 1581 1374 1606 ante
1397 1573 1528 1604 reddere
1553 1573 1738 1604 hominibus
1758 1573 1841 1613 quod
1860 1584 1953 1605 suum
1973 1579 2052 1612 erat,
2071 1585 2167 1614 quam

1203 1619 1312 1650 Deum
1335 1617 1489 1649 sacrificio
1512 1616 1653 1656 placare:
1679 1616 1733 1647 sed
1758 1627 1822 1647 non
1854 1617 1923 1647 vult
1946 1616 2036 1648 Deus
2066 1617 2168 1649 altare

1204 1672 1296 1694 suum
1326 1659 1504 1700 inquinari,
1536 1659 1619 1698 quod
1654 1660 1745 1690 fieret
1775 1660 1801 1690 si
1834 1660 1981 1691 victimas
2014 1660 2169 1692 offerrent

1203 1706 1290 1736 sures
1322 1703 1371 1734 vel
1401 1702 1576 1742 praedones
1607 1712 1646 1732 ex
1677 1702 1791 1733 alieno.
1838 1702 1918 1733 Vult
1947 1713 2021 1743 ergo
2052 1714 2167 1735 manus

1204 1758 1316 1779 eorum
1344 1746 1398 1786 qui
1432 1745 1613 1776 sacrificant
1640 1755 1657 1775 a
1691 1745 1866 1784 pollutione
1901 1756 1970 1776 csse
2004 1750 2166 1787 purgatas.

1204 1791 1247 1822 Et
1270 1794 1355 1822 certe
1377 1789 1430 1828 qui
1453 1798 1493 1818 ex
1517 1787 1627 1827 spoliis
1650 1788 1767 1819 iniuste
1790 1788 1892 1827 partis
1916 1788 2078 1820 victimam
2098 1789 2167 1821 Deo

1205 1834 1358 1869 offerunt,
1391 1829 1625 1871 quodammodo
1652 1840 1724 1861 eum
1750 1830 1917 1870 implicant
1944 1832 2090 1863 criminis
2120 1842 2171 1864 so-

1205 1877 1328 1909 cietate.
1375 1875 1480 1913 Atque
1503 1873 1577 1903 hinc
1601 1872 1729 1903 elicitur
1752 1874 1840 1904 utilis
1865 1873 2025 1910 doctrina,
2049 1875 2172 1906 frustra

1205 1926 1350 1959 satagere
1374 1916 1558 1957 hypocritas
1581 1915 1620 1946 (10
1651 1916 1884 1947 reconciliando
1908 1916 1967 1948 sibi
1998 1917 2084 1955 Deo,
2109 1918 2171 1949 nisi

1205 1962 1289 1993 bona
1311 1961 1373 1991 fide
1396 1959 1531 1990 reddant
1556 1958 1638 1997 quod
1662 1959 1779 1990 iniuste
1803 1960 1980 1999 rapuerint.
2039 1960 2171 1992 Interea

1206 2004 1347 2036 notanda
1370 2009 1418 2034 est
1437 2001 1598 2032 distinctio
1622 2001 1653 2031 in
1673 2002 1778 2032 verbis
1793 2002 1902 2038 Mosis‚
1922 2002 2008 2034 inter
2027 2003 2171 2035 satisfac-

1207 2049 1326 2079 tionem
1354 2055 1431 2085 erga
1461 2044 1621 2081 homines,
1656 2050 1688 2074 et
1717 2045 1911 2076 oblationem
1947 2056 2005 2085 pro
2041 2050 2171 2086 peccato

1207 2102 1287 2130 quae
1318 2090 1423 2119 Deum
1454 2087 1621 2127 propitiat:
1653 2087 1726 2117 inde
1756 2088 1841 2118 enim
1875 2088 2057 2128 colligimus
2086 2088 2170 2128 quod

1206 2134 1282 2169 dixi,
1303 2142 1366 2162 non
1386 2130 1534 2169 consequi
1555 2130 1681 2160 veniam
1701 2131 1785 2169 apud
1801 2130 1906 2161 Deum
1926 2131 2035 2171 quiex
2052 2131 2172 2171 praeda

1207 2175 1378 2215 locupletes
1396 2183 1527 2204 manere
1546 2172 1673 2203 volunt:
1695 2177 1726 2203 et
1746 2180 1851 2204 tamen
1873 2184 1936 2205 non
1961 2173 2055 2204 aliter
2074 2185 2171 2214 quam

1206 2217 1360 2250 sacrificio
1398 2217 1503 2247 Deum
1544 2215 1673 2255 placari.
1730 2217 1837 2247 Huius
1876 2216 2035 2248 secundae
2068 2217 2171 2257 partis

1206 2261 1370 2293 luculenta
1392 2258 1537 2299 probatio
1561 2269 1601 2289 ex
1633 2264 1698 2289 tota
1728 2259 1798 2299 lege
1827 2259 1911 2290 sumi
1938 2263 2059 2299 potest,
2090 2270 2171 2300 quae

1207 2304 1337 2335 unicum
1369 2301 1594 2332 reconciliandi
1627 2300 1686 2331 Dei
1719 2302 1850 2332 modum
1880 2302 2087 2342 praescribit,
2116 2302 2171 2334 ubi

1206 2358 1239 2378 sc
1263 2345 1370 2377 oblata
1394 2345 1523 2375 victima
1547 2344 1656 2383 expiat
1685 2351 1841 2383 peccator.
1888 2345 1982 2376 Unde
2014 2345 2172 2376 refellitur

1207 2388 1397 2420 diabolicum
1432 2388 1621 2426 figmentum
1657 2386 1694 2416 de
1728 2387 2013 2426 satisfactionibus,
2054 2388 2171 2428 quibus

1207 2444 1240 2464 se
1259 2442 1276 2462 a
1295 2430 1411 2461 iudicio
1436 2429 1494 2460 Dei
1519 2429 1630 2459 redimi
1650 2429 1869 2469 imaginantur
1892 2431 2045 2471 papistae.
2086 2431 2171 2461 Nam

1207 2523 1275 2548 tum
1295 2525 1424 2546 manere
1447 2515 1574 2550 volunt,
1601 2514 1701 2546 donec
1720 2517 1859 2555 propriis
1878 2516 2030 2556 operibus
2048 2527 2081 2547 50
2101 2526 2171 2556 pec-

1181 2558 1183 2575 ³
1208 2565 1294 2592 cator
1317 2557 1510 2589 liberaverit.
1559 2557 1595 2587 In
1621 2557 1706 2588 hunc
1731 2560 1826 2589 finem
1850 2559 2049 2591 fabricarunt
2074 2569 2172 2598 opera

1209 2601 1515 2642 supererogationis,
1546 2610 1626 2639 quac
1654 2602 1815 2631 meritoria
1841 2608 1948 2633 essent
1971 2601 2010 2633 ad
2034 2612 2171 2641 poenam

1183 2662 1185 2677 l
1210 2644 1446 2677 redimendam:
1479 2643 1552 2673 inde
1583 2648 1615 2673 ct
1645 2645 1869 2683 purgatorium
1898 2645 2036 2676 emersit.
2073 2644 2173 2684 Atqui
