2304 3034
196 192 257 222 411

199 284 333 316 distillet
361 282 481 313 oleum:
512 291 552 311 ne
580 278 794 310 metuendum
825 280 867 311 sit
889 290 907 310 a
929 281 1083 320 penuria,
1113 282 1164 313 vel

199 327 335 358 defectu.
367 324 438 363 Quo
458 323 628 363 significat,
642 321 855 362 multiplicem
870 323 1028 354 bonorum
1040 324 1165 363 copiam

199 371 269 401 Deo
298 372 480 407 suppetere,
512 370 547 396 ut
576 364 745 396 ecclesiam
776 365 964 405 locupletet:
996 370 1092 406 atque
1120 367 1166 398 ita

199 412 239 443 ad
263 410 415 442 ecclesiae
438 408 718 439 conservationem
742 408 892 439 sufficere
911 409 1065 440 virtutem
1085 420 1166 449 quae

199 467 216 485 c
244 453 330 484 coelo
360 451 482 482 defluit.
535 449 819 490 Quemadmodum
854 450 920 482 illic
949 451 983 481 in
1013 457 1166 483 contextu

199 495 384 528 subiicitur:
416 494 489 525 Non
518 494 553 525 in
582 493 744 530 exercitu,
775 503 879 533 neque
902 494 936 524 in
960 494 1164 526 fortitudine:

199 539 253 570 sed
276 538 309 568 in
333 538 450 577 spiritu
474 546 553 573 11100,
579 535 656 567 dicit
679 535 812 567 Iehova.
853 536 927 567 Etsi
950 537 1036 567 enim
1062 537 1166 568 homi-

199 592 276 612 num
300 580 490 616 ministerio,
514 584 545 609 et
570 579 709 610 terrenis
731 578 848 610 mediis
871 589 930 619 pro
954 579 1086 611 arbitrio
1109 591 1166 612 suo

199 625 300 655 utitur
330 624 419 654 Deus
450 622 489 653 ad
518 621 672 652 tuendam
707 626 740 652 et
773 621 945 653 fovendam
979 622 1164 654 ecclesiam:

200 667 269 697 vult
293 672 401 697 tamen
422 665 566 696 omnium
584 664 713 695 laudem
730 664 791 696 sibi
806 664 954 702 adscribi,
979 669 1015 695 ut
1028 676 1165 706 aequum

199 714 263 740 est:
284 708 399 739 deinde
420 707 489 739 vult
508 707 620 738 fideles
639 718 697 738 suo
719 707 878 747 praesidio
902 712 1076 745 contentos,
1101 719 1165 740 non

199 758 309 783 tamen
333 751 493 783 debilitari
517 750 645 789 animis,
669 751 816 790 quamvis
840 750 965 781 nullam
988 751 1022 781 in
1046 751 1166 783 mundo

199 795 335 826 fiduciae
358 804 488 825 causam
512 793 685 834 reperiant.

285 838 334 869 40.
366 837 442 868 Vide
461 839 562 867 amem
580 839 614 867 ut
630 836 741 875 facias.
776 836 906 867 Rursus
923 836 1064 867 inculcat
1082 837 1166 876 quod

200 880 356 918 vidimus,
389 886 422 910 ut
450 880 558 910 onmia
588 886 699 910 exacte
727 879 859 909 formari
883 884 973 910 curet
997 879 1103 910 Moses
1127 879 1167 911 ad

201 923 413 964 archetypum
438 922 489 953 vel
513 922 679 962 exemplar
697 922 731 952 in
750 927 859 952 monte
878 922 996 953 visum.
1032 921 1166 953 Certum

199 972 307 998 autem
332 972 389 1003 est,
415 976 480 996 non
504 965 557 1005 agi
581 964 620 995 de
643 970 771 1005 spectro
794 964 918 1005 aliquo,
953 964 1009 995 sed
1032 970 1168 996 externa

199 1009 372 1040 sanctuarii
397 1014 589 1039 ornamenta
623 1008 736 1038 referri
767 1007 806 1038 ad
838 1007 1041 1047 spiritualem
1073 1018 1167 1039 suum

198 1053 314 1083 finem:
359 1050 631 1091 quemadmodum
676 1062 715 1081 ex
756 1050 916 1090 Stephani
958 1056 989 1080 et
1033 1051 1167 1090 apostoli

199 1095 468 1134 interpretatione
492 1094 602 1133 liquet.
649 1093 758 1132 Quare
783 1093 864 1124 nihil
888 1094 1021 1131 mirum,
1045 1093 1073 1124 si
1096 1104 1167 1133 pro-

199 1138 297 1178 pheta
333 1138 439 1167 Deum
474 1137 580 1177 palam
613 1137 776 1167 facturum
811 1136 871 1167 sub
908 1146 1010 1177 regno
1044 1136 1168 1169 Christi

200 1181 294 1219 dicat,
313 1185 345 1210 et
364 1180 493 1219 quidem
513 1185 599 1211 certo
619 1180 852 1219 experimento,
872 1190 936 1210 non
957 1179 1054 1210 fuisse
1073 1179 1169 1210 inane

199 1223 436 1263 spectaculum,
473 1222 558 1262 quod
593 1222 683 1253 Deus
718 1223 820 1253 veteri
854 1222 973 1262 populo
1006 1221 1065 1253 sub
1100 1222 1169 1263 lege

199 1266 353 1297 ediderat.

482 1435 546 1466 EX
570 1435 719 1467 EXODI
742 1435 890 1466 XXVII.

287 1522 337 1553 20.
363 1521 391 1552 T
390 1532 411 1552 u
435 1531 549 1560 quoque
566 1521 713 1560 praecipe
734 1521 812 1559 filiis
836 1520 941 1552 Israel
963 1524 996 1552 ut
1019 1522 1172 1561 accipiant

202 1566 257 1597 tibi
280 1565 380 1596 oleum
408 1564 505 1595 olivae
529 1574 664 1604 purum.
694 1567 854 1595 contusum
880 1574 938 1603 pro
968 1565 1118 1595 luminari
1140 1566 1173 1595 ut

202 1609 309 1640 ardere
338 1608 457 1647 faciant
486 1607 626 1638 lzoeernas
653 1617 779 1647 semper.
825 1607 875 1638 21.
908 1608 950 1638 In
979 1607 1172 1638 tabernaculo

202 1651 408 1683 conventionis
431 1653 520 1681 extra
542 1650 643 1681 velum
665 1650 745 1689 quod
767 1652 811 1681 est
833 1660 928 1688 super
958 1650 1172 1689 testimouium,

202 1695 339 1734 disponet
368 1693 442 1724 illas
472 1693 603 1723 Aharon
632 1695 659 1723 et
684 1692 745 1731 filii
775 1693 843 1724 eius
873 1703 892 1723 a
921 1703 1049 1731 vespera
1077 1703 1173 1732 usque

202 1748 292 1768 ruane
304 1746 406 1768 coram
420 1735 549 1766 Ieliova:
567 1738 714 1766 statutum
728 1738 915 1774 perpetuum
925 1735 1174 1775 yeneratiouibus

203 1790 308 1812 eorum
330 1790 351 1810 a
371 1778 449 1817 filiis
473 1778 583 1810 Israel.

494 1950 559 1981 EX
581 1949 733 1980 LEVIT.
758 1949 888 1981 XXIV.

295 2037 321 2066 1.
346 2035 507 2074 Loquutus
525 2038 568 2066 est
587 2038 690 2066 mitem
709 2035 821 2067 Ielzoea
841 2037 882 2067 ad
901 2035 1018 2074 Mosen,
1036 2035 1176 2067 dicendo.-

206 2080 236 2110 2.
263 2078 413 2117 Praecipe
433 2078 512 2117 filiis
535 2078 638 2109 Israel
659 2081 692 2108 ut
715 2079 846 2117 afferant
874 2079 928 2110 tibi.
958 2079 1056 2110 oleum
1078 2078 1176 2109 olivae

203 2131 330 2161 purum,
343 2123 500 2152 contusum
513 2131 574 2160 pro
587 2121 748 2158 luminari,
760 2122 802 2152 ad
814 2122 1022 2153 accendendas
1035 2122 1176 2152 lucernas

208 2174 334 2203 semper.
387 2164 416 2194 3.
452 2163 556 2194 Eat-tra
589 2165 689 2195 velum
719 2165 886 2195 testimonii
917 2165 949 2195 iu
982 2163 1175 2195 tabernaculo

209 2207 413 2238 conventionis
443 2207 581 2246 disponet
619 2217 671 2237 eas
705 2207 837 2238 Auaron
871 2219 892 2238 a
924 2218 1050 2249 vespera
1082 2216 1177 2245 usque

209 2260 313 2287 mane,
337 2259 439 2280 coram
460 2249 574 2280 Ielcova
596 2260 728 2289 semper:
749 2252 898 2281 statutum
916 2253 1099 2290 perpetuum
1119 2249 1177 2280 erit

210 2294 244 2323 in
261 2292 508 2332 generationibus
526 2293 646 2324 vestris.
681 2293 709 2323 4.
733 2292 834 2332 Super
852 2293 1071 2324 candelabrum
1089 2302 1177 2323 muu-

211 2336 285 2367 dum
308 2336 446 2374 disponet
467 2335 610 2366 lacernas
632 2345 735 2367 eoram
759 2336 873 2367 Ieliova
895 2346 1023 2375 semper.

299 2419 406 2450 Exodi
429 2420 479 2458 27,
511 2421 561 2451 20.
595 2421 643 2452 Tu
666 2431 783 2461 quoque
808 2422 955 2461 praecipe
975 2421 1061 2460 filiis.
1108 2420 1178 2451 Hos

215 2463 292 2494 duos
317 2463 399 2493 locos
422 2463 552 2494 aliunde
576 2464 640 2495 huc
662 2463 822 2501 transtuli,
847 2464 999 2504 quoniam
1024 2464 1063 2495 ad
1084 2473 1176 2494 usum

214 2505 413 2536 tubernaculi
448 2507 620 2545 pertinent.
673 2507 833 2538 Iubentur
866 2507 953 2537 enim
987 2506 1046 2538 filii
1077 2505 1179 2537 Israel

214 2554 341 2579 tuntum
364 2548 425 2578 olei
449 2549 594 2580 conferre
617 2555 775 2589 quantum
798 2553 922 2589 septem
952 2549 1092 2581 lucernis
1114 2549 1179 2580 suf-

214 2592 307 2622 ficiat.
343 2591 444 2622 Porro
466 2592 541 2631 quia
563 2593 701 2624 coeleste
725 2593 844 2630 lumen,
869 2598 899 2623 et
922 2592 1054 2632 spiritus
1077 2590 1180 2623 sancti

216 2635 320 2674 gratia
348 2633 398 2673 (ut
427 2634 581 2675 vidimus)
612 2636 732 2667 veritas
759 2636 891 2666 fuerunt
920 2635 1015 2666 huius
1045 2634 1180 2666 visibilis

891 186 1145 219 SECUNDUM
1170 189 1492 222 PRAECEPTUM.

2121 193 2185 225 412

1216 283 1373 324 symboli,
1401 295 1519 323 purum
1542 284 1649 314 oleum
1673 284 1809 324 requirit
1831 285 1930 322 Deus,
1953 285 2014 317 hoc
2037 290 2093 324 est,
2117 297 2184 318 11011

1216 325 1444 363 faeculentum,
1468 326 1519 357 vel
1542 326 1681 357 mixtum
1701 336 1774 357 cum
1793 337 1933 364 amurca,
1957 328 2033 367 quia
2056 330 2083 360 si
2106 329 2185 369 quid

1215 368 1330 399 fuisset
1350 369 1429 405 vitii,
1450 369 1642 399 tantundem
1662 380 1702 400 ex
1721 370 1870 409 mysterii
1890 370 2050 410 dignitate
2069 371 2185 403 fuisset

1216 410 1406 442 detractum.
1460 412 1594 442 Puritas
1627 412 1728 452 igitur
1761 411 1869 443 docuit
1906 412 1989 443 nihil
2019 413 2184 446 sordidum

1216 460 1273 484 aut
1292 455 1425 494 vulgare
1445 454 1511 485 illic
1530 454 1723 494 significari:
1744 460 1781 485 ut
1798 455 1859 494 ipsi
1879 465 2005 495 quoque
2017 455 2186 488 Israelitae

1216 507 1315 537 puras
1338 503 1464 528 mentes
1488 497 1654 535 afferrent,
1677 502 1709 528 et
1732 497 1773 528 ad
1797 497 2067 529 considerandum
2091 499 2186 538 spiri-

1217 540 1339 570 tua-lem
1372 540 1478 571 lucem
1512 540 1574 570 rite
1607 545 1737 579 paratas
1767 545 1799 571 et
1829 540 2010 580 dispositas.
2063 540 2187 573 Iterum

1217 583 1350 622 repetit,
1379 587 1561 622 opportune
1589 588 1621 613 et
1650 583 1717 613 suis
1742 582 1831 613 horis
1853 582 2094 624 suggerendum
2117 594 2187 616 esse

1216 625 1332 663 oleum,
1355 631 1389 655 ut
1403 636 1530 665 semper
1545 625 1682 656 ardeant
1704 625 1872 656 lucernae:
1896 631 1932 656 ut
1950 625 2111 657 discerent
2128 626 2188 658 filii

1217 667 1329 705 Israel,
1352 668 1436 698 nihil
1459 668 1562 709 magis
1585 667 1729 699 alienum
1752 678 1822 699 esse
1841 679 1860 699 a
1882 669 1972 700 cultu
1995 668 2067 707 Dei,
2091 679 2187 709 quam

1216 711 1445 742 obscuritatem
1469 717 1500 741 et
1524 711 1683 748 tenebras,
1706 721 1766 742 nec
1791 711 1983 742 variandum
2004 721 2073 743 esse
2092 712 2190 742 inter-

1218 753 1328 790 vallis,
1368 754 1447 793 quin
1481 759 1638 794 perpetuo
1672 758 1785 784 tenore
1819 753 2020 794 praefulgeat
2049 764 2066 784 e
2099 754 2188 785 coelo

1217 796 1351 836 spiritus
1380 796 1521 827 directio.
1568 796 1683 836 Itaque
1713 796 1855 827 secundo
1882 796 1950 828 1000
1973 803 2024 827 tor
2046 797 2189 828 inculcat

1218 839 1409 878 particulam
1434 838 1585 879 Semper:
1611 849 1652 869 110
1683 849 1745 879 qua
1767 839 1801 869 in
1824 844 1917 879 parte
1939 850 2053 870 verum
2077 839 2188 870 lumen

1218 882 1401 913 suffocetur.
1448 881 1518 912 Has
1542 887 1650 921 partes
1673 882 1816 922 iniungit
1837 881 1928 913 Deus
1951 881 2188 913 sacerdotibus:

1219 924 1294 964 quia
1322 924 1403 955 lucis
1434 925 1601 955 ministros
1632 934 1701 955 esse
1731 929 1859 964 oportet
1889 924 1965 955 dum
1996 924 2077 964 legis
2112 928 2189 955 sunt

1218 967 1422 1007 interpretes,
1448 977 1529 1007 quae
1548 978 1566 997 a
1585 967 1715 998 Davide
1738 966 1838 1007 (Psal.
1864 967 1935 1006 119,
1961 966 2034 1009 105)
2054 971 2189 999 vocatur

1219 1010 1351 1041 lucerna
1384 1010 1534 1049 regendis
1563 1010 1715 1049 pedibus,
1745 1018 1777 1041 et
1804 1010 1913 1041 lumen
1943 1010 2068 1041 semitis
2097 1020 2189 1041 mon-

1219 1052 1370 1084 strandis.
1417 1052 1483 1083 Sed
1506 1020 1583 1093 quid
1607 1052 1666 1083 sibi
1690 1052 1763 1084 vult
1784 1052 1904 1084 oblatio
1934 1053 2061 1093 populi,
2089 1063 2190 1093 quum

1219 1096 1300 1126 nihil
1327 1096 1481 1126 materiae
1504 1101 1655 1136 suppetat
1685 1096 1871 1127 hominibus
1901 1095 1941 1126 ad
1963 1100 2090 1126 ment-es
2113 1105 2189 1127 suas

1220 1138 1433 1178 spiritualiter
1456 1138 1690 1169 illustrandas?
1726 1138 1936 1178 Respondeo,
1966 1137 2189 1179 in.legalibus

1220 1181 1336 1221 figuris
1360 1191 1425 1212 non
1449 1181 1528 1212 adeo
1551 1181 1739 1221 scrupulose
1762 1181 1802 1212 ad
1826 1181 1982 1212 amussim
2012 1180 2190 1221 exigendas

1222 1234 1291 1254 esse
1314 1224 1458 1263 singulas
1479 1229 1605 1264 partes,
1637 1230 1673 1254 ut
1702 1223 1785 1254 nihil
1815 1224 1856 1255 sit
1879 1224 1914 1254 111
1936 1224 2030 1264 signo
2052 1228 2190 1255 externo

1223 1267 1275 1297 cui
1307 1277 1370 1297 non
1400 1266 1593 1306 respondeat
1624 1267 1762 1304 veritas,
1791 1266 1907 1297 deinde
1936 1267 2083 1307 quamvis
2106 1266 2190 1297 nihil

1222 1310 1389 1349 proprium
1410 1314 1442 1340 et
1463 1320 1481 1340 a
1503 1320 1537 1340 se
1555 1309 1633 1349 ipsis
1656 1309 1796 1340 afferant
1817 1309 1974 1347 homines,
1996 1319 2058 1349 quo
2081 1315 2191 1340 tamen

1223 1362 1257 1383 se
1281 1353 1385 1392 magis
1408 1356 1538 1383 strenue
1561 1358 1735 1383 exerceant
1757 1352 1797 1383 ad
1816 1351 1960 1383 studium
1979 1351 2105 1389 colendi
2118 1352 2191 1390 Dei,

1224 1394 1340 1425 merito
1363 1394 1403 1425 ab
1426 1395 1491 1425 illis
1514 1395 1601 1435 exigi
1632 1399 1668 1426 ut
1695 1406 1729 1426 se
1759 1405 1882 1434 suaque
1913 1394 2062 1426 dedicent
2084 1395 2117 1425 in
2140 1404 2191 1426 sa-

1224 1447 1295 1468 cros
1308 1448 1396 1468 usus.
1428 1437 1468 1468 In
1487 1438 1552 1468 fine
1571 1437 1626 1468 ubi
1646 1437 1786 1475 additur,
1806 1437 1975 1469 Statutum
1988 1442 2191 1478 perpetuum,

1223 1479 1368 1520 intellige
1392 1491 1494 1520 usque
1520 1480 1559 1510 ad
1590 1480 1722 1511 solidam
1754 1491 1865 1511 earum
1888 1491 1998 1511 rerum
2021 1480 2192 1511 exhibitio-

1224 1533 1313 1561 nem,
1347 1533 1484 1562 quarum
1518 1524 1625 1563 figura
1655 1528 1724 1554 erat
1752 1522 1982 1554 candelabrum
2017 1533 2090 1553 cum
2124 1523 2192 1554 suis

1223 1565 1374 1597 lucernis.
1409 1565 1483 1604 Qua
1505 1565 1544 1596 de
1568 1575 1602 1596 re
1626 1567 1658 1596 in
1673 1566 1819 1597 Genesin
1842 1565 1988 1597 disserui.
2023 1564 2192 1597 statutum

1224 1608 1284 1640 hoc
1314 1608 1432 1640 dicitur
1455 1619 1473 1639 a
1496 1608 1571 1639 filiis
1594 1608 1695 1640 Israel
1724 1609 1799 1648 quia
1821 1608 1906 1640 hanc
1934 1608 2193 1640 observationem

1224 1651 1264 1682 ab
1286 1651 1351 1682 illis
1373 1651 1485 1691 exigat
1508 1651 1611 1682 Deus:
1646 1651 1708 1682 nisi
1738 1652 1865 1691 placeat
1893 1661 1967 1682 cum
1990 1651 2193 1692 Hieronymo

1224 1698 1366 1730 vertere,
1398 1693 1517 1725 Coram
1547 1694 1622 1724 filiis
1645 1694 1756 1725 Israel.
1803 1693 1900 1733 Quod
1931 1694 1986 1725 alii
2015 1696 2192 1734 exponunt,

1224 1736 1309 1777 apud
1338 1736 1420 1767 filios
1443 1736 1561 1773 Israel,
1593 1736 1643 1767 vel
1666 1748 1685 1768 a
1708 1737 1855 1777 patribus
1879 1737 1919 1768 ad
1948 1737 2048 1775 filios,
2080 1736 2196 1768 durius

1224 1786 1273 1811 est
1295 1784 1328 1810 et
1350 1790 1481 1820 prorsus
1504 1784 1660 1811 coactum.

1523 1949 1586 1981 EX
1609 1948 1783 1981 NUMER.
1808 1948 1903 1980 VIII.

1314 2036 1340 2066 1.
1370 2034 1413 2065 Et
1442 2035 1588 2074 loquutus
1618 2036 1661 2065 est
1692 2034 1805 2065 Iehova
1833 2035 1874 2065 ad
1898 2034 2023 2070 Mosen,
2055 2034 2198 2066 dicendo.-

1227 2078 1255 2109 2.
1281 2078 1419 2117 Loquere
1436 2078 1478 2109 ad
1497 2076 1636 2112 Alcaron,
1660 2079 1685 2107 et
1708 2077 1795 2108 dicas
1820 2076 1881 2108 illi.-
1908 2077 2036 2116 Quando
2055 2077 2198 2109 accendes

1227 2122 1398 2157 lucernam,
1432 2123 1537 2151 contra
1569 2120 1680 2159 faciem
1713 2120 1888 2151 candelabri
1918 2120 2056 2151 lucebunt
2084 2122 2197 2159 septem

1226 2165 1377 2195 lucernae.
1412 2163 1441 2193 3.
1467 2162 1610 2201 Fecitque
1635 2163 1677 2192 ita
1700 2162 1847 2193 Aharon:
1870 2165 1973 2193 contra
1992 2163 2105 2201 faciem
2127 2172 2198 2194 can-

1228 2206 1347 2238 delabri
1369 2206 1503 2237 accendit
1526 2206 1665 2236 lucernas
1688 2206 1772 2240 cius,
1796 2205 2052 2244 quemadmodum
2070 2216 2196 2244 praece-

1222 2252 1315 2289 perat
1340 2248 1454 2279 selloca
1476 2248 1540 2287 ipsi
1564 2247 1657 2278 Most.
1703 2248 1731 2278 4.
1756 2247 1800 2278 Et
1821 2247 1874 2278 hoc
1896 2250 1939 2278 est
1961 2258 2038 2287 opus
2056 2248 2198 2280 caudela-

1229 2293 1291 2330 bri,
1312 2292 1424 2323 ductile
1447 2301 1577 2322 aureum
1599 2300 1694 2330 usque
1717 2291 1758 2321 ad
1781 2290 1891 2321 hastile
1913 2301 2013 2329 suum,
2036 2301 2132 2330 usque
2154 2291 2197 2322 ad

1226 2336 1318 2373 flores
1336 2344 1408 2365 suos
1427 2333 1538 2365 ductile
1556 2335 1630 2371 erat,
1649 2334 1739 2364 iuxta
1757 2333 1914 2373 cremplar
1931 2334 2012 2372 quod
2024 2334 2198 2366 ostenderat

1232 2377 1344 2408 Ielzova
1367 2377 1430 2415 ipsi
1454 2376 1546 2414 Mosi,
1568 2376 1613 2407 sic
1631 2376 1702 2415 fecit
1722 2376 1947 2407 caudelabrum.

1315 2463 1344 2493 2.
1373 2462 1501 2501 Quando
1524 2462 1665 2493 accendes
1686 2462 1849 2493 lucernam.
1894 2462 1967 2492 Hoc
1990 2468 2197 2502 praeceptum

1231 2506 1386 2537 inseritur
1409 2515 1473 2535 non
1490 2516 1547 2536 suo
1568 2505 1644 2541 loco,
1665 2509 1701 2535 ut
1719 2505 1881 2544 pleraque.
1917 2505 2070 2536 Declarat
2088 2511 2196 2536 autem

1232 2559 1343 2579 rursus
1367 2548 1474 2579 Moses
1497 2548 1569 2587 quis
1600 2548 1695 2578 fucrit
1725 2558 1803 2578 usus
1832 2547 2031 2585 candelabri,
2064 2552 2096 2579 et
2118 2558 2196 2588 quo

1232 2591 1327 2622 modo
1350 2591 1454 2630 aptari
1478 2590 1648 2621 debuerint
1679 2591 1840 2629 lucernae,
1868 2596 1902 2621 ut
1931 2591 2037 2631 fulgor
2064 2601 2196 2631 sparge-

1233 2638 1321 2664 retur
1344 2644 1400 2673 pcr
1423 2633 1653 2670 sanctuarium,
1677 2638 1709 2664 et
1731 2633 1801 2664 auri
1824 2633 1975 2673 splendor
1993 2644 2033 2664 ex
2052 2634 2198 2674 opposito
