2304 3034
106 199 167 230 385

105 304 139 325 se
163 292 380 323 manifestavit
403 291 461 322 sub
484 291 596 330 figuris
621 290 808 321 visibilibus.
844 290 927 328 Quia
951 302 1061 330 super-

105 346 243 367 vacuum
268 341 350 365 esset
381 334 487 373 plures
517 333 599 363 locos
629 343 818 372 congerere,
847 333 987 363 sufficiat
1016 334 1063 364 in—

106 379 205 418 signis
230 378 334 408 Isaiae
359 377 437 407 visio
471 386 552 415 quae
582 380 672 405 sexto
707 375 810 414 capite
841 376 996 405 refertur:
1032 381 1062 406 et

105 420 294 455 Ezechielis,
325 430 404 459 quae
435 419 552 458 legitur
581 423 645 447 tam
677 418 780 456 primo
810 428 905 457 quam
941 417 1062 449 decimo

105 463 217 502 capite.
257 462 324 493 Nee
348 472 422 492 vero
445 461 494 491 sui
516 459 633 491 oblitus
657 466 725 490 erat
738 459 836 495 Deus,
862 460 936 490 dum
961 461 1062 491 servis

105 506 171 537 suis
195 506 240 535 ita
263 516 296 535 se
319 502 576 543 conspiciendum
601 501 756 533 exhibuit.
795 502 904 541 Quare
928 514 988 533 non
1014 503 1060 533 vi-

106 548 199 579 detur
223 547 328 578 valida
351 553 406 577 aut
429 546 521 576 firma
547 555 615 575 esse
646 544 723 576 haec
747 546 843 582 ratio,
875 545 962 575 nefas
993 556 1061 576 esse

105 591 210 622 Deum
235 588 468 629 repraesentari
488 592 623 618 externa
646 588 759 627 effigie,
780 587 854 627 quia
875 588 972 618 semel
998 598 1060 618 vox

104 634 172 664 eius
195 632 304 663 audita
328 631 423 661 fuerit
445 630 514 661 sine
538 635 684 669 aspectu:
716 640 814 670 quum
843 641 883 660 ex
914 631 1061 670 opposito

104 676 250 715 excipere
273 680 455 714 promptum
480 673 530 709 sit,
553 673 679 712 saepius
703 672 863 703 exhibitas
880 672 976 703 fuisse
999 673 1061 703 for-

102 729 171 749 mas
195 717 344 753 visibiles,
369 715 484 755 quibus
500 720 635 746 testatus
659 719 707 745 est
729 726 819 746 suam
835 715 1059 754 praesentiam.

102 761 232 800 Duplex
270 759 387 790 solutio
426 764 489 789 est:
526 757 608 797 quod
641 757 770 787 tametsi
805 758 893 788 Deus
924 758 1059 788 formam

102 803 239 843 aliquam
265 801 405 832 induerit
427 800 466 831 ad
497 811 530 831 se
553 799 827 840 patefaciendum,
857 799 915 831 hoc
946 799 1060 831 debere

102 846 224 877 censeri
247 845 277 874 in
303 843 520 884 singularibus
540 843 706 882 exemplis,
731 853 794 873 non
808 848 913 873 autem
938 843 1060 873 haben-

102 888 177 919 dum
206 898 275 918 esse
302 887 368 917 loco
399 892 572 925 perpetuae
600 885 745 925 regulae:
777 885 891 916 deinde
922 886 1060 916 visiones

101 931 245 970 patribus
269 929 438 965 exhibitas,
464 928 646 959 testimonia
669 928 767 959 fuisse
794 928 968 959 invisibilis
992 929 1059 959 eius

101 973 230 1013 gloriae,
254 982 334 1012 quae
357 972 462 1011 potius
474 981 600 1001 sursum
622 970 806 1001 attollerent
817 975 940 1001 mentes
957 971 1058 1001 homi-

100 1026 178 1046 num
208 1025 301 1054 quam
332 1013 503 1054 implicitas
534 1017 680 1043 tenerent
717 1013 854 1043 terrenis
881 1013 1057 1044 elementis.

100 1058 245 1088 Primum
270 1057 368 1097 igitur
397 1057 429 1086 in
462 1055 542 1095 legis
572 1055 829 1095 promulgatione
852 1056 1059 1095 praescripsit

100 1101 190 1131 Deus
212 1099 287 1139 quid
312 1099 402 1138 sequi
426 1098 562 1128 debeant
587 1097 713 1128 fideles:
744 1098 819 1137 quia
842 1098 974 1129 videbat
999 1099 1058 1129 hoc

100 1143 258 1182 optimum
309 1152 377 1172 esse
420 1139 644 1180 compendium
690 1139 730 1171 ad
776 1140 960 1171 retinendos
1006 1152 1058 1180 po-

99 1185 164 1225 puli
189 1185 312 1214 animos
336 1185 367 1214 in
391 1194 469 1214 vera
494 1184 625 1222 pietate,
650 1188 681 1213 et
703 1183 861 1222 optimum
893 1183 987 1214 simul
1013 1194 1059 1214 re-

98 1228 237 1258 medium
261 1225 415 1257 adversus
439 1225 661 1256 idololatriam.
706 1225 777 1256 Nisi
801 1225 875 1256 huie
900 1226 959 1256 Dei
983 1236 1056 1257 eon-

99 1270 169 1301 silio
193 1269 449 1309 aequiescamus,
475 1278 539 1298 non
570 1274 694 1298 tantum
726 1268 898 1307 prodemus
930 1269 1057 1299 rixandi

98 1312 272 1347 libidinem,
297 1311 350 1342 sed
376 1311 466 1350 quasi
491 1311 575 1341 tauri
600 1316 811 1350 cornupetae,
836 1311 895 1350 ipsi
920 1310 989 1341 Deo
1014 1312 1059 1342 in-

97 1355 298 1386 sultabimus.
352 1354 463 1393 Neque
497 1353 581 1384 enim
624 1354 742 1384 frustra
779 1354 972 1393 principium
999 1354 1057 1385 hoc

98 1397 236 1437 sumpsit
260 1397 374 1434 Moses,
399 1407 497 1435 quum
522 1395 611 1427 Deus
635 1396 693 1426 sibi
723 1396 889 1427 ecclesiam
920 1396 1056 1437 collegit,

98 1451 195 1480 quum
219 1439 352 1470 tradidit
380 1445 500 1469 certam
529 1445 561 1469 et
591 1439 810 1469 inviolabilem
847 1440 898 1479 pie
928 1439 1057 1470 vivendi

98 1493 252 1519 normam,
276 1492 340 1513 non
370 1481 513 1512 induisse
541 1481 668 1520 aliquod
700 1492 832 1521 corpus,
864 1481 919 1512 sed
951 1482 1055 1512 vivam

97 1525 217 1565 gloriae
248 1535 323 1555 suae
352 1524 490 1564 effigiem
520 1524 703 1555 exhibuisse
739 1524 771 1554 in
803 1525 873 1564 ipsa
903 1524 1056 1556 doctrina.

97 1567 191 1599 Unde
214 1567 364 1607 colligere
386 1567 467 1604 licet,
492 1577 545 1597 cos
563 1577 674 1597 omnes
698 1568 750 1606 qui
772 1566 876 1598 Deum
896 1573 1057 1606 quaerunt

96 1610 128 1641 in
154 1611 257 1651 figura
280 1609 408 1647 visibili,
434 1620 495 1640 non
521 1614 645 1639 tantum
671 1609 857 1645 deflectere,
890 1610 943 1640 sed
968 1621 1056 1649 pror-

97 1664 152 1684 sus
176 1653 351 1684 desciscere
376 1663 393 1682 a
417 1662 493 1682 vero
523 1652 652 1692 pietatis
676 1652 788 1683 studio.
834 1652 870 1683 Si
901 1653 971 1692 quis
1001 1664 1056 1683 ex-

97 1696 203 1736 cipiat,
228 1696 333 1726 Deum
359 1705 422 1725 non
446 1705 514 1725 esse
536 1695 584 1725 sui
605 1694 802 1732 dissimilem,
826 1701 857 1726 et
877 1700 984 1725 tamen
1009 1695 1056 1736 (ut

97 1738 217 1769 dictum
247 1737 306 1779 est)
336 1738 471 1768 formam
502 1737 640 1776 aliquam
675 1737 831 1767 visibilem
864 1748 926 1768 non
958 1738 1055 1768 semel

96 1781 288 1820 sumpsisse:
313 1780 449 1819 simplex
474 1784 505 1810 et
528 1780 629 1811 facilis
653 1780 818 1819 responsio
840 1786 902 1818 est7
932 1781 1056 1820 quoties

96 1823 245 1863 apparuit
269 1823 411 1862 patribus
441 1823 498 1853 sub
528 1823 630 1853 forma
654 1823 790 1859 visibili,
821 1822 947 1854 dedisse
976 1829 1054 1854 tem—

94 1866 202 1906 porale
225 1865 413 1906 symbolum,
438 1864 521 1905 quod
545 1870 650 1896 tamen
677 1866 808 1896 minime
828 1866 1056 1896 adversaretur

95 1909 170 1939 huic
200 1914 379 1948 praecepto.
426 1908 517 1938 Vidit
540 1908 640 1938 Isaias
666 1907 770 1939 Deum
795 1909 997 1939 exercituum
1023 1910 1053 1939 in

96 1951 173 1982 solio
205 1950 387 1982 sedentem:
417 1950 505 1990 atqui
535 1951 658 1981 fortiter
688 1951 805 1981 elamat
835 1950 898 1991 (40,
929 1951 983 1992 25)
1015 1962 1053 1982 ex

95 1994 194 2033 ipsius
218 1993 279 2024 Dei
303 2003 369 2024 ore:
395 1992 456 2025 Cui
481 1993 618 2024 similem
643 2003 694 2023 me
718 1993 857 2024 fecistis?
884 1993 949 2024 Nec
973 2004 1054 2033 opus

96 2040 142 2067 est
175 2037 310 2067 recitare
339 2046 548 2075 quaecunque
579 2036 732 2067 adversus
767 2036 952 2067 idololatras
980 2047 1052 2076 pro-

96 2079 234 2109 nunciat.
277 2079 373 2109 Certe
397 2078 528 2109 liberius
552 2089 645 2118 quam
669 2090 780 2110 omnes
804 2079 987 2118 prophetae,
1020 2079 1052 2109 in

98 2131 205 2151 eorum
229 2121 407 2159 stultitiam,
430 2121 494 2151 imo
508 2122 692 2158 amentiam,
716 2121 890 2158 invehitur,
916 2122 968 2161 qui
993 2122 1052 2153 sibi

98 2163 235 2202 aliquam
266 2163 328 2194 Dei
357 2164 530 2203 imaginem
563 2164 734 2195 fabricant:
764 2165 838 2204 quia
869 2165 927 2195 hoc
960 2164 1052 2195 modo

100 2206 266 2236 veritatem
290 2211 479 2237 convertant
502 2207 534 2237 in
561 2206 778 2237 mendacium:
808 2206 944 2246 denique
969 2206 1050 2237 idem

99 2257 170 2277 eum
194 2248 281 2278 Mose
303 2249 496 2288 principium
519 2249 627 2285 sumit,
653 2249 787 2280 fallaciis
816 2254 847 2280 et
871 2249 1052 2290 praestigiis

101 2288 271 2320 adulterari
295 2302 401 2322 veram
428 2292 487 2322 Dei
512 2296 670 2329 naturam,
695 2293 721 2322 si
745 2292 961 2332 corruptibilis
985 2303 1051 2323 ma-

101 2331 179 2361 teria
201 2339 331 2364 vocetur
349 2334 416 2365 eius
434 2334 549 2374 imago.
584 2334 653 2365 Iam
667 2334 736 2374 ipsa
755 2335 834 2365 visio
847 2335 949 2374 qualis
968 2334 1051 2365 fuit?

103 2372 270 2412 Seraphim
294 2376 346 2414 qui
369 2376 609 2407 circumdabant
632 2378 746 2408 solium
763 2377 833 2415 Dei,
857 2377 954 2408 facies
978 2389 1053 2408 suas

102 2415 159 2462 alis
182 2416 365 2456 obtegendo,
389 2419 465 2449 satis
493 2430 654 2459 superque
683 2419 838 2451 docebant
870 2431 931 2450 non
961 2431 1052 2460 posse

102 2468 169 2488 elus
196 2465 395 2497 conspectum
424 2462 499 2492 ferri
529 2472 548 2492 a.
578 2463 774 2493 mortalibus.
820 2462 912 2501 Quod
945 2468 1051 2494 autem

102 2500 197 2529 refert
233 2501 375 2531 erchiel
407 2504 515 2535 nullus
544 2505 643 2544 pictor
667 2506 793 2545 assequi
824 2511 948 2545 posset:
979 2507 1053 2545 quia

102 2553 227 2581 sempe-r
250 2544 393 2582 apparuit
406 2544 494 2577 Deus
516 2548 582 2578 suis
606 2548 794 2587 insignibus,
818 2559 899 2587 quae
922 2559 1053 2588 supera-

103 2591 171 2613 rent
196 2584 357 2615 hominum
382 2593 516 2626 captum,
541 2590 711 2621 distinctus
730 2591 768 2621 ab
788 2592 872 2621 omni
890 2597 1053 2621 creaturae

102 2627 212 2657 forma.
258 2627 367 2658 Firma
389 2629 487 2669 igitur
515 2639 623 2663 manet
654 2634 731 2663 haec
762 2634 857 2670 ratio,
886 2644 949 2664 non
979 2643 1054 2673 qua·
1079 2657 1080 2667 ,

207 2676 312 2702 Caluini
329 2687 415 2710 (spera.
459 2681 512 2706 Vol.
534 2682 609 2707 XX!
617 2683 643 2708 V.

802 197 1053 230 SECUNDUM
1078 198 1394 232 PRAECEPTUM.

1087 415 1089 429 l

2014 202 2074 233 386

1116 291 1209 322 drare
1223 293 1291 323 Deo
1315 294 1498 334 imaginem,
1521 295 1595 334 quia
1620 294 1722 325 noluit
1745 294 1890 334 apopulo
1910 305 1969 326 suo
1982 294 2077 326 aliter

1114 335 1252 374 conspici
1276 346 1371 375 quam
1403 337 1435 366 in
1466 346 1550 368 voce.
1598 337 1697 376 Atqui
1728 340 1804 368 tune
1837 347 1960 377 quoque
1991 338 2076 378 ignis

1115 377 1295 415 symbolum
1320 379 1381 408 fuit
1403 379 1602 418 praesentiae
1632 381 1716 416 eius,
1747 379 1801 410 sed
1832 390 1892 419 quo
1921 384 2073 411 testatum

1114 419 1231 449 faceret
1255 421 1610 461 incomprehensibilem
1641 433 1711 453 esse
1741 432 1830 452 suam
1862 422 2012 462 gloriam,
2043 427 2076 453 et

1114 461 1159 491 ita
1189 461 1335 494 homines
1364 469 1486 494 arceret
1516 474 1534 494 a
1568 464 1727 504 fingendis
1756 464 1857 496 idolis.
1917 465 2003 503 Quid
2034 466 2076 496 sit

1113 504 1274 535 custodire
1298 516 1330 536 se
1355 517 1449 545 super
1473 506 1581 537 anima
1611 506 1684 537 alibi
1715 507 1932 546 exposuimus.
1979 507 2072 546 Quod

1114 556 1188 575 vero
1213 551 1275 577 tam
1290 548 1422 579 sollicite
1436 549 1583 579 hortatur
1607 555 1642 580 ut
1664 549 1722 579 sibi
1745 555 1887 588 caveant,
1912 550 1986 581 hinc
2009 550 2072 581 col-

1114 587 1225 627 ligitur
1249 596 1368 628 quanta
1390 591 1430 621 sit
1453 591 1491 621 ad
1523 591 1734 622 idololatriam
1767 591 1926 623 humanae
1956 593 2073 624 mentis

1115 632 1294 670 propensio.
1341 633 1414 663 Huc
1438 633 1540 664 tendit
1562 635 1749 665 contestatio
1772 645 1867 674 quam
1892 645 1931 665 ex
1952 635 1979 666 8.
2004 645 2072 675 cap.

1115 673 1356 705 Deuteronomii
1380 675 1511 706 inserui.
1546 677 1658 716 Neque
1677 677 1761 708 enim
1782 682 1906 708 tantum
1931 678 2073 708 minatur

1114 715 1236 753 Moses,
1270 717 1323 747 sed
1360 728 1414 757 pro
1443 719 1566 749 solenni
1598 719 1786 750 iudiciorum
1817 730 1905 750 more
1935 724 1966 750 et
1996 720 2072 759 ritu,

1115 758 1206 797 quasi
1230 759 1426 799 interpositis
1450 761 1600 799 testibus,
1630 761 1803 793 denunciat
1827 762 2004 801 perituros,
2035 767 2072 793 ut

1114 799 1173 830 hac
1196 801 1400 833 vehementia
1423 803 1494 842 plus
1510 803 1633 834 timoris
1652 805 1793 836 incutiat.
1829 804 1922 836 Unde
1938 809 2072 845 apparet

1113 843 1259 873 insanam
1293 844 1373 876 hanc
1404 845 1565 876 libidinem
1597 857 1659 877 non
1695 847 1821 887 vulgari
1853 846 1947 878 modo
1977 858 2071 887 posse

1113 885 1262 916 fraenari.
1308 886 1427 917 Eodem
1453 888 1515 918 fine
1539 890 1698 929 corrumpi
1730 889 1781 920 vel
1810 899 2014 930 corrumpere
2036 900 2070 921 se

1114 927 1189 958 dicit
1223 929 1275 967 qui
1305 929 1548 960 similitudinem
1583 931 1721 970 aliquam
1751 932 1919 963 fabricant.
1965 932 2070 964 Sicuti

1112 974 1144 1000 et
1168 971 1288 1002 Paulus
1312 972 1409 1002 tradit
1432 972 1537 1013 (Rom.
1564 973 1589 1011 1,
1613 974 1681 1015 25),
1710 974 1769 1005 hoc
1799 974 1891 1005 modo
1922 975 2067 1006 converti

1113 1013 1280 1044 veritatem
1306 1015 1338 1044 in
1362 1015 1571 1046 mendacium.
1618 1016 1769 1047 Ieremias
1792 1022 1900 1048 autem
1927 1022 1956 1048 et
1982 1018 2067 1049 Aba·

1111 1064 1168 1085 cuc
1183 1056 1333 1087 falsitatis
1347 1056 1502 1088 damnant
1525 1058 1695 1090 simulacra
1714 1059 1806 1100 (Iere.
1822 1059 1869 1097 10,
1885 1059 1933 1098 15,
1946 1060 2069 1091 Habao.

1111 1097 1139 1133 2,
1158 1098 1216 1139 18).
1247 1099 1318 1129 Non
1333 1100 1451 1130 mirum
1466 1100 1564 1139 igitur
1576 1102 1600 1131 si
1623 1101 1787 1132 hominum
1801 1103 1962 1141 corruptio
1977 1113 2069 1134 voca-

1112 1145 1165 1170 tur
1188 1141 1316 1179 idolum,
1341 1142 1424 1182 quod
1449 1143 1509 1173 Dei
1533 1143 1654 1174 cultum
1679 1144 1847 1175 adulterat.
1884 1144 2068 1176 Iustissima

1111 1193 1235 1223 quoque
1248 1189 1296 1214 est
1309 1195 1429 1215 merces
1449 1196 1555 1215 eorum
1576 1187 1628 1225 qui
1648 1196 1759 1217 sanam
1779 1190 1811 1217 et
1832 1187 1993 1227 integram
2007 1188 2068 1218 Dei

1111 1227 1324 1265 cognitionem
1340 1227 1464 1265 vitiant,
1488 1228 1688 1267 putredinem
1702 1228 1775 1259 inde
1789 1229 1978 1261 contrahere
1990 1240 2070 1270 quae

1111 1279 1221 1299 eorum
1246 1269 1368 1300 animas
1391 1275 1566 1301 consumat.
1605 1271 1704 1301 Porro
1729 1271 1802 1302 hinc
1825 1271 1983 1303 refellitur
2006 1277 2069 1303 sto·

1111 1310 1175 1341 lida
1197 1312 1393 1351 papistarum
1418 1312 1552 1349 inscitia,
1577 1313 1629 1353 qui
1650 1314 1898 1353 prohibitionem
1922 1314 2006 1345 hanc
2029 1314 2068 1346 ad

1111 1360 1253 1384 veterem
1277 1354 1429 1394 populum
1454 1356 1668 1395 restringunt,
1694 1360 1729 1386 ut
1753 1356 1845 1387 hodie
1868 1356 2003 1388 liberum
2028 1357 2069 1388 sit

1110 1397 1242 1436 pingere
1266 1397 1311 1427 vel
1336 1398 1488 1437 sculpere.
1525 1397 1625 1436 Quasi
1649 1409 1725 1429 vero
1739 1398 1875 1430 Iudaeos
1898 1399 2068 1439 compellet

1111 1439 1243 1475 Paulus,
1268 1440 1343 1470 dum
1368 1451 1406 1470 ex
1430 1441 1590 1471 communi
1621 1445 1754 1471 naturae
1783 1441 1940 1482 principio
1971 1443 2067 1473 ratio-

1111 1482 1253 1513 cinatur:
1279 1482 1314 1513 Si
1338 1493 1449 1513 sumus
1472 1493 1572 1523 genus
1597 1483 1672 1520 Dei,
1702 1484 1749 1514 fas
1778 1494 1841 1514 non
1869 1495 1938 1516 esse
1960 1485 2067 1516 Deum

1110 1524 1280 1564 imaginari
1305 1525 1442 1556 similem
1466 1536 1551 1561 auro,
1576 1525 1625 1556 vel
1655 1530 1797 1565 argento,
1829 1526 1878 1558 vel
1908 1527 2065 1567 corrupti-

1110 1566 1163 1597 bili
1188 1568 1340 1598 materiae
1363 1567 1446 1609 (Act.
1473 1568 1518 1604 17,
1544 1567 1606 1609 29).
1653 1568 1742 1598 Nihil
1765 1579 1845 1608 opus
1867 1573 1916 1600 est
1939 1569 2067 1610 singula

1109 1611 1266 1649 persequi.
1302 1610 1366 1641 Sed
1391 1621 1452 1640 non
1477 1611 1585 1641 minus
1598 1615 1706 1650 aperte
1726 1611 1843 1642 clamat
1856 1611 1949 1643 hodie
1972 1612 2066 1652 spiri—

1109 1658 1170 1690 tus,
1193 1652 1371 1684 cavendum
1396 1663 1463 1684 esse
1488 1653 1526 1684 ab
1549 1652 1641 1684 idolis
1663 1664 1757 1693 quam
1771 1654 1845 1684 olim
1869 1655 1938 1685 fieri
1962 1654 2067 1686 vetuit

1109 1694 1150 1735 (1.
1176 1695 1243 1726 Ioh.
1269 1696 1302 1733 5,
1330 1695 1392 1737 21).
1438 1695 1530 1726 Adde
1560 1695 1643 1736 quod
1673 1696 1847 1728 diabolicus
1876 1697 1939 1727 fuit
1966 1697 2065 1736 furor,

1109 1739 1265 1777 abrogare
1289 1749 1387 1768 unum
1413 1749 1452 1768 ex
1483 1738 1589 1769 decem
1614 1739 1809 1778 praeceptis,
1840 1749 1901 1779 quo
1934 1739 2065 1779 impune

1109 1780 1147 1811 ad
1179 1780 1302 1811 foedam
1331 1786 1362 1811 et
1385 1780 1603 1812 detestabilem
1627 1781 1786 1812 licentiam
1811 1787 2064 1822 perrumperent.

1109 1822 1314 1859 Obtendunt,
1351 1823 1482 1854 Iudaeos
1512 1823 1667 1854 cohibitos
1697 1824 1771 1854 olim
1801 1824 1899 1854 fuisse
1930 1825 2065 1856 arctiore

1108 1866 1228 1902 fraeno,
1254 1867 1325 1906 quia
1342 1866 1478 1896 nimium
1492 1866 1806 1897 essentidololatriae
1819 1865 1926 1897 dediti.
1962 1866 2065 1906 Quasi

1108 1919 1183 1939 vero
1208 1919 1270 1939 non
1295 1908 1393 1939 multo
1418 1909 1478 1939 hac
1505 1909 1537 1939 in
1565 1913 1655 1948 parte
1685 1909 1749 1939 sint
1779 1909 1959 1940 crassiores.
2005 1911 2063 1940 At-

1107 1962 1166 1991 que
1191 1956 1227 1981 ut
1251 1951 1308 1982 hoe
1332 1951 1489 1987 omittam,
1514 1951 1584 1991 quis
1610 1961 1674 1981 non
1709 1951 1798 1981 videt
1826 1951 2063 1991 superstitionis

1107 1994 1237 2030 vitium,
1267 1994 1347 2034 quod
1379 1994 1556 2034 ingenitum
1588 1999 1636 2024 est
1666 1993 1826 2024 humanae
1857 1994 1973 2031 menti,
2004 1995 2064 2026 hoc

1106 2037 1246 2067 remedio
1279 2037 1374 2067 fuisse
1409 2035 1610 2067 correctum?
1653 2036 1740 2076 Ergo
1774 2036 1873 2067 donee
1915 2041 2062 2068 naturam

1105 2079 1256 2110 exuerint
1275 2079 1429 2117 homines,
1452 2084 1655 2119 praeceptum
1682 2077 1738 2109 hoc
1760 2079 1823 2109 illis
1846 2080 2062 2110 necessarium

1104 2133 1172 2153 esse
1194 2122 1380 2162 colligimus.

1192 2165 1239 2195 19.
1266 2164 1346 2195 Neve
1368 2163 1495 2195 attollas.
1533 2163 1638 2194 Altius
1656 2163 1858 2203 progreditur
1880 2163 1997 2201 Moses,
2022 2174 2063 2196 ne

1105 2207 1256 2238 deitatem
1281 2207 1440 2237 somnient
1453 2206 1562 2236 Iudaei
1586 2206 1618 2236 in
1640 2205 1715 2243 sole,
1739 2210 1771 2236 et
1793 2205 1869 2236 luna
1892 2210 1922 2235 et
1946 2206 2061 2238 stellis:

1105 2260 1163 2281 nec
1187 2254 1310 2280 tantum
1335 2249 1372 2279 ab
1396 2259 1502 2279 errore
1530 2259 1583 2279 eos
1608 2252 1735 2279 revocat
1764 2258 1825 2288 quo
1856 2248 1969 2279 imbuti
1995 2249 2062 2280 fue-

1105 2297 1181 2323 runt
1206 2292 1308 2328 multi,
1334 2296 1482 2331 putantes
1505 2291 1637 2321 totidem
1669 2300 1737 2321 esse
1761 2290 1851 2321 deos:
1883 2290 1938 2321 sed
1969 2291 2061 2322 alteri

1105 2346 1229 2375 quoque
1258 2334 1476 2374 superstitioni
1507 2333 1657 2371 occurrit,
1688 2344 1728 2363 ne
1752 2338 1912 2363 astrorum
1937 2333 2062 2373 fulgore

1104 2378 1281 2417 rapiantur,
1307 2383 1341 2407 ut
1365 2376 1519 2417 imagines
1538 2376 1598 2406 Dei
1622 2386 1690 2406 esse
1714 2380 1836 2414 putent.
1871 2376 1977 2415 Atque
1998 2376 2061 2407 huc

1105 2421 1244 2460 pertinet
1275 2420 1404 2450 verbum
1435 2417 1628 2458 impellendi.
1674 2417 1759 2456 Quia
1788 2418 1879 2448 sicuti
1912 2418 1998 2449 Deus
2028 2419 2060 2450 in

1105 2463 1249 2493 exercitu
1273 2462 1398 2493 coelesti
1423 2461 1556 2501 gloriam
1581 2465 1912 2500 suamrepraesentat.
1936 2460 1979 2490 ita
2002 2462 2060 2491 fal-

1106 2506 1163 2536 laci
1189 2505 1322 2535 artificio
1345 2504 1444 2535 Satan
1470 2503 1524 2534 illo
1547 2507 1714 2542 praetextu
1739 2502 1907 2533 conturbat
1926 2506 1958 2533 et
1981 2507 2063 2534 atto-

1078 2546 1080 2555 '
1106 2548 1188 2578 nitas
1212 2547 1316 2578 reddit
1339 2547 1503 2577 hominum
1524 2551 1655 2582 mentes,
1680 2550 1715 2575 ut
1738 2545 1770 2575 in
1794 2545 1856 2576 illis
1885 2545 2061 2578 luminibus

1078 2592 1080 2600 '
1106 2590 1211 2621 Deum
1236 2590 1378 2625 adorent,
1402 2594 1495 2628 atque
1518 2588 1756 2627 itaimpingant
1774 2588 1938 2618 inlimine.
1972 2588 2061 2629 Ergo

1106 2644 1167 2673 quo
1192 2633 1305 2663 melius
1329 2636 1537 2672 agnoscerent
1560 2630 1726 2661 Israelitae
1755 2641 1850 2670 quam
1881 2635 2064 2670 praeposte-

1825 2679 1858 2705 25
