2304 3034
114 224 178 255 429

116 316 399 356 incomparabilem
418 316 573 347 virtutum
591 318 740 345 ornatum
759 311 934 351 spectabat.
969 311 1079 350 Atque

117 359 178 389 hoc
203 359 331 398 quidem
357 358 516 399 posterius
540 356 579 388 ad
602 355 752 386 ecclesiae
783 360 925 393 pastores
956 353 1078 392 aliqua-

116 406 212 431 tenus
235 401 403 432 transferri
433 404 545 440 potest.
591 398 705 437 Neque
735 397 819 428 enim
852 395 990 427 absurda
1018 396 1078 426 erit

115 443 276 484 analogia,
306 444 332 475 si
362 443 504 474 dicamus
532 451 596 472 non
628 440 706 470 alios
729 449 798 470 esse
822 442 888 469 tam
912 437 1077 478 praeclaro

116 486 238 516 honore
262 485 384 526 dignos,
411 484 474 515 nisi
497 484 528 514 in
552 482 667 523 quibus
690 481 871 521 resplendet
896 482 998 511 virtus
1021 491 1076 510 ex-

115 528 232 568 quisita
254 534 286 559 et
304 528 434 558 minime
457 526 610 566 vulgaris.
646 524 710 556 Sed
733 524 877 564 apprime
900 522 1075 554 tenendum

115 576 163 602 est
197 570 281 610 quod
316 570 400 607 dixi,
433 569 465 599 in
503 568 560 599 hoc
592 567 713 598 vestitu
744 567 943 606 designatam
975 565 1076 596 fuisse

114 623 273 644 summam
287 612 408 643 Christi
428 610 611 650 puritatem,
636 614 667 641 et.
687 609 906 640 admirabilem
925 608 1072 648 gloriam:

114 666 149 686 ac
173 656 199 686 si
224 655 313 686 Deus
336 654 539 693 promitteret
562 652 770 683 mediatorem
793 651 886 692 longe
909 650 1075 691 augustio-

113 708 180 728 rem
205 697 271 728 fore
300 706 395 736 quam
426 696 508 726 ferat
536 695 679 726 humana
707 693 854 726 conditio.
901 693 977 724 Ideo
1008 693 1074 723 fore

112 740 304 780 pronunciat
331 739 364 769 in
395 738 528 778 gloriam
560 743 591 768 et
621 737 776 768 decorem.
829 736 879 766 De
912 736 1071 766 artificum

111 781 269 822 sapientia
291 781 393 812 fusius
416 780 587 811 dicendum
612 780 672 810 erit
695 778 779 819 quod
799 789 883 809 nunc
903 779 1070 818 attingam,

111 825 249 855 imbutos
283 823 404 855 scilicet
438 823 536 854 fuisse
570 822 632 853 Dei
673 821 789 862 spiritu
823 831 934 852 omnes
966 821 1021 860 qui
1055 830 1072 850 a

110 866 230 897 mundo
263 866 391 897 condito
426 872 510 896 artes
545 865 769 905 excogitarunt
802 863 896 894 utiles
931 863 1072 894 humano

109 909 237 949 generi:
266 914 303 939 ut
332 909 428 939 etiam
459 908 586 947 profani
616 908 787 947 scriptores
817 906 916 937 coacti
951 905 1072 936 fuerint

109 961 224 982 vocare
258 950 389 981 deorum
422 950 564 981 inventa.
619 948 683 981 Sed
717 950 790 989 qnia
821 949 854 979 in
886 948 946 978 hoc
976 958 1071 988 opere

109 993 219 1024 divino
242 1003 316 1024 rara
339 999 370 1024 et
392 993 521 1024 insolita
544 992 672 1024 solertia
695 1002 774 1032 opus
798 996 883 1028 erat,
907 991 1071 1031 singulare

107 1035 225 1067 donum
249 1036 382 1075 spiritus
405 1036 606 1075 exprimitur.

192 1079 221 1109 4.
247 1078 315 1109 Hae
333 1080 405 1109 sunt
422 1088 523 1109 omnes
539 1080 640 1109 vestes.
672 1077 735 1108 Hic
756 1087 869 1107 rursus
888 1076 1071 1106 admonitos

108 1121 181 1153 volo
204 1121 349 1157 lectores,
373 1125 408 1151 ut
431 1120 554 1161 argutis
578 1119 853 1160 speculationibus
879 1119 986 1149 valere
1005 1119 1070 1149 ius-

107 1164 161 1202 sis,
190 1163 395 1203 simplicitate
419 1163 560 1194 contenti
585 1163 659 1193 sint.
684 1163 816 1193 Possem
837 1162 970 1193 recitare
989 1161 1070 1192 mul-

106 1210 158 1237 tas
180 1206 367 1246 plausibiles
386 1204 564 1245 allegorias,
588 1216 669 1245 quae
692 1206 772 1235 forte
791 1204 864 1244 plus
883 1204 967 1244 apud
988 1204 1070 1234 mul-

106 1253 157 1279 tos
190 1247 346 1279 haberent
376 1249 499 1288 gratiae
526 1258 621 1287 quam
652 1248 753 1278 solida
781 1258 888 1277 rerum
919 1247 1069 1286 cognitio.

108 1290 144 1322 Si
175 1291 246 1330 quis
268 1290 327 1321 hoc
357 1290 448 1321 lusus
474 1301 591 1330 genere
615 1290 802 1326 delectetur,
832 1294 959 1320 tantum
985 1289 1070 1329 legat

106 1333 190 1374 quod
214 1333 343 1373 scripsit
365 1333 586 1374 Hieronymus
616 1332 655 1363 ad
680 1333 861 1363 Fabiolam:
892 1332 943 1363 ubi
975 1332 1069 1363 colle-

106 1377 155 1417 git
177 1376 328 1416 quidquid
360 1376 426 1406 sere
460 1376 586 1415 assequi
611 1380 734 1416 poterat
766 1385 806 1405 ex
836 1375 973 1405 aliorum
1002 1384 1069 1405 om-

105 1419 198 1450 nium
222 1418 360 1458 scriptis.
398 1418 552 1458 Reperiet
574 1424 679 1449 autem
704 1417 838 1458 frigidas
862 1428 972 1458 nugas,
993 1427 1068 1456 qua-

106 1472 178 1492 rum
204 1460 418 1492 insulsitatem
444 1471 508 1491 non
532 1461 626 1492 modo
649 1461 803 1497 refellere,
828 1460 882 1490 sed
903 1460 1000 1490 etiam
1023 1470 1070 1490 re-

105 1504 189 1535 ferre
208 1504 305 1544 piget.
330 1502 447 1535 Sciunt
465 1503 518 1543 qui
539 1504 657 1534 versati
679 1508 755 1534 sunt
773 1503 805 1533 in
826 1503 905 1533 meis
924 1503 1067 1543 scriptis:

105 1556 158 1577 me
188 1557 250 1577 non
282 1546 418 1577 libenter
441 1546 592 1577 insectari
622 1546 756 1577 aliorum
788 1546 980 1581 sententias,
1013 1544 1068 1576 sed

106 1589 183 1620 dum
212 1594 325 1628 reputo
348 1599 442 1628 quam
472 1589 672 1628 periculosus
701 1589 742 1619 sit
765 1588 890 1619 aurium
914 1588 1067 1628 pruritus,

105 1642 166 1671 quo
190 1632 282 1662 multi
302 1631 464 1669 laborant,
495 1642 590 1672 cogor
611 1632 670 1663 hoc
691 1631 872 1662 antidotum
897 1641 1066 1670 opponere.
1094 1672 1095 1676 Ἰ

105 1674 171 1706 Sex
196 1680 303 1705 autem
328 1680 542 1705 numerantur
571 1674 758 1714 praecipuae
792 1679 924 1704 ornatus
949 1679 1067 1713 partes.

105 1716 201 1756 Quod
235 1717 351 1748 Graeci
387 1719 496 1755 λογεῖον
529 1722 715 1753 verterunt,
754 1716 865 1747 Latini
898 1716 1067 1756 pectorale,

103 1760 208 1790 instar
245 1759 394 1799 quadrati
433 1759 573 1790 thoracis
601 1765 671 1790 erat
701 1759 867 1799 alligatum
902 1758 1069 1795 catenulis,

102 1806 140 1833 ut
162 1803 348 1833 cohaereret
371 1812 443 1833 cum
468 1802 589 1842 ephod:
620 1802 652 1833 in
677 1813 713 1833 eo
735 1801 851 1833 inclusi
874 1807 968 1832 erant
991 1800 1067 1832 duo-

104 1845 207 1876 decim
219 1844 340 1885 lapides
359 1844 398 1875 ad
418 1844 705 1885 repraesentandas
724 1845 826 1876 tribus
840 1844 953 1875 Israel:
975 1848 1069 1875 erant

104 1898 229 1928 quoque
263 1897 391 1919 annexa
414 1887 505 1919 Urim
536 1893 568 1918 et
591 1888 787 1918 Thummim.
834 1887 935 1918 Porro
965 1887 1069 1927 qualis

104 1931 202 1962 fucrit
229 1930 346 1967 forma,
377 1936 462 1961 certo
493 1929 619 1961 definiri
654 1941 715 1961 non
752 1934 856 1969 potest
885 1940 926 1960 ex
961 1930 1069 1961 verbis

104 1973 215 2010 Mosis,
246 1977 279 2004 et
300 1973 450 2013 quoniam
474 1973 533 2012 ipsi
557 1983 682 2013 quoque
705 1972 817 2004 Iudaei
841 1973 925 2003 inter
947 1983 981 2003 se
1004 1971 1068 2003 dis-

105 2016 261 2053 sentiunt,
285 2016 424 2046 sufficiat
443 2016 534 2046 nobis
551 2015 690 2047 thoracis
712 2016 917 2055 comparatio.
943 2015 1068 2046 Nomen

104 2068 184 2090 vero
207 2069 225 2089 a
248 2058 438 2089 fortitudine
461 2062 517 2089 aut
540 2059 693 2089 thesauro
717 2057 890 2089 deductum
910 2068 981 2088 esse
1003 2068 1068 2088 non

107 2100 261 2141 displicet.
319 2101 441 2132 Verum
476 2101 535 2132 hoc
567 2111 693 2132 summa
723 2101 899 2132 attentione
934 2100 1068 2141 dignum

107 2149 169 2181 est,
197 2143 393 2174 sacerdotem
424 2143 507 2174 filios
531 2143 681 2174 Abrahae
703 2144 794 2183 quasi
818 2143 851 2174 in
874 2143 968 2174 corde
999 2154 1069 2183 ges-

107 2189 207 2223 tasse,
236 2196 302 2216 non
337 2191 464 2217 tantum
500 2190 535 2217 ut
559 2197 612 2217 eos
636 2186 827 2226 produceret
849 2196 954 2217 eoram
980 2185 1068 2217 Deo:

108 2227 161 2258 sed
191 2232 357 2260 uteorum
382 2234 466 2260 esset
496 2239 634 2266 memor,
666 2239 701 2260 ac
729 2229 767 2259 de
797 2228 902 2260 salute
924 2229 1067 2268 ipsorum

109 2269 270 2302 sollicitus.
316 2270 409 2310 Quod
431 2277 537 2302 autem
562 2271 709 2312 symbola
733 2271 897 2303 duodecim
923 2271 1067 2302 tribuum

109 2311 237 2358 fuerunt
258 2313 389 2345 totidem
413 2314 544 2354 pretiosi
568 2314 706 2354 lapides,
734 2314 867 2345 minime
896 2313 971 2344 data
1005 2314 1068 2344 illis

109 2353 171 2384 fuit
197 2356 397 2394 superbiendi
428 2357 580 2395 materia,
621 2368 657 2388 ac
691 2358 716 2388 si
747 2357 876 2396 propria
909 2355 1069 2397 dignitate

111 2400 165 2426 aut
207 2400 400 2435 praestantia
440 2401 521 2431 tanti
562 2400 824 2430 aestimarentur:
864 2398 917 2430 sed
952 2399 1068 2430 moniti

110 2438 257 2475 fuerunt,
292 2445 392 2471 totum
427 2442 566 2482 pretium
602 2452 663 2482 quo
699 2441 808 2473 fideles
841 2441 925 2482 apud
962 2442 1067 2473 Deum

110 2484 291 2517 censentur,
322 2492 339 2511 a
361 2484 526 2515 sacerdotii
557 2484 729 2516 sanctitate
758 2484 908 2525 pendere.
954 2484 1068 2524 ltaque

111 2534 151 2570 ex
182 2522 241 2553 hac
270 2523 371 2563 figura
400 2526 572 2565 discamus,
610 2532 772 2567 uteunque
803 2527 834 2557 in
867 2527 957 2558 nobis
988 2528 1069 2558 viles

111 2575 212 2596 simus
235 2569 266 2595 et
289 2566 409 2605 abiecti,
431 2568 568 2608 adeoque
592 2581 722 2609 prorsus
746 2569 839 2600 nihili
863 2570 1068 2609 quisquiliae:

112 2612 271 2647 quatenus
300 2612 405 2639 tamen
440 2620 496 2641 nos
520 2613 553 2642 in
576 2623 691 2653 corpus
715 2623 808 2644 suum
834 2613 976 2643 inserere
1000 2612 1069 2653 dig-

111 2654 207 2681 natus
229 2654 275 2680 est
299 2649 464 2690 Christus,
495 2653 528 2684 in
557 2655 625 2694 ipso
651 2666 719 2686 esse
750 2655 871 2695 lapides
901 2655 1067 2695 pretiosos.

811 217 1063 250 SECUNDUM
1085 216 1405 249 PRAECEPTUM.

2030 217 2094 248 430

1131 310 1237 350 Atque
1269 310 1332 342 huc
1362 310 1492 341 videtur
1525 310 1667 341 alludere
1698 310 1800 341 Isaias
1834 310 1867 340 in
1901 309 1970 341 loco
2002 311 2092 350 prius

1130 353 1227 383 citato
1250 352 1312 394 (54,
1338 352 1406 394 11),
1441 353 1493 384 ubi
1518 352 1556 383 de
1580 353 1732 384 ecclesiae
1755 353 1986 383 instauratione
2010 363 2092 392 quae

1130 395 1190 425 sub
1211 406 1310 435 regno
1335 395 1458 427 Christi
1483 396 1592 426 futura
1615 400 1693 433 erat,
1717 395 1816 426 verba
1837 395 1972 427 faciens:
2006 395 2091 427 Ecce

1129 438 1241 477 inquit,
1265 438 1382 469 colloco
1405 448 1501 477 super
1532 437 1762 469 carbunculum
1787 437 1910 477 lapides
1939 442 2028 476 tuos,
2059 442 2091 469 et

1128 479 1268 510 fundabo
1292 486 1321 511 te
1344 481 1378 510 in
1397 480 1573 520 sapphiris:
1598 484 1630 511 et
1651 491 1767 520 ponam
1787 480 1973 520 crystallum
1989 480 2091 511 fenes-

1128 527 1193 553 tras
1226 527 1314 560 tuas,
1349 528 1381 553 et
1414 529 1521 562 portas
1555 528 1628 554 tuas
1658 522 1779 563 lapides
1810 523 1883 563 igne
1910 523 2090 562 rutilantes,

1128 569 1158 595 et
1198 575 1309 596 omnes
1342 566 1422 596 fines
1456 570 1528 596 tuos
1562 565 1684 606 lapides
1719 565 1955 596 desiderabiles.
2011 565 2090 596 Mox

1127 607 1214 637 enim
1245 608 1388 646 sequitur
1417 608 1590 648 expositio,
1621 608 1702 639 filios
1731 612 1803 638 tuos
1833 618 1944 638 omnes
1976 607 2090 639 divini—

1127 653 1180 680 tus
1214 649 1350 681 edoctos.
1407 650 1494 690 Ergo
1532 650 1613 690 quod
1653 651 1684 681 in
1721 649 1852 681 Christo
1889 650 2087 690 implendum

1126 697 1204 728 erat,
1232 699 1366 723 externo
1390 692 1481 732 signo
1504 693 1680 732 figuratum
1704 693 1765 723 fuit
1788 692 1847 723 sub
1870 693 1949 733 lege,
1972 703 2088 733 nempe

1125 735 1272 774 quamvis
1292 736 1534 774 peregrinemur
1553 736 1585 765 in
1605 735 1734 773 mundo,
1755 735 1816 765 fide
1833 740 1939 766 tamen
1954 734 2086 767 Christo

1123 787 1194 808 esse
1216 778 1415 815 coniunctos,
1442 788 1478 809 ac
1502 778 1527 808 si
1548 788 1648 808 unum
1673 788 1744 808 eum
1772 778 1841 818 ipso
1863 788 2020 809 essemus:
2047 777 2088 808 ad

1124 819 1199 857 hoc,
1234 820 1367 859 perinde
1402 820 1504 860 ipsum
1535 831 1629 860 agere
1659 820 1771 851 salutis
1805 825 1934 851 nostrae
1964 830 2087 859 curam,

1124 871 1159 892 ac
1184 862 1209 892 si
1235 872 1292 892 nos
1315 863 1346 892 iu
1371 861 1464 893 corde
1483 862 1622 893 inclusos
1642 867 1775 903 gereret,
1795 861 1930 903 denique
1954 863 2007 893 ubi
2027 872 2086 893 nos

1124 905 1156 935 in
1180 905 1249 944 ipso
1282 905 1410 944 respicit
1439 905 1583 935 coelestis
1613 911 1719 945 pater,
1754 905 1855 945 pluris
1884 905 1988 937 facere
2018 909 2087 936 tota

1124 947 1237 977 mundi
1254 947 1419 987 opulentia
1438 952 1468 978 et
1487 948 1666 987 splendore.
1697 948 1863 986 Quantum
1884 947 1922 978 ad
1942 948 2034 979 Urim
2054 952 2087 979 et

1124 990 1311 1020 Thummim
1332 994 1462 1029 spectat,
1484 990 1562 1020 mihi
1587 990 1747 1030 probabile
1767 994 1823 1027 est,
1844 990 1923 1021 duas
1941 990 2085 1031 insignes

1123 1032 1220 1063 fuisse
1262 1038 1354 1063 notas
1394 1033 1426 1062 in
1468 1033 1636 1072 pectorali.
1677 1043 1758 1072 quae
1799 1032 1982 1063 nominibus
2016 1033 2086 1064 istis

1123 1075 1343 1106 convenirent.
1389 1075 1472 1106 Nam
1507 1075 1589 1114 quod
1620 1075 1766 1107 divinant
1793 1085 1833 1105 ex
1863 1075 1991 1106 Iudaeis
2014 1076 2085 1115 qui-

1123 1117 1207 1155 dam,
1235 1118 1333 1148 fuisse
1356 1118 1389 1148 in
1413 1117 1615 1157 subtegmine
1639 1118 1813 1157 repositum
1837 1117 2000 1149 ineffabile
2024 1118 2085 1148 Dei

1122 1171 1249 1198 11011100,
1273 1160 1372 1191 stulta
1395 1164 1425 1190 et
1450 1161 1544 1190 noxia
1567 1161 1791 1200 superstitione
1811 1170 1872 1190 non
1898 1165 1992 1191 caret.
2034 1160 2083 1191 Ab

1122 1203 1192 1234 aliis
1217 1203 1414 1239 commentis,
1439 1213 1520 1242 quae
1543 1213 1698 1242 peraeque
1721 1203 1835 1233 frivola.
1858 1209 1949 1240 sunt,
1973 1213 2085 1243 super-

1122 1246 1224 1276 sedeo.
1261 1246 1372 1285 Neque
1395 1246 1491 1276 etiam
1516 1245 1596 1275 scire
1619 1245 1738 1282 laboro,
1763 1245 1865 1284 qualis
1888 1245 1985 1276 fuerit
2008 1246 2086 1275 utri-

1122 1299 1224 1327 usque
1253 1288 1396 1328 effigies:
1431 1298 1481 1318 res
1511 1288 1578 1327 ipsa
1606 1287 1685 1318 mihi
1715 1288 1840 1319 sufficit.
1886 1287 2000 1327 Itaque
2029 1298 2086 1327 per

1123 1331 1233 1368 Urim,
1269 1332 1317 1362 vel
1348 1330 1551 1370 splendores,
1582 1341 1644 1361 non
1675 1330 1784 1361 dubito
1814 1335 1956 1361 notatam
1987 1331 2085 1362 fuisse

1122 1373 1288 1405 doetrinae
1312 1374 1428 1410 lucem,
1453 1384 1516 1412 qua
1540 1384 1633 1404 verus
1653 1373 1800 1404 sacerdos
1829 1372 1940 1403 fideles
1973 1383 2084 1404 omnes

1121 1416 1271 1447 irradiat:
1307 1416 1410 1456 primo
1444 1416 1516 1455 quia
1547 1416 1640 1447 unica
1668 1421 1715 1446 est
1745 1415 1799 1446 lux
1834 1415 1946 1446 mundi
1980 1415 2082 1456 (Ioan.

1122 1460 1150 1495 8,
1176 1459 1229 1497 12;
1253 1460 1282 1496 9,
1303 1459 1344 1500 5),
1369 1463 1462 1489 extra
1481 1469 1576 1498 quam
1596 1459 1702 1489 omnia
1721 1457 1860 1488 tenebris
1878 1458 1975 1498 plena.
1991 1462 2082 1489 sunt:

1122 1510 1154 1534 et
1177 1504 1250 1542 quia
1273 1502 1305 1532 in
1329 1503 1397 1541 ipso
1420 1501 1575 1532 reconditi
1599 1505 1676 1532 sunt
1699 1510 1810 1531 omnes
1844 1501 2019 1540 sapientiae
2052 1504 2084 1531 et

1122 1546 1274 1576 scientiae
1299 1544 1450 1575 thesauri.
1496 1543 1583 1574 Hine
1612 1544 1727 1574 merito
1751 1543 1903 1584 gloriatus
1927 1548 1974 1574 est
1996 1543 2082 1574 Pau-

1122 1589 1172 1619 lus
1197 1588 1278 1629 (Col.
1303 1588 1331 1623 2,
1355 1587 1383 1618 3.
1421 1587 1448 1618 1.
1469 1586 1542 1617 Cor.
1567 1586 1596 1624 2,
1615 1585 1663 1627 2),
1698 1596 1731 1616 se
1755 1585 1834 1616 nihil
1855 1586 1934 1617 scire
1953 1590 2083 1625 praeter

1122 1631 1231 1662 Iesum
1253 1630 1437 1662 Christum:
1462 1629 1536 1669 quia
1559 1630 1625 1659 eius
1645 1627 1854 1659 sacerdotium
1875 1629 1952 1659 satis
1971 1638 2081 1668 super-

1122 1684 1183 1714 que
1218 1684 1276 1704 nos
1309 1673 1479 1703 illuminat.
1536 1670 1626 1703 Sicut
1660 1676 1764 1702 autem
1805 1670 1987 1701 admonitus
2021 1670 2083 1702 fuit

1122 1716 1258 1756 populus
1281 1716 1389 1747 oculos
1419 1714 1457 1745 ad
1482 1714 1655 1745 sacerdotis
1678 1713 1878 1753 splendorem
1903 1723 1972 1744 esse
2003 1713 2078 1743 diri·

1121 1759 1260 1800 gendos,
1294 1758 1337 1789 ita
1373 1757 1467 1788 hodie
1502 1757 1672 1797 diligenter
1704 1755 1877 1787 tenendum
1912 1760 1960 1787 est
1997 1755 2082 1795 quod

1121 1802 1273 1833 Christus
1303 1801 1371 1841 ipse
1402 1800 1493 1831 docet
1515 1799 1572 1841 (Io.
1597 1799 1625 1835 8,
1651 1798 1716 1839 12):
1762 1798 1825 1837 Qui
1856 1799 2003 1838 sequitur
2032 1809 2083 1829 me

1122 1856 1186 1875 non
1212 1843 1357 1875 ambulat
1380 1844 1412 1873 in
1437 1842 1585 1873 tenebris.
1630 1841 1681 1872 Ex
1712 1841 1812 1871 altera
1842 1847 1932 1880 parte
1961 1841 2084 1872 Thum-

1122 1888 1214 1925 mim,
1244 1886 1327 1927 quod
1358 1885 1570 1926 perfectiones
1600 1884 1775 1924 significat,
1808 1884 1991 1923 symbolum
2023 1884 2082 1915 fuit

1122 1931 1267 1970 integrae
1281 1929 1462 1968 solidaeque
1480 1927 1638 1968 puritatis,
1662 1936 1741 1965 quae
1760 1926 1890 1956 nonnisi
1903 1926 1936 1956 in
1951 1926 2082 1957 Christo

1123 1972 1306 2013 quaerenda
1329 1977 1386 2002 est.
1431 1971 1544 2010 Neque
1577 1970 1662 2000 enim
1687 1969 1847 2009 legitimus
1870 1969 1982 2000 fuisset
2004 1980 2082 2009 pon—

1123 2016 1212 2052 tifex,
1244 2015 1305 2045 nisi
1336 2014 1478 2053 integer,
1510 2023 1608 2053 purus
1637 2011 1676 2042 ab
1699 2011 1785 2042 omni
1808 2011 1943 2049 macula,
1978 2017 2009 2042 et
2031 2012 2082 2043 0111

1122 2059 1160 2089 ad
1186 2058 1313 2098 plenam
1338 2056 1540 2087 sanctitatem
1566 2054 1643 2085 nihil
1664 2054 1797 2084 deesset.
1821 2054 1888 2084 Nec
1908 2054 2016 2094 inepta
2034 2059 2082 2085 est

1123 2101 1303 2132 distinctio:
1324 2100 1417 2131 Urim
1437 2099 1475 2129 ad
1496 2098 1657 2129 doetrinae
1676 2097 1787 2134 lucem,
1800 2096 1986 2127 Thummim
2007 2107 2083 2128 vero

1123 2144 1162 2175 ad
1188 2144 1288 2175 vitam
1313 2142 1432 2173 referri.
1463 2141 1533 2172 Hoc
1557 2139 1682 2180 quidem
1707 2139 1909 2178 aliquatenus
1931 2140 2083 2171 convenit

1123 2186 1275 2218 ecclesiae
1299 2185 1495 2226 pastoribus,
1526 2193 1604 2222 quos
1627 2182 1717 2213 decet
1739 2187 1805 2211 tam
1835 2192 1914 2212 sana
1937 2181 2083 2213 doctrina.

1123 2240 1219 2269 quam
1244 2229 1328 2258 vitae
1351 2227 1537 2267 integritate
1560 2226 1690 2265 fulgere.
1735 2223 1800 2255 Sed
1829 2224 1997 2255 eonsilium
2021 2225 2082 2255 Dei

1122 2273 1183 2303 fuit
1201 2272 1369 2302 ostendere
1393 2280 1457 2300 non
1481 2269 1554 2300 alibi
1579 2275 1750 2306 utrumque
1773 2277 1843 2297 esse
1863 2267 2082 2306 quaerendum

1122 2325 1218 2355 quam
1239 2314 1271 2344 in
1292 2313 1432 2349 Christo,
1457 2312 1532 2351 quia
1552 2310 1625 2341 inde
1645 2309 1735 2340 nobis
1754 2315 1785 2340 et
1802 2309 1922 2346 lumen,
1947 2314 1979 2340 et
1997 2310 2083 2350 puri-

1123 2362 1180 2394 tas,
1205 2367 1303 2396 quum
1328 2366 1386 2386 nos
1409 2355 1576 2394 utriusque
1607 2352 1757 2392 dignatur
1784 2352 1888 2383 facere
1911 2352 2082 2392 participes

1122 2410 1180 2440 pro
1204 2409 1354 2430 mensura
1387 2397 1546 2438 gratuitae
1570 2395 1759 2426 donationis.
1804 2394 1899 2425 Unde
1927 2396 2081 2434 sequitur,

1123 2443 1175 2483 qui
1204 2442 1254 2473 vel
1285 2441 1450 2472 minimam
1483 2439 1563 2470 lueis
1592 2437 1762 2469 scintillam
1792 2441 1884 2467 extra
1913 2436 2082 2470 Christum

1122 2489 1289 2525 appetunt,
1313 2484 1364 2515 vel
1384 2487 1507 2523 guttam
1527 2480 1683 2521 puritatis,
1704 2479 1889 2519 demergere
1901 2480 1977 2510 sein
1991 2479 2082 2521 laby-

1123 2528 1268 2558 rinthum
1303 2526 1358 2557 ubi
1392 2527 1423 2556 in
1459 2523 1598 2555 tenebris
1632 2522 1822 2553 mortalibus
1846 2526 2017 2562 vagentur,
2052 2527 2083 2554 et

1123 2571 1290 2610 pestiferos
1309 2569 1462 2600 falsarum
1483 2567 1639 2598 virtutum
1660 2566 1762 2596 fumos
1781 2564 1909 2596 sorbere
1931 2565 1964 2595 in
1988 2575 2082 2596 suum

1121 2613 1299 2644 interitum.
1353 2610 1447 2650 Quod
1478 2614 1585 2640 autem
1615 2608 1773 2647 scriptura
1803 2607 1971 2647 aliquoties
2000 2618 2083 2639 com-

1122 2660 1280 2687 memorat
1309 2664 1366 2694 per
1390 2653 1481 2684 Urim
1506 2656 1537 2682 et
1559 2651 1745 2681 Thummim
1768 2650 1868 2690 petita
1890 2650 1987 2682 fuisse
2010 2661 2081 2681 ora-
