2304 3034
179 152 243 183 115

178 244 327 275 renovari
352 243 443 274 videt
473 253 549 274 suae
580 243 768 274 vocationis.
815 243 946 274 Interea
974 246 1067 276 nobis
1091 245 1146 276 ob-

178 286 339 319 servanda
351 292 400 316 est
414 285 487 316 fidei
501 286 570 316 eius
582 286 739 325 probatio,
753 285 837 325 quod
856 286 999 318 noudum
1019 298 1147 328 accepto

177 329 330 361 mandato
354 328 392 358 (10
423 328 515 367 virga
538 328 571 358 in
601 328 727 359 coelum
751 328 906 366 tollenda,
931 340 994 360 non
1021 330 1146 361 dubita—

176 373 261 404 verit
274 370 436 402 Pharaoni
459 370 644 410 praedicere
668 370 854 401 horribilem
877 378 908 402 et
931 372 1146 412 prodigiosam

176 416 243 446 fore
262 413 464 454 grandinem.
492 413 687 453 Quanquam
708 414 734 444 si
754 414 825 453 quis
845 414 923 445 velit
942 426 1011 446 esse
1029 414 1147 457 ὕστερον

176 458 325 498 πρότερον,
339 462 371 487 01
390 467 476 487 1111110
488 456 617 487 (1011111111
637 456 749 487 referri
768 456 850 495 quod
870 457 981 488 ordine
995 460 1147 498 temporis

178 501 268 541 prius
303 504 386 535 erat,
422 509 487 529 non
523 499 697 530 contendo:
737 499 793 530 sed
831 499 890 531 1100
927 501 1006 531 1111111
1045 505 1146 541 inagis

179 543 342 584 probatur,
367 547 398 573 et
422 552 462 572 ex
485 546 640 573 contextu
663 542 758 572 etiam
784 547 870 573 10010
894 543 974 573 mihi
995 544 1146 585 colligere

179 585 307 621 videor,
343 584 393 616 die
424 585 478 615 illo
508 585 617 624 elapso
649 585 837 616 mandatam
867 586 966 617 fuisse
990 598 1146 627 exsequu-

178 629 312 664 tionem,
335 628 428 658 euius
452 634 526 658 ante
550 628 715 668 incognita
739 628 845 658 fuerat
863 628 947 659 Mosi
971 629 1031 668 ipsi
1056 631 1146 662 ratio,

177 672 266 703 Hine
296 670 427 710 quidem
450 676 482 701 et
506 670 613 701 Moses
644 671 712 710 ipse
743 670 870 709 didicit,
906 678 937 702 01
965 682 1022 702 1100
1054 673 1146 703 11οᾱ10
1173 694 1174 697 ,

177 714 300 745 discere
334 719 475 753 oportet,
510 713 671 744 elementa
706 714 829 750 omnia,
871 715 1016 754 quamvis
1051 726 1145 746 sensu

177 762 326 793 careant,
362 762 490 795 praesto
519 761 628 786 tamen
660 767 728 787 esse
752 756 791 786 ad
814 757 979 796 quodlibet
1002 757 1146 798 obsequii

177 810 282 840 genus
305 799 411 838 opifici
435 809 492 829 suo
525 799 771 838 praestandum:
803 800 930 839 quando
961 799 999 831 ad
1023 809 1144 831 motuni
1173 825 1174 828 ,

177 843 282 874 baculi
306 842 453 872 turbatus
477 841 537 872 fuit
561 848 616 873 a'er
639 842 821 873 incredibili
846 842 956 879 modo,
992 850 1026 873 111
1050 855 1145 884 gran-

177 886 261 917 dinis
294 885 419 924 copiam
452 884 673 924 opprimendis
708 885 862 916 iumentis
897 890 927 916 et
963 885 1146 917 hominibus

175 929 329 961 vibraret.

263 1013 313 1044 Ξῖ.
341 1012 426 1043 Temo
455 1012 540 1043 misit
567 1012 693 1043 Pharao
723 1013 764 1044 ad
790 1014 961 1045 vocandum
986 1014 1094 1046 Mosen
1120 1019 1145 1046 et

180 1056 326 1087 iilam-on.-
359 1058 384 1085 ct
407 1055 488 1086 diri(
520 1055 561 1086 ud
589 1066 654 1086 cos:
686 1055 815 1087 Peccavz'
842 1056 899 1087 hac
928 1058 1006 1093 vice,
1032 1058 1144 1088 Ielcora

178 1101 279 1130 *iustus
321 1100 378 1129 est:
417 1109 468 1138 eyo
504 1101 605 1129 uatem
646 1101 671 1129 et
701 1099 840 1137 popalus·
880 1109 965 1131 meus
998 1100 1144 1132 scelerati.

177 1142 227 1173 28.
254 1142 434 1173 Precmmlm‘
458 1140 616 1178 Ielzozum,
650 1143 676 1171 et
701 1152 846 1181 maumam
869 1142 927 1173 erit
953 1144 982 1174 si
1002 1154 1058 1174 non
1082 1144 1144 1175 sint

176 1186 313 1216 tonitrua
334 1184 355 1225 ¹)
379 1183 440 1215 Dee·
464 1187 491 1214 et
511 1185 649 1223 =orando:
679 1187 705 1215 et
728 1185 884 1215 <lirizinum
902 1196 969 1221 ros,
990 1196 1042 1217 nec
1062 1186 1145 1218 ultra

174 1228 345 1259 manebitis.
382 1227 431 1258 29.
460 1227 546 1257 Tum:
568 1227 648 1257 ‹ligr-it
666 1227 787 1258 Moses.-
818 1227 876 1259 ΠΜ
899 1239 1036 1268 eyressus
1057 1230 1145 1269 fecero

176 1282 212 1302 cx
234 1271 313 1308 arbe,
336 1270 496 1301 odiendam
516 1280 630 1301 manus
646 1280 730 1301 necas
750 1271 792 1301 (((ῖ
806 1270 966 1302 Ι(’]1ουαφ11.·
989 1272 1145 1303 cessabunt

175 1315 328 1351 tonitrua,
351 1316 377 1343 et
398 1313 517 1352 yrundo
542 1323 598 1343 11011
629 1314 685 1344 crit
716 1314 869 1353 amplius,
898 1317 933 1344 ut
956 1315 1038 1346 scias
1067 1315 1146 1354 quod

177 1356 308 1387 Ielzowe
338 1356 379 1386 sit
418 1358 511 1385 terra.
559 1356 608 1386 30.
650 1357 749 1395 Atqui
783 1357 819 1387 (ἷο
852 1359 879 1387 te
908 1359 934 1388 et
960 1358 1056 1388 servis
1084 1359 1146 1389 luis

176 1410 318 1439 ‹ogyrzosco
330 1399 410 1437 quod
423 1399 556 1428 nondam
570 1399 704 1430 timeatis
723 1409 825 1430 coram
841 1400 922 1438 facie
934 1400 1062 1431 Ieltovae
1074 1400 1143 1431 Dei.

177 1443 227 1473 31.
254 1442 369 1472 Linum
395 1444 421 1472 ct
443 1441 589 1472 lmrdcmn
607 1452 758 1481 percussa
787 1446 875 1473 sant:
905 1453 976 1473 nam
999 1443 1145 1474 hordeum

178 1484 405 1521 maten-escotum
432 1487 459 1514 et
480 1484 578 1514 linum
602 1488 665 1515 erat
691 1485 721 1515 in
744 1485 869 1517 calamo,
916 1486 967 1516 32.
996 1486 1145 1517 Triticum

178 1538 247 1559 vcro
277 1531 303 1558 et
330 1538 385 1558 :ea
416 1537 475 1557 non
503 1530 575 1557 sunt
599 1538 766 1566 percussa,
802 1538 833 1558 eo
861 1529 941 1567 quod
969 1529 1145 1560 abscondita

178 1574 283 1602 essens.
320 1570 371 1601 33.
395 1569 438 1600 Et
460 1580 600 1609 egfressus
621 1570 724 1601 Moses
746 1581 766 1601 α
788 1581 950 1611 conyressu
970 1571 1146 1603 Pharaonis

179 1616 265 1645 astra
294 1613 416 1649 urbem,
447 1613 595 1651 effundit
625 1624 736 1644 manus
763 1624 840 1645 suas
868 1615 909 1646 ad
933 1614 1091 1646 [ehoe-am:
1121 1618 1147 1645 et

178 1659 337 1687 cessarunt
360 1657 497 1686 tonitrua
521 1658 547 1685 ct
567 1657 700 1695 gyrando,
731 1659 757 1687 et
772 1657 886 1695 pluria
909 1667 966 1688 non
990 1660 1031 1688 est
1050 1658 1147 1697 effusa

178 1709 272 1738 super
295 1702 419 1730 terram.
465 1698 515 1729 34.
550 1698 664 1729 Videas
696 1702 798 1730 autem
824 1700 951 1731 Pharao
980 1701 1060 1740 quod
1087 1710 1146 1731 ces-

178 1745 277 1773 sasset
294 1742 417 1780 piac-iu,
442 1744 467 1772 et
487 1742 615 1781 mumulo,
640 1745 666 1772 rt
687 1743 833 1781 tonitrua,
856 1743 966 1774 adiecit
988 1743 1088 1774 adhuc
1106 1744 1147 1774 ad

179 1785 274 1824 impie
297 1785 464 1823 (quendum,
488 1787 514 1815 et
537 1786 718 1824 awraraeit
741 1795 791 1816 cor
814 1796 905 1817 suum
927 1787 993 1825 ipse
1016 1789 1042 1816 ec
1064 1786 1146 1817 servi

178 1829 254 1859 eius.
307 1828 357 1858 35.
388 1827 431 1858 Et
464 1827 608 1858 obduruit
635 1838 685 1859 cor
715 1828 910 1865 Pharaonis,
945 1839 996 1860 nec
1028 1829 1148 1860 dimisit

177 1870 261 1944 {Ilios
284 1870 394 1908 Israel,
418 1871 497 1901 sicul
521 1869 664 1909 loquutus
685 1871 790 1910 fuerat
810 1872 923 1903 selloca
941 1882 1000 1911 per
1024 1882 1148 1903 manum

202 1921 287 1945 ‘'oszs.

264 2000 313 2030 ⁶27.
341 2000 428 2030 Tunc
450 2000 536 2030 misit
556 1998 684 2030 Pharao
706 2000 748 2030 (th
770 2000 946 2031 vocandum.
981 1999 1148 2031 Confessio

178 2043 259 2073 haec
283 2043 308 2073 si
333 2053 373 2073 ex
396 2043 503 2073 animo
527 2047 611 2073 esset
634 2042 786 2082 profecta,
806 2043 934 2083 signum
955 2042 1051 2073 dabat
1070 2044 1148 2074 resi-

178 2086 372 2126 piscentiae:
402 2085 458 2116 sed
488 2085 596 2116 statim
627 2086 779 2125 cognovit
802 2086 910 2117 Moses
941 2086 1089 2116 timorem
1113 2086 1147 2116 in

179 2127 274 2160 eorde
309 2128 399 2168 impii
434 2139 497 2158 non
528 2138 598 2159 esse
633 2127 780 2159 diuturni
810 2129 906 2160 officii
940 2129 1147 2169 magistrum:

178 2171 275 2211 idque
298 2172 413 2202 melius
444 2171 587 2201 innotuit
616 2182 656 2201 ex
680 2182 714 2201 re
738 2171 818 2211 ipsa.
865 2171 1057 2211 Quanquam
1081 2182 1148 2202 me—

179 2215 282 2245 moria
307 2214 403 2244 simul
435 2214 613 2245 tenendum
644 2219 693 2244 est
720 2214 805 2254 quod
829 2220 904 2245 ante
927 2215 1037 2255 attigi,
1062 2215 1148 2245 Pha-

179 2268 310 2287 raonem
337 2267 401 2287 non
426 2257 524 2288 fuisse
548 2257 693 2287 consulto
717 2257 906 2288 mentitum:
931 2258 1004 2297 quia
1028 2263 1149 2288 terrore

180 2305 348 2340 correptus
379 2311 491 2331 omnes
526 2299 674 2339 placandi
689 2299 714 2341 2)
744 2300 806 2331 Dei
841 2300 951 2331 modos
985 2301 1148 2340 captabat:

181 2343 236 2374 sed
267 2343 362 2382 paulo
392 2349 463 2382 post
494 2343 657 2383 relapsum
689 2353 758 2374 esse
790 2343 829 2374 ad
853 2353 960 2374 mores
987 2343 1148 2383 pristinos.

180 2386 255 2416 Etsi
271 2386 355 2416 enim
377 2386 510 2425 vulpino
530 2392 603 2417 astu
625 2385 873 2417 submissionem
894 2396 970 2425 prae
989 2396 1022 2417 se
1041 2385 1150 2416 ferunt

182 2428 274 2468 impii
298 2428 375 2459 dum
399 2440 432 2459 se
456 2434 565 2468 captos
586 2428 716 2466 vident,
746 2434 783 2459 ut
806 2429 965 2469 effugium
990 2439 1008 2459 a
1027 2428 1149 2468 laqueis

182 2470 291 2507 detur,
324 2481 389 2501 non
422 2478 531 2502 tamen
555 2472 587 2502 in
616 2472 683 2502 suis
712 2471 877 2502 blanditiis
903 2472 971 2502 Deo
996 2482 1029 2502 se
1052 2471 1151 2503 verba

266 2573 294 2603 1)
313 2573 349 2598 In
367 2575 503 2606 marqine:
523 2575 580 2603 Vel,
601 2574 716 2599 Multum
735 2578 776 2599 est
796 2574 867 2607 quod
887 2574 942 2599 sint
960 2574 1086 2599 tonitrua.

266 2608 294 2639 2)
316 2608 459 2641 Princeps:
477 2608 610 2642 captandi.

765 150 1134 184 COMMENTARIUS
1159 152 1206 183 ΙΝ
1231 152 1378 183 EXODI
1402 151 1499 182 CAP.
1523 150 1584 181 IX.

1173 274 1174 280 ,
1202 247 1277 277 dure
1311 249 1436 286 putant.

2108 154 2166 185 116

1493 243 1578 282 Quin
1614 244 1720 284 potius
1753 244 1807 275 ubi
1848 251 1942 285 urget
1981 248 2164 286 necessitas,

1200 290 1304 330 parati
1328 293 1404 319 sunt
1426 287 1670 326 quibuscunque
1694 286 1795 318 modis
1819 289 2007 328 transigere,
2031 290 2166 330 ideoque

1198 332 1324 372 piacula
1358 338 1389 361 et
1423 329 1659 360 satisfactiones
1693 330 1849 360 offerunt:
1887 341 1999 362 verum
2034 332 2164 373 dempto

1202 381 1300 409 metu,
1314 374 1388 413 qnia
1402 373 1433 402 vi
1447 378 1609 402 extortum
1631 372 1735 402 fuerat
1754 372 1907 412 quidquid
1927 380 2005 405 sunt
2024 376 2165 414 polliciti,

1199 417 1309 448 statim
1330 416 1367 446 de
1392 416 1518 454 integro
1537 414 1719 446 lasciviunt.
1755 415 1869 446 Simile
1893 417 1958 447 fere
1981 418 2166 457 exemplum

1200 460 1238 490 (10
1268 459 1367 490 »Saule
1391 463 1544 488 narratur
1567 456 1609 498 (1.
1635 457 1778 489 Samuel.
1802 458 1852 496 24,
1878 459 1926 490 18.
1960 467 1989 490 et
2019 459 2069 497 26,
2101 460 2165 503 21).

1202 502 1337 533 Fatetur
1372 511 1443 532 cum
1478 510 1536 531 suo
1571 499 1725 531 dedecore
1766 501 1985 533 innocentiam
2021 503 2167 542 Davidis,

1201 556 1303 584 neque
1327 549 1451 580 tamen,
1481 542 1577 573 simul
1601 552 1637 573 ac
1661 543 1776 583 effugit
1799 544 1988 582 discrimen,
2019 555 2055 577 ac
2078 550 2166 577 metu

1200 588 1324 619 solutus
1349 591 1404 624 est,
1431 585 1549 616 desinit
1573 596 1646 616 eum
1670 586 1845 617 crudeliter
1868 588 2025 627 persequi.
2072 587 2166 627 Quod

1201 631 1226 661 si
1251 630 1363 661 demus
1389 628 1499 659 fraude
1522 627 1554 658 id
1586 628 1770 665 simulasse,
1796 629 1959 661 Pharaoni
1983 631 2084 661 maior
2107 631 2167 662 fuit

1202 673 1334 703 timendi
1370 671 1464 702 ratio:
1502 671 1575 710 quia
1609 672 1831 711 experimento
1861 674 2027 705 convictus
2058 674 2165 704 Deum

1200 716 1259 746 sibi
1284 726 1354 746 esse
1383 714 1571 751 adversum,
1606 714 1776 746 formidine
1806 726 1866 746 sua
1896 716 1936 746 ad
1966 716 2167 748 conditiones

1200 758 1359 798 quaslibet
1383 756 1576 797 rapiebatur.
1612 757 1724 787 Primo
1749 762 1855 789 autem
1880 759 2026 799 agnoseit
2049 770 2082 790 se
2105 759 2166 791 hae

1202 802 1268 832 vice
1293 810 1454 840 peccasse:
1484 810 1549 830 non
1573 799 1656 839 quod
1680 800 1803 839 priores
1834 807 1982 837 excuset,
2014 802 2070 832 sed
2091 802 2166 842 quia

1200 845 1233 874 in
1268 849 1334 874 tani
1369 853 1477 874 crasso
1512 848 1697 882 contemptu
1734 844 1836 884 magis
1876 844 2063 875 detestabile
2098 850 2167 875 erat

1200 887 1395 926 pertinaciae
1415 885 1545 915 crimen.
1581 885 1676 924 Quod
1696 886 1811 916 melius
1831 886 1931 926 liquet
1949 898 1990 918 ex
2009 888 2166 927 proximis

1172 961 1173 967 ,
1201 930 1321 965 verbis,
1347 928 1398 959 ubi
1422 929 1492 958 Deo
1515 927 1671 958 iustitiam
1697 928 1856 966 tribuens,
1881 941 1977 960 suum
2001 934 2033 961 et
2055 930 2166 970 populi

1199 972 1302 1003 scelus
1326 972 1455 1001 fatetur.
1502 971 1641 1001 Perinde
1669 972 1754 1002 enim
1785 977 1834 1002 est
1858 982 1894 1003 ae
1917 973 1944 1003 si
1976 973 2111 1004 dixisset
2133 984 2167 1004 se

1199 1016 1312 1045 merito
1347 1025 1466 1054 poenas
1501 1013 1590 1044 dare:
1627 1014 1702 1053 quia
1735 1015 1838 1045 Deum
1874 1016 1993 1046 iustum
2028 1015 2166 1046 iudicem

1199 1059 1295 1088 nimis
1319 1057 1373 1088 diu
1406 1057 1635 1096 provocaverit.
1682 1057 1752 1087 Iam
1786 1058 1860 1097 quia
1891 1069 2002 1089 veram
2034 1058 2166 1098 resipis-

1198 1101 1338 1131 centiam
1362 1099 1469 1131 verbis
1494 1110 1570 1139 prae
1593 1110 1626 1130 se
1657 1100 1717 1130 fert
1741 1100 1885 1137 Pharao,
1917 1101 2066 1142 colligere
2089 1101 2166 1133 hinc

1198 1143 1270 1175 licet
1294 1154 1356 1174 non
1382 1142 1479 1173 tribui
1504 1143 1573 1173 Deo
1602 1143 1766 1182 integrum
1798 1144 1939 1175 iustitiae
1967 1144 2122 1175 honorem
2146 1154 2165 1175 a

1198 1185 1426 1225 peccatoribus,
1450 1185 1512 1215 nisi
1535 1196 1568 1216 se
1592 1185 1679 1225 ipsos
1703 1185 1867 1217 damnent.
1914 1186 2008 1226 Quod
2032 1198 2069 1217 eo
2093 1186 2164 1218 dili-

1199 1230 1325 1269 gentins
1358 1227 1534 1258 notandum
1569 1234 1617 1259 est
1649 1228 1724 1267 qnia
1758 1230 1851 1269 pauci
1886 1236 2053 1270 reputant,
2088 1229 2164 1260 dum

1200 1278 1324 1302 reatum
1349 1272 1489 1311 effugere
1512 1276 1687 1308 conantur,
1722 1282 1755 1302 se
1785 1272 1941 1303 adversus
1965 1273 2070 1303 Deum
2095 1282 2166 1303 esse

1198 1315 1455 1345 contumeliosos.
1510 1315 1608 1353 Atqui
1640 1314 1701 1344 nisi
1732 1315 1866 1354 quisque
1894 1315 1955 1346 sibi
1986 1315 2027 1346 sit
2058 1315 2164 1353 iudex,

1198 1368 1234 1388 ac
1250 1359 1388 1397 ingenue
1402 1357 1518 1387 delicta
1531 1367 1589 1387 sua
1608 1357 1756 1395 fateatur,
1776 1357 1836 1387 Dei
1855 1358 1969 1389 iudicio
1982 1359 2166 1397 obstrepere

1200 1406 1324 1431 certum
1356 1407 1412 1430 est.
1459 1400 1603 1430 Tandem
1635 1399 1673 1430 ad
1710 1400 1970 1440 deprecationem
2004 1401 2164 1441 confugit:

1171 1477 1173 1484 Ι
1201 1444 1231 1473 111
1259 1454 1321 1483 qua
1341 1443 1452 1473 Mosen
1477 1448 1509 1473 01
1528 1441 1693 1473 Israelitas
1717 1443 1774 1473 sibi
1800 1448 1952 1483 patronos
1975 1454 2044 1475 esse
2066 1448 2166 1483 optat.

1199 1487 1270 1516 Non
1297 1486 1415 1525 absque
1435 1486 1516 1523 dolo,
1537 1486 1652 1516 fateor:
1677 1484 1765 1526 (quia
1784 1497 1912 1526 semper
1932 1486 2050 1526 duplici
2070 1486 2166 1517 eorde

1198 1534 1275 1560 sunt
1299 1528 1499 1569 hypocritae)
1524 1534 1650 1559 certum
1674 1534 1783 1559 tamen
1808 1534 1864 1566 est,
1888 1529 1963 1569 quia
1982 1529 2077 1560 malis
2097 1535 2166 1560 erat

1199 1571 1365 1608 attonitus,
1390 1582 1499 1611 pacem
1523 1572 1698 1611 quaesiisse
1718 1582 1790 1602 cum
1806 1572 1890 1603 Deo:
1915 1583 1956 1603 ne
1979 1572 2164 1603 rebellando

1198 1625 1299 1646 novas
1333 1614 1497 1654 graviores
1539 1624 1658 1654 poenas
1704 1614 1764 1646 sibi
1811 1619 1999 1646 accerseret.
2056 1614 2165 1646 Simul

1199 1662 1305 1688 autem
1330 1668 1366 1688 ac
1390 1658 1454 1688 voti
1478 1668 1609 1697 compos
1635 1657 1751 1688 timere
1782 1657 1891 1696 desiit,
1921 1669 1960 1689 ex
1991 1658 2164 1690 securitate

1198 1701 1330 1731 emersit
1362 1701 1496 1731 interior
1530 1700 1667 1739 malitia,
1707 1711 1789 1740 quae
1823 1701 1982 1732 malorum
2015 1700 2165 1741 congerie

1199 1744 1355 1773 suffocata
1386 1742 1620 1782 quodaminodo
1650 1743 1778 1774 latebat.
1825 1743 1920 1782 Quod
1944 1744 2092 1784 proxime
2115 1754 2165 1775 se-

1199 1787 1308 1826 quitur
1333 1786 1419 1816 varie
1449 1792 1617 1825 exponunt
1647 1787 1850 1826 interpretes.
1896 1787 2037 1826 Quidam
2068 1797 2166 1826 expo-

1199 1834 1283 1859 nunt
1307 1829 1464 1868 negative,
1489 1829 1573 1869 quod
1600 1839 1662 1860 non
1683 1829 1757 1867 sint,
1782 1829 1844 1868 vel,
1869 1830 1895 1860 si
1917 1840 1979 1860 11011
1998 1830 2166 1861 0111110111-

1201 1878 1286 1902 trua:
1315 1877 1345 1901 et
1378 1872 1408 1901 lii
1438 1882 1561 1911 quoque
1592 1872 1677 1902 inter
1707 1882 1741 1903 se
1771 1872 1976 1904 dissentiunt.
2023 1872 2166 1911 Quidam

1199 1915 1285 1945 enim
1307 1914 1511 1945 Pharaonem
1536 1914 1693 1955 gratulari
1717 1915 1778 1946 sibi
1802 1920 1929 1955 putant,
1952 1915 2037 1955 quod
2060 1925 2165 1946 cessa-

1200 1958 1265 1988 rint
1288 1957 1447 1988 tonitrua:
1479 1957 1534 1988 sed
1564 1968 1617 1989 eos
1648 1958 1746 1989 nimis
1776 1969 1883 1989 crasse
1907 1958 2102 1990 hallucinari
2125 1968 2167 1989 ex

1200 2004 1353 2030 contextu
1393 2000 1501 2039 liquet.
1565 1999 1601 2032 Si
1642 2011 1718 2040 ergo
1762 2001 1982 2041 interponitur
2026 2000 2167 2041 negatio,

1199 2053 1328 2073 neeesse
1352 2048 1399 2073 est
1422 2043 1536 2074 referri
1560 2054 1741 2074 sermonem
1773 2043 1812 2074 ad
1843 2049 1973 2084 tempus
2003 2043 2166 2074 futurum:

1200 2097 1236 2117 ac
1260 2086 1285 2116 si
1317 2085 1450 2122 diceret,
1482 2086 1647 2125 praeclare
1677 2096 1786 2117 secum
1818 2091 1924 2117 actum
1957 2087 1996 2117 iri
2026 2086 2052 2117 si
2076 2086 2167 2118 Deus

1199 2127 1312 2159 sedare
1353 2128 1437 2159 volet
1477 2129 1631 2160 tonitrua.
1688 2130 1800 2169 Aeque
1840 2135 1950 2160 tamen
1990 2128 2167 2169 probabilis

1200 2171 1297 2201 etiam
1322 2176 1370 2201 est
1390 2170 1518 2202 diversa
1542 2172 1648 2203 lectio:
1674 2172 1816 2203 Multum
1840 2176 1904 2209 est,
1936 2171 1987 2202 vel
2010 2182 2168 2212 magnum

1200 2213 1283 2253 quod
1308 2214 1373 2244 sint
1396 2214 1447 2244 vel
1472 2215 1592 2245 fuerint
1615 2215 1767 2246 tonitrua.
1808 2215 1857 2246 Ac
1881 2215 1908 2245 si
1934 2214 2064 2251 diceret,
2088 2215 2168 2246 satis

1201 2266 1360 2296 superque
1393 2267 1571 2296 poenarum
1604 2268 1638 2288 00
1672 2268 1729 2297 pro
1763 2257 1904 2288 stultitia
1937 2257 2076 2288 dedisse:
2115 2257 2167 2289 vel

1200 2298 1298 2341 (quod
1318 2299 1397 2329 mihi
1420 2301 1524 2340 magis
1547 2300 1664 2342 placet)
1692 2311 1726 2331 se
1755 2300 1887 2331 horrore
1910 2300 1975 2331 iam
1999 2311 2070 2332 esse
2092 2300 2168 2332 sub-

1202 2347 1326 2377 actum,
1358 2342 1432 2372 (111111
1464 2343 1618 2374 continuo
1649 2344 1776 2383 fragore
1812 2343 1948 2374 tonitrui
1983 2348 2015 2374 et
2045 2343 2168 2383 impetu

1202 2384 1371 2425 grandinis
1395 2386 1590 2424 percellitur.
1636 2386 1776 2417 Videtur
1806 2386 1891 2417 enim
1918 2396 2011 2417 suam
2034 2396 2168 2417 conver-

1202 2428 1324 2458 sionem
1356 2428 1489 2467 probare
1519 2429 1616 2460 velle:
1646 2429 1723 2469 quia
1754 2429 1902 2460 horribili
1932 2429 1993 2460 Dei
2023 2429 2169 2469 potentia

1202 2470 1305 2502 victus
1327 2469 1378 2500 sit.

1289 2512 1338 2543 29.
1368 2512 1450 2543 Tum:
1468 2514 1549 2544 (lixit
1569 2514 1681 2546 Moses.
1716 2514 1756 2545 In
1780 2515 1840 2546 hoe
1863 2525 2018 2555 responso
2041 2514 2169 2555 oblique

1203 2555 1385 2587 subindicat
1408 2556 1523 2592 Moses,
1548 2562 1585 2587 ut.
1606 2567 1686 2597 pure
1709 2561 1741 2588 et
1765 2558 1826 2588 rite
1849 2557 1956 2589 Deum
1978 2557 2116 2595 invocet,
2136 2567 2170 2588 se

1205 2600 1314 2638 fugere
1338 2604 1545 2637 conspectum
1570 2600 1766 2631 Pharaonis:
1801 2601 1877 2640 quia
1906 2600 2062 2632 sacrificia
2092 2610 2169 2640 quo-
