2304 3034
64 208 126 239 605

63 301 171 342 potius
189 301 234 331 ita
252 299 349 330 variis
369 295 592 329 afflictionibus
611 299 739 326 exercet
758 293 849 325 Deus
867 294 1023 332 homines,

66 348 103 376 ut
125 347 234 374 tamen
257 341 321 372 illis
350 351 408 380 per
440 350 473 370 se
495 339 614 370 bonum
637 337 678 368 sit
701 337 740 367 ad
764 337 938 377 imaginem
964 337 1024 368 Dei

65 390 190 418 creatos
213 395 290 422 esse,
313 388 346 414 ut
370 382 426 413 filii
449 381 517 412 eius
540 384 739 419 reputentur.
766 379 902 410 Additur
925 380 1022 410 ctiam

65 429 182 460 clarior
205 426 374 466 explicatio
396 425 428 455 in
452 423 720 458 Deuteronomio,
749 431 814 452 non
839 427 964 453 tantum
989 427 1024 452 ut

64 471 147 503 bene
170 471 291 505 vivant,
315 467 368 499 sed
388 471 423 497 ut
441 466 522 497 bene
545 465 587 495 sit
609 464 682 495 illis.
707 465 796 504 Ergo
820 475 883 495 non
897 470 1022 495 tantum

65 514 152 545 vitae
175 511 367 543 diuturnitas
390 508 595 548 promittitur,
627 507 681 538 sed
707 507 786 538 aliae
817 517 941 546 quoque
972 517 1021 538 ac-

66 556 236 588 cessiones.
286 553 329 583 Et
359 555 444 582 certe
467 550 561 580 multi
580 550 633 589 qui
657 560 733 589 erga
757 554 908 590 parentes
932 550 1023 589 impii

66 604 99 630 et
131 596 252 638 ingrati
284 595 427 629 fuerunt,
463 603 527 623 non
561 592 656 623 aliter
691 593 791 623 vitam
825 592 1023 632 protrahunt

65 650 160 680 quam
183 640 215 669 in
238 646 380 677 poenam,
404 635 480 666 dum
499 635 577 674 ipsis
597 645 718 666 merces
737 635 985 666 inhumanitatis
1005 645 1023 666 a

64 683 140 714 filiis
160 687 191 712 et
208 678 376 719 nepotibus
394 677 590 717 rependitur.
623 676 717 716 Quod
741 684 848 708 autem
872 677 1022 709 omnibus

64 725 119 765 qui
143 734 219 764 erga
239 731 389 762 parentes
411 720 516 752 officio
540 720 668 760 pietatis
699 719 839 751 defuncti
863 725 938 751 sunt
958 731 1021 751 non

64 766 221 806 contingit
243 764 393 795 diuturna
411 763 486 800 vita,
510 762 684 793 tenendum
706 767 754 793 est
773 763 924 802 praemiis
943 768 1023 793 tem-

63 809 224 850 poralibus
246 806 376 837 minime
395 806 492 836 fixam
516 816 585 836 esse
609 811 797 845 perpetuam
818 805 940 846 legem:
964 816 1019 836 ne-

62 862 125 892 que
148 857 252 881 tamen
277 848 329 879 ubi
352 848 441 878 varie
465 852 497 878 et
520 848 732 887 inaequaliter
750 854 900 887 operatur
920 849 1019 885 Deus,

62 894 168 925 irritas
189 891 258 923 fieri
280 891 520 931 promissiones:
545 891 620 930 quia
639 890 788 921 fidelibus
806 892 860 930 qui
879 891 912 921 in
932 895 1019 922 terra

61 935 178 976 privati
200 934 320 965 fuerint
342 933 472 964 caducis
494 933 668 971 beneficiis,
697 934 730 964 in
754 933 849 964 coelis
880 934 1018 973 reposita

61 983 110 1010 est
131 977 242 1008 melior
263 975 490 1015 compensatio.
536 975 633 1006 Certe
656 976 858 1015 experientia
881 976 1018 1007 saeculis

60 1020 205 1052 omnibus
234 1019 356 1054 docuit,
386 1018 492 1049 Deum
523 1018 673 1049 omnibus
697 1019 750 1058 qui
780 1019 917 1050 fideliter
940 1029 1017 1059 erga

55 1068 204 1104 parentes
228 1060 367 1092 defuncti
391 1061 511 1091 fuerint
534 1071 612 1092 vera
634 1061 769 1101 pietate,
798 1072 863 1092 non
894 1061 1016 1093 frustra

55 1105 231 1146 pollicitum
256 1115 324 1135 esse
347 1103 476 1144 longam
501 1103 613 1135 vitam.
660 1103 832 1135 Caeterum
864 1115 902 1135 ex
926 1105 1015 1144 prin-

55 1148 138 1189 cipio
160 1151 233 1178 ante
256 1147 358 1186 posito
382 1145 547 1177 sciendum
572 1150 620 1177 est
643 1152 848 1186 praeceptum
868 1147 928 1178 hoc
947 1147 1014 1178 lon-

56 1191 127 1231 gius
156 1189 285 1221 extendi
316 1199 413 1228 quam
441 1189 541 1220 verba
568 1194 699 1220 sonent:
732 1189 827 1229 idque
850 1190 943 1221 firma
966 1201 1016 1221 ra-

57 1234 141 1264 tione
164 1232 339 1272 colligitur:
371 1231 447 1271 quia
476 1231 595 1271 alioqui
625 1232 740 1262 mutila
762 1237 846 1263 esset
868 1233 919 1263 lex
944 1233 1017 1273 Dei,

55 1285 159 1315 neque
186 1274 224 1305 ad
254 1275 429 1314 perfectam
458 1274 510 1314 pie
532 1274 678 1314 iusteque
707 1275 839 1306 vivendi
869 1285 1016 1306 normam

56 1329 114 1349 nos
137 1317 329 1349 institueret.
386 1316 590 1357 Principibus
613 1327 683 1348 esse
706 1317 920 1349 obediendum
944 1329 1017 1349 sen-

55 1372 109 1392 sus
131 1360 199 1400 ipse
222 1365 357 1391 naturae
381 1359 498 1390 dictat:
523 1360 582 1391 nisi
606 1360 691 1391 servi
716 1360 854 1392 dominis
873 1362 941 1392 suis
961 1371 1016 1401 pa-

54 1410 156 1440 reant,
179 1403 339 1434 evertitur
361 1403 495 1434 societas
519 1402 653 1433 humani
677 1403 814 1443 generis.
840 1404 920 1435 Pars
940 1414 1016 1443 ergo

53 1445 194 1477 iustitiae
207 1449 255 1476 cst
274 1456 337 1476 non
357 1450 528 1485 postrema,
553 1450 585 1476 ut
606 1446 743 1485 populus
764 1447 1013 1487 magistratuum

53 1488 187 1528 imperio
210 1493 324 1528 sponte
348 1498 382 1519 se
405 1487 569 1524 subiiciat,
601 1493 632 1518 et
662 1488 748 1519 servi
780 1489 919 1521 dominis
947 1489 1015 1521 suis

52 1535 200 1572 pareant:
232 1532 338 1571 itaque
369 1531 520 1562 omissam
551 1531 649 1562 fuisse
679 1531 710 1561 iu
734 1531 805 1572 lege
828 1531 890 1563 Dei
921 1531 1016 1563 valde

52 1572 226 1605 absurdum
246 1580 339 1604 esset.
363 1574 451 1614 Ergo
470 1574 502 1604 in
522 1573 581 1604 hoc
600 1578 759 1613 pracepto,
780 1575 862 1606 sicut
882 1577 913 1606 in
933 1575 1015 1615 aliis,

53 1616 142 1648 Deus
164 1626 221 1656 per
243 1615 468 1656 synecdochen
491 1615 551 1647 sub
572 1626 636 1647 una
659 1617 765 1656 specie
789 1618 1015 1657 complectitur

50 1663 154 1690 totum
172 1669 288 1700 genus:
312 1669 428 1699 nempe
448 1663 483 1689 ut
501 1659 645 1699 legitima
663 1659 798 1699 imperia
817 1671 909 1691 suam
929 1660 1014 1700 apud

50 1711 110 1732 nos
133 1702 349 1733 reverentiam
372 1701 548 1732 obtineant.
582 1700 675 1740 Quod
695 1707 802 1733 autem
823 1714 885 1734 non
905 1704 1014 1734 omnia

51 1743 200 1776 distincte
229 1754 385 1784 expressa
413 1749 504 1781 sunt,
536 1744 639 1784 primo
662 1744 806 1776 brevitas
828 1746 898 1786 ipsa
920 1746 1013 1777 facile

50 1791 196 1818 excusat:
235 1786 350 1818 deinde
385 1787 588 1818 observanda
623 1792 674 1818 est
704 1787 767 1819 alia
796 1789 892 1826 ratio,
927 1789 1011 1829 quod

48 1829 139 1861 Deus
169 1840 276 1861 crasso
306 1829 391 1871 stylo
422 1829 507 1870 apud
538 1829 650 1861 rudem
680 1831 837 1871 populum
866 1831 1011 1863 consulto

772 201 984 241 QUINTUM
1006 202 1326 234 PRAECEPTUM.

1980 208 2041 239 60ss

1051 304 1052 307 ’
1078 306 1154 326 usus
1178 297 1290 337 fuerit⁷
1321 297 1396 337 quia
1420 297 1549 328 videbat
1572 298 1615 328 ita
1639 298 1799 338 expedire.
1847 299 1883 332 Si
1907 311 2041 341 genera-

1077 338 1152 369 liter
1181 340 1314 370 dixisset
1344 339 1556 371 obediendum
1585 351 1653 372 esse
1684 342 1834 374 omnibus
1861 343 2041 383 praefectis,

1077 386 1114 411 ut
1137 382 1285 413 omnibus
1310 383 1452 423 ingenita
1476 388 1525 414 est
1547 383 1707 423 superbia,
1730 394 1794 415 non
1815 385 1908 416 facile
1927 385 2042 418 fuisset

1077 424 1229 455 maiorem
1256 425 1420 456 hominum
1443 431 1565 465 partem
1592 426 1631 457 ad
1655 436 1830 466 paucorum
1852 428 2041 468 obsequium

1077 466 1213 497 flectere.
1259 467 1327 499 Imo
1364 474 1399 499 ut
1432 468 1624 499 naturaliter
1659 469 1767 500 odiosa
1798 475 1843 501 est
1878 471 2041 510 subiectio,

1077 509 1171 539 multi
1200 510 1356 550 refragati
1387 517 1502 542 essent.
1550 510 1698 551 Speciem
1730 522 1806 552 ergo
1833 514 2041 545 subiectionis

1077 553 1227 590 proponit
1258 552 1362 590 Deus,
1393 564 1487 593 quam
1519 564 1667 585 recusare
1690 555 1841 586 immanis
1864 560 1949 587 esset
1970 557 2041 588 bar—

1077 593 1198 631 baries;
1232 595 1278 626 ita
1312 601 1346 626 ut
1381 596 1535 635 paulatim
1567 597 1698 628 subacta
1728 597 1858 635 ferocia,
1893 598 2039 631 homines

1077 638 1268 668 assuefaciat
1292 637 1331 669 ad
1357 639 1524 670 ferendum
1547 639 1669 680 iugum.
1713 639 1800 671 Hinc
1823 640 1939 672 ductae
1962 646 2040 673 sunt

1076 679 1328 717 exhortationes,
1354 686 1390 711 ut
1413 682 1550 721 populus
1575 693 1681 722 regem
1707 682 1852 723 honoret⁷
1876 688 1911 714 ut
1934 685 2039 716 omni-s

1049 725 1050 728 ’
1076 722 1184 752 anima
1207 723 1352 754 subiecta
1375 724 1417 754 sit
1446 725 1597 764 potestati
1628 736 1709 765 quae
1738 726 1974 765 supereminet,
2002 731 2039 758 ut

1075 765 1163 795 servi
1193 765 1277 797 heris
1306 767 1372 796 suis
1402 773 1550 805 pareant,
1582 768 1679 798 etiam
1714 767 1897 800 difficilibus
1921 774 1951 800 et
1974 780 2038 800 mo-

1074 807 1156 880 rEosgs
1179 807 1289 892 (ἔτ-ὥν.
1314 808 1364 846 24,
1389 809 1439 840 21.
1476 810 1648 847 1.Petr.2‚
1672 811 1719 842 13.
1742 811 1789 843 14.
1820 811 1914 843 Rom.
1940 811 1987 850 13,
2009 812 2036 843 1.

1105 860 1124 889 p
1153 876 1157 881 .
1203 876 1209 888 ‚
1265 877 1270 882 .

1245 1049 1523 1086 EXPOSITIO
1546 1050 1857 1087 PRAECEPTI.

1372 1147 1437 1179 EX
1461 1148 1610 1181 LEVIT.
1635 1148 1729 1180 XIX.

1155 1234 1183 1265 3.
1215 1233 1433 1273 Umcsquisque
1458 1236 1580 1273 patrem
1609 1244 1701 1265 suum
1730 1238 1757 1265 et
1789 1238 1915 1267 matrem
1944 1246 2033 1268 suam

1069 1279 1180 1308 timeat.

1155 1361 1265 1400 Quum
1294 1362 1372 1394 haec
1407 1361 1571 1393 sententia
1604 1361 1691 1393 haud
1726 1362 1821 1393 dubie
1855 1363 1894 1394 ad
1928 1364 2032 1404 quinti

1070 1405 1232 1445 praecepti
1262 1404 1510 1445 explicationem
1541 1409 1677 1444 spectet,
1708 1406 1919 1437 confirmatur
1948 1407 2031 1446 quod

1070 1453 1145 1478 ante
1169 1448 1271 1484 docui,
1296 1448 1450 1479 honorem
1475 1458 1570 1487 quem
1594 1447 1683 1479 Deus
1706 1447 1892 1488 impendere
1917 1459 2032 1488 paren-

1070 1491 1154 1521 tibus
1177 1490 1274 1527 iubet,
1298 1501 1361 1521 non
1384 1490 1417 1521 iu
1442 1491 1510 1521 sola
1532 1491 1741 1521 veneratione
1764 1491 1947 1528 consistere,
1976 1491 2032 1523 sed

1069 1533 1285 1564 obedientiam
1320 1533 1415 1564 simul
1439 1533 1615 1573 complecti.
1661 1533 1860 1564 Reverentia
1883 1534 1968 1565 enim
1993 1534 2032 1566 de

1069 1587 1130 1616 qua
1155 1587 1240 1607 nunc
1265 1576 1433 1616 praecipit,
1458 1577 1635 1616 morigeros
1662 1580 1695 1607 et
1718 1576 1930 1616 obsequentes
1949 1577 2031 1609 filios

1068 1619 1189 1650 reddet.
1245 1619 1339 1650 Nunc
1362 1619 1470 1658 itaque
1494 1619 1613 1650 certius
1636 1618 1850 1660 intelligimus
1873 1620 2031 1660 quomodo

1068 1666 1218 1702 parentes
1241 1661 1308 1692 sint
1330 1661 1472 1699 colendi,
1500 1660 1577 1692 dum
1605 1661 1722 1693 liberos
1753 1662 1901 1692 hortatur
1929 1662 2029 1700 Deus,

1068 1710 1104 1735 ut
1127 1705 1166 1735 ab
1190 1715 1298 1735 eorum
1328 1704 1504 1735 offensione
1533 1710 1678 1736 caveant.
1724 1704 1814 1736 Haec
1844 1705 1930 1736 enim
1954 1715 2031 1736 vera.

1067 1747 1195 1778 demum
1231 1747 1360 1786 pietatis
1394 1752 1442 1778 est
1476 1746 1641 1787 probatio,
1675 1746 1884 1778 subiectionis
1915 1747 2029 1788 iugum

1066 1790 1189 1830 placide
1204 1790 1296 1827 ferre,
1320 1794 1352 1821 et
1375 1800 1409 1821 re
1431 1790 1502 1830 ipsa
1524 1789 1660 1830 probare
1684 1790 1844 1822 sincerum
1862 1789 2030 1821 obediendi

1065 1834 1218 1864 studium.

597 2150 932 2188 APPENDICES
957 2151 1143 2196 QUINTI
1166 2150 1478 2187 PRAECEPTI.

350 2248 414 2279 EX
438 2248 586 2280 EXODI
609 2248 706 2281 XXI.

137 2321 185 2353 15.
211 2323 270 2362 Qui
298 2326 485 2363 percusserit
511 2329 634 2364 patrem
667 2335 759 2356 suum
793 2329 848 2357 aut
873 2329 1009 2366 matrem²

49 2365 143 2394 morte
163 2366 319 2398 moriatur.

303 2509 366 2542 EX
388 2511 553 2544 EODEM
577 2513 752 2545 CAPITE.

139 2583 186 2614 17.
215 2584 274 2623 Qui
305 2586 499 2620 maledioeerit
529 2590 613 2629 patri
646 2600 700 2621 suo
734 2590 778 2621 vel
808 2591 904 2622 matri
925 2601 1010 2629 suae,

50 2627 148 2656 morte
169 2627 328 2660 morialwr.

1378 2249 1442 2281 EX
1465 2249 1611 2282 LEVIT.
1636 2250 1712 2282 XX.

1036 2315 1038 2337 ¹
1149 2335 1177 2366 9.
1215 2335 1275 2374 Qui
1307 2335 1505 2366 maledioeerit
1531 2336 1621 2374 patri
1653 2345 1708 2367 suo
1741 2337 1794 2366 aut
1825 2335 1920 2366 matri
1952 2345 2028 2367 suae

1036 2338 1038 2415 i
1063 2381 1159 2409 morte
1181 2378 1348 2409 moriatur.-
1380 2379 1434 2417 qui
1456 2379 1547 2417 patri
1577 2388 1634 2409 suo
1664 2381 1691 2409 et
1711 2378 1807 2409 matri
1836 2388 1911 2409 suae
1932 2378 2027 2410 male-

1037 2421 1039 2455 l
1064 2422 1154 2459 dixit,
1177 2421 1308 2461 sanquis
1330 2421 1398 2451 eius
1419 2430 1513 2459 super
1536 2431 1612 2452 eum.

1149 2505 1244 2536 Nunc
1263 2515 1366 2545 poena
1383 2506 1513 2546 capitali
1537 2506 1681 2537 sancitur
1703 2506 1864 2546 praecepti
1884 2505 2025 2544 violatio,

1036 2559 1127 2579 snon
1163 2554 1269 2579 tamen
1304 2558 1384 2587 quae
1425 2559 1536 2580 omnes
1569 2547 1821 2588 comprehendat
1861 2549 1914 2589 qui
1948 2558 2025 2590 erga

1064 2595 1212 2631 parentes
1235 2590 1350 2630 quovis
1373 2591 1467 2622 modo
1490 2591 1611 2623 fuerint
1633 2590 1733 2631 impii,
1764 2590 1819 2622 sed
1842 2601 1923 2632 quae
1945 2592 2025 2623 satis

1063 2633 1213 2665 ostendat
1235 2638 1383 2665 sanctum
1403 2644 1472 2665 esse
1491 2635 1541 2665 ius
1560 2638 1741 2674 parentum,
1765 2644 1824 2666 nec
1846 2644 1939 2674 posse
1957 2634 2024 2666 vio-
