2304 3034
150 162 209 193 149

148 255 369 295 dissipabitur:
397 257 536 296 proferte
559 267 750 294 sermonem,
775 260 807 287 et
831 266 893 286 non
918 257 981 286 fiet.
1016 255 1106 286 Haec

146 309 221 329 vero
234 299 425 330 confidentia
439 300 612 331 frustratur
626 299 755 338 impios:
775 298 857 338 quod
878 298 951 328 dum
971 298 1105 328 effraeni

144 340 267 380 impetu
293 343 448 380 feruntur,
472 352 534 372 non
556 346 669 381 putant
692 351 844 372 arcanum
865 351 934 371 esse
956 340 1104 371 fraenum

145 382 216 414 Deo
241 382 279 414 ad
304 384 495 415 coercendas
519 394 629 414 eorum
654 382 811 413 libidines.

231 426 258 457 8.
284 426 362 457 Filii
385 429 485 458 autem
504 426 607 456 Israel
628 425 742 465 egressi
765 427 859 455 erant.
903 425 1012 456 Tacite
1036 436 1105 464 per-

144 469 278 509 stringit
300 469 407 500 Moses
431 468 561 499 nimiam
585 467 799 503 securitatem,
823 477 903 506 quae
927 466 1105 498 abstulerat

145 521 271 542 omnem
302 517 421 542 metum
451 516 482 542 ct
511 520 635 541 euram:
667 510 750 540 unde
780 516 811 540 et
840 509 1009 540 invocandi
1044 510 1102 540 Dei

144 553 286 584 studium
310 553 393 594 apud
417 563 469 583 eos
492 552 645 592 frigebat,
674 556 709 582 ut
733 562 859 591 semper
884 552 1046 591 ignaviam
1071 557 1103 583 et

144 600 304 636 torporem
338 601 472 636 generat
504 595 669 625 securitas.

143 639 215 678 plus
238 639 367 669 afferret
390 638 517 677 pavoris
542 642 607 667 tam
633 647 786 677 magnum
822 636 993 668 discrimen
1018 637 1101 677 quod

143 681 260 711 animis
288 691 351 711 non
381 684 672 720 praesumpserant.
720 679 783 709 Sed
813 690 851 709 ex
881 679 983 710 altera
1013 686 1102 720 parte

143 723 317 763 amplificat
336 723 441 753 Moses
462 722 598 762 gratiam
621 721 691 760 Dei,
716 722 798 761 quod
822 726 888 752 tam
912 727 1100 762 opportune,

143 772 175 796 et
197 766 230 796 in
253 766 321 805 ipso
345 764 392 806 (ut
413 764 517 805 aiunt)
541 764 677 795 articulo
709 764 884 795 auxiliatus
911 765 951 795 sit
975 765 1102 796 miseris

142 808 298 839 Israelitis
310 807 409 838 stulta
422 807 544 838 laetitia
564 807 811 838 exsultantibus.
847 807 994 847 Repente
1015 808 1099 838 enim

143 850 347 890 deprehensi,
387 849 425 880 ad
460 850 599 889 primum
635 849 775 880 hostium
811 850 982 881 clamorem
1018 850 1101 881 ultro

141 893 257 932 alioqui
281 892 502 923 concidissent.
542 892 716 923 Monemur
735 893 841 932 itaque
861 892 919 923 hoe
943 893 1099 932 exemplo,

142 935 217 966 dum
246 935 306 966 tuti
337 946 446 966 sumus
478 934 539 965 Dei
570 936 783 974 protectione,
820 935 991 966 metuenda
1019 946 1100 975 quae

140 977 282 1009 accidere
306 982 438 1017 possunt
462 976 663 1014 discrimina⁷
688 989 750 1008 non
777 982 811 1008 ut
837 978 960 1017 pavidis
985 978 1100 1009 animis

139 1020 390 1056 tumultuemur,
426 1020 480 1050 sed
511 1026 545 1050 ut
576 1020 719 1050 modeste
752 1020 908 1051 lateamus
940 1021 998 1051 sub
1030 1021 1099 1052 cius

138 1062 206 1101 alis,
228 1073 329 1102 neque
348 1062 584 1094 inconsiderato
602 1062 718 1102 gaudio
731 1063 914 1093 efferamur.
946 1064 1099 1093 Proximo

138 1115 232 1136 versu
252 1105 393 1136 brevitor
411 1111 520 1136 narrat
535 1105 641 1136 Moses
665 1116 759 1145 quam
785 1105 986 1136 formidabile
1010 1117 1098 1146 spec-

136 1148 276 1179 taculum
290 1148 446 1179 Israelitis
470 1148 629 1178 obiectum
655 1148 759 1185 fuerit,
780 1159 877 1188 quum
899 1160 931 1178 50
952 1148 1099 1180 viderent

135 1190 174 1221 ab
199 1202 261 1221 una
293 1196 381 1230 parte
413 1191 492 1221 mari
522 1191 702 1227 conclusos,
727 1202 745 1221 a
769 1191 923 1221 lateribus
953 1192 1017 1221 fere
1044 1192 1098 1222 ab·

135 1240 262 1273 sorptos
275 1234 418 1264 faucibus
439 1234 598 1273 py'arum,
618 1238 650 1264 et
669 1233 765 1264 simul
786 1234 905 1264 instare
919 1235 1097 1265 exereitum

134 1275 322 1307 Pharaonis.
383 1276 483 1307 Cuius
522 1276 620 1306 robur
663 1277 766 1307 verbis
806 1277 994 1316 amplificat,
1036 1288 1096 1317 quo

133 1319 250 1349 melius
263 1330 302 1349 ex
317 1319 416 1350 altera
430 1324 521 1358 parte
534 1318 693 1359 refulgeat
705 1319 773 1358 opis
793 1319 950 1350 divinitus
970 1319 1096 1350 oblatae

134 1361 245 1402 gloria.

220 1447 268 1477 10.
303 1447 461 1486 (3111111101ιο
485 1446 689 1486 applicuisset
714 1446 846 1485 Pharao,
873 1447 1012 1477 levarunt
1035 1448 1096 1486 filii

134 1489 237 1520 Israel
256 1490 356 1520 oculos
373 1500 455 1525 suos,
477 1491 501 1520 el
520 1499 588 1527 ecce,
613 1490 758 1529 Aeyssptii
778 1490 833 1520 iter
855 1489 1007 1529 faciebant
1025 1493 1097 1529 post

132 1542 189 1563 eos.
248 1531 356 1571 Itaque
389 1533 557 1563 timuerunt
593 1532 694 1570 redde,
735 1535 759 1562 et
792 1533 1001 1563 elanmrermit
1032 1533 1095 1571 filii

133 1574 237 1606 Israel
267 1575 308 1606 ad
342 1574 492 1606 Ielzomm.
551 1575 598 1605 11.
635 1574 676 1605 Et
709 1576 855 1606 dixerunt
892 1576 933 1606 ad
968 1575 1094 1606 Mosen.-

133 1616 303 1657 Numquid,
322 1618 343 1659 ¹)
377 1618 450 1657 qaia
484 1628 540 1648 nou
579 1620 665 1648 erant
697 1618 859 1657 sepulchra
894 1619 923 1648 in
951 1619 1092 1658 Aqqypm,

131 1660 232 1691 tulisti
255 1671 309 1691 nos
332 1663 365 1691 ut
382 1670 570 1691 moreremur
590 1661 621 1691 in
640 1660 780 1691 deserto?
808 1661 909 1699 Quare
927 1661 972 1692 sie
990 1661 1093 1699 fecisti

131 1702 232 1741 nobis,
258 1706 289 1733 iit
313 1703 452 1734 adiiceres
476 1713 529 1734 nos
551 1713 587 1733 er
613 1703 774 1743 Aeyypto?
820 1704 867 1734 1⁴2.
902 1703 1010 1734 Nonae
1041 1704 1093 1735 hoe

130 1748 173 1776 est
201 1746 321 1776 verbum
353 1746 434 1785 quod
456 1746 596 1776 (lisimas
619 1746 673 1776 tibi
706 1746 734 1776 in
760 1746 912 1785 aeqypto,
944 1747 1092 1777 (licentes.-

130 1788 260 1819 Dimitte
291 1799 358 1825 iios,
389 1791 421 1818 ut
449 1789 622 1819 servicium>-
648 1789 817 1828 :leqyptiisz
864 1789 982 1820 Melius·
1012 1791 1091 1819 enim

723 594 807 624 Hinc
839 595 959 625 factum
990 601 1037 625 est
1069 595 1129 625 ut⁸

709 163 1075 196 COMMENTARIUS
1100 164 1147 194 IN
1172 164 1320 196 EXODI
1343 166 1439 198 OAP.
1464 167 1557 199 XIV.

2061 174 2124 204 1in

1159 257 1265 305 Moses
1289 270 1327 289 ex
1352 270 1386 290 re
1410 261 1585 300 improvisa
1609 262 1680 302 plus
1704 265 1835 295 terroris
1857 264 1957 296 fuisse
1980 265 2124 304 illatum,

1157 310 1231 338 qma
1259 301 1366 333 nullus
1397 304 1569 342 praevenit
1604 305 1755 344 nuncius,
1790 312 1827 337 ut
1858 307 1906 338 vel
1938 308 2121 347 pauxillum

1156 344 1309 382 temporis
1340 344 1470 376 daretur
1501 345 1540 377 ad
1569 358 1602 377 se
1631 348 1857 388 expediendos.
1902 350 1992 382 Iusta
2020 351 2121 392 igitur

1156 385 1206 415 vel
1238 386 1418 418 fortissimis
1449 390 1632 427 pectoribus
1662 391 1719 421 fuit
1749 391 1881 422 timendi
1912 403 2023 431 eausa,
2056 394 2119 426 nisi

1156 427 1286 458 modum
1316 431 1537 462 excessissent.
1585 431 1648 463 Sed
1679 433 1727 464 bis
1757 439 1948 474 peccarunt:
1979 436 2054 475 quia
2085 440 2118 468 et

1155 480 1227 517 cum
1252 473 1406 503 memoria
1426 473 1651 505 beneficiorum
1666 475 1727 506 Dei
1747 487 1819 516 spes
1838 477 1984 509 coelestis
2003 479 2119 510 auxilii

1154 512 1218 543 illis
1242 524 1374 545 excussa
1398 516 1465 553 fuit,
1489 520 1520 546 et
1543 527 1579 547 00
1603 518 1743 558 prolapsi
1766 526 1842 550 sunt
1862 521 2116 561 ingratitudinis,

1155 559 1189 584 ut
1224 561 1334 587 contra
1363 557 1466 588 Deum
1503 562 1533 589 et
1567 560 1681 591 Mosen
1716 567 1865 601 proterve
1897 563 2114 604 insurgerent.

1155 596 1349 637 Quanquam
1370 599 1523 631 videntur
1542 601 1603 633 duo
1627 604 1786 634 contraria
1811 605 1861 636 hic
1883 605 2004 643 referri,
2021 606 2114 646 ,quod

1154 645 1186 670 et
1209 640 1421 672 clamaverint
1444 643 1483 673 ad
1507 643 1669 682 Iehovam,
1690 651 1722 676 et
1745 647 1857 678 turbas
1881 648 2116 680 concitaverint

1154 682 1186 712 in
1222 684 1289 714 eius
1323 684 1517 717 ministrum.
1572 687 1636 718 Sed
1666 689 1815 730 colligere
1848 697 2032 730 promptum
2067 696 2116 723 cst

1127 737 1128 740 ¹
1153 725 1325 756 clamorem
1350 727 1440 758 illum
1466 739 1567 767 neque
1591 740 1629 760 ex
1654 731 1731 769 fide,
1762 742 1864 771 neque
1893 744 1931 763 ex
1956 735 2038 765 serio
2063 735 2113 766 vel

129 1831 215 1861 nobis
244 1834 308 1862 erat
341 1832 456 1862 servire
480 1831 642 1870 Aeyyptiis
670 1841 763 1870 queem
792 1831 870 1862 mori
900 1832 933 1862 in
967 1832 1089 1863 deserta.
1115 1851 1117 1867 ι,

132 1873 179 1904 13.
205 1873 246 1904 Et
267 1874 346 1904 dixit
366 1873 469 1904 Moses
491 1874 531 1904 ad
549 1874 716 1913 populum.-
742 1874 788 1905 Ne
810 1875 993 1905 (inmeritis.-
1015 1878 1091 1906 state
1115 1890 1116 1909 1

1115 1925 1116 1930 ’
1143 1926 1249 1951 autem
1273 1928 1303 1951 et
1328 1921 1459 1951 mordax
1485 1928 1532 1951 cst
1555 1922 1748 1961 obiurgatio:
1773 1924 1846 1961 quia
1871 1933 1933 1953 non
1958 1925 2104 1955 contenti

128 1919 155 1946 et
185 1917 279 1947 videte
306 1917 435 1947 salutem
465 1916 593 1947 Ielzoeae
626 1927 717 1955 quam
751 1917 838 1947 hodie
870 1918 963 1956 faciel
998 1918 1088 1948 vobis.

130 1959 215 1989 Nam
237 1969 311 1998 quos
334 1959 458 1990 vidistis
481 1959 647 1999 Aeyyptios
669 1959 768 1995 hodie,
798 1969 856 1990 non
886 1961 958 1990 estis
989 1961 1091 1991 visuri

123 2002 250 2041 posthac
274 2003 305 2032 in
331 2001 494 2033 saeculum.

128 2046 154 2075 et
192 2055 246 2075 vos
287 2045 454 2084 quiescetis.
513 2045 560 2075 15.
597 2045 730 2075 Differat
770 2048 869 2075 dictem
904 2046 1014 2075 [elmon
1049 2047 1090 2076 art

129 2086 253 2118 BIosen:
279 2087 360 2127 Quid
381 2088 498 2118 ciconas·
521 2088 562 2118 ad
591 2091 661 2117 me?
696 2087 857 2126 Alloquere
882 2088 964 2126 filios
989 2088 1090 2119 [srael

127 2131 161 2159 ut
176 2130 423 2168 proficiscantur.
468 2130 515 2160 16.
545 2130 591 2160 Ta
616 2140 683 2161 vcro
706 2130 807 2161 attolle
828 2130 969 2161 baculum
992 2134 1087 2169 tuum,

128 2173 154 2201 et
175 2173 298 2203 extende
320 2179 446 2203 manum
469 2176 553 2203 tuam
580 2183 672 2211 super
696 2183 792 2209 mare,
825 2176 851 2203 et
873 2174 976 2204 scinde
1001 2174 1085 2210 illud,

127 2216 154 2244 et
172 2214 386 2253 ingrediantur
401 2216 462 2254 filii.
476 2215 578 2246 Israel
591 2226 651 2253 per
669 2215 803 2246 medium
814 2216 914 2246 iiim-is·
934 2216 964 2246 iii
984 2217 1086 2248 arida.

130 2255 177 2286 17.
198 2255 239 2287 Et
256 2267 325 2293 eece,
343 2268 393 2297 ayo
404 2258 549 2289 roborabo
561 2268 610 2288 eor
624 2258 852 2298 ⁴leyyptiornm,
875 2261 905 2288 ιι(
920 2263 1089 2298 sequantur

127 2297 212 2335 illos,
234 2299 481 2339 glorifiealtorque
505 2301 537 2331 in
563 2300 742 2337 Pharaone,
766 2304 793 2331 et
818 2303 848 2331 in
873 2304 931 2331 toto
954 2303 1087 2333 exercitu

127 2341 210 2377 eius,
241 2342 272 2370 in
296 2343 436 2373 curribus
459 2343 541 2379 eius,
572 2345 598 2373 et
620 2344 651 2373 iu
676 2344 826 2382 equitibus
848 2344 924 2375 cias.

537 2002 584 2032 14.
611 2002 723 2033 Iehoeci
740 2002 891 2042 puynabit
910 2013 969 2041 pro
994 2003 1089 2042 vobis,
1114 2023 1115 2029 .

1126 776 1128 784 ¹
1155 768 1214 798 rite
1236 770 1410 808 composito
1435 771 1550 801 affectu
1574 773 1750 811 profectum
1782 775 1879 806 fuisse
1902 775 1957 806 sed
1981 777 2114 808 confuso

1153 810 1275 850 impetu
1316 811 1414 843 fuisse
1459 818 1634 845 extortum:
1680 817 1772 847 sicuti
1819 822 1953 849 naturae
1998 829 2113 851 sensus

1153 858 1285 884 cunctos
1315 855 1466 886 mortales
1497 856 1647 896 impellit,
1678 863 1714 888 ut
1745 860 1924 899 promiscue
1954 861 1986 891 in
2018 861 2113 894 rebus

1153 896 1279 926 miseris
1300 903 1374 927 vota
1393 909 1449 928 sua
1464 898 1501 928 ad
1517 899 1621 930 Deum
1641 906 1846 932 convertant:
1869 904 1995 934 tametsi
2009 915 2112 944 noque

1154 939 1407 969 misericordiam
1431 941 1499 971 cius
1523 942 1772 980 amplectantur,
1798 955 1899 984 neque
1922 946 2112 978 recumbant

1153 982 1183 1010 111
1226 982 1295 1012 eius
1337 984 1522 1021 potentiam.
1580 985 1692 1024 Itaque
1735 987 1839 1017 David
1875 988 2003 1019 Psalmo
2040 989 2110 1021 107.

1152 1024 1286 1054 miseros
1320 1035 1431 1056 omues
1461 1026 1538 1056 dicit
1572 1027 1610 1057 ad
1638 1027 1744 1059 Deum
1779 1030 1954 1071 confugere
1987 1033 2112 1071 quoties

1152 1072 1245 1106 urget
1266 1067 1371 1106 aliqua
1392 1069 1578 1099 necessitas:
1603 1071 1684 1109 quia,
1710 1076 1744 1101 ut
1764 1072 1974 1112 stupidissimi
1993 1075 2111 1114 quique

1152 1109 1200 1139 vel
1225 1111 1365 1140 maxime
1390 1111 1514 1149 profani
1540 1113 1642 1152 magis
1667 1113 1842 1145 reddantur
1866 1116 2111 1156 inexcusabiles,

1154 1152 1242 1182 Deus
1275 1157 1389 1183 natura
1420 1153 1498 1184 duce
1529 1159 1560 1185 ct
1589 1165 1705 1186 arcano
1736 1157 1889 1188 instinctu
1921 1169 1974 1189 eos
2004 1159 2043 1189 ad
2075 1170 2110 1191 se

1152 1193 1282 1225 adducit
1305 1195 1380 1225 dum
1406 1196 1635 1235 periclitantur.
1673 1198 1781 1238 Neque
1802 1205 1908 1231 tamen
1934 1201 1992 1232 hoc
2015 1201 2110 1234 modo

1151 1248 1242 1267 suum
1260 1237 1328 1267 Deo
1342 1237 1493 1269 honorem
1516 1240 1670 1278 tribuunt,
1689 1243 1834 1280 quamvis
1854 1243 1983 1283 linguae
2003 1245 2111 1276 sonitu

1151 1280 1287 1310 salutem
1312 1280 1351 1310 ab
1374 1291 1409 1311 co
1435 1282 1606 1320 postulent.
1653 1284 1786 1314 Minime
1811 1296 1886 1325 crgo
1917 1286 2034 1317 mirum
2059 1292 2109 1318 est

1150 1322 1176 1352 si
1201 1323 1234 1352 in
1259 1330 1439 1353 extremam
1464 1325 1659 1356 auxietatem
1681 1325 1798 1358 redacti
1813 1328 1978 1359 Israelitae
1997 1340 2108 1369 preces

1150 1370 1181 1395 et
1208 1370 1288 1401 vota,
1314 1366 1499 1406 interposito
1525 1368 1582 1397 Dei
1609 1369 1747 1405 nominc,
1772 1371 1989 1410 conceperint:
2016 1382 2108 1411 prae-

1150 1408 1260 1439 sertim
1275 1419 1372 1448 quum
1387 1409 1479 1448 paulo
1492 1416 1566 1440 ante
1579 1421 1667 1441 suam
1682 1411 1745 1441 illis
1757 1412 1892 1452 gloriam
1904 1414 2110 1453 patefecisset

1150 1455 1197 1481 tot
1229 1451 1409 1482 miraculis:
1451 1457 1481 1482 et
1522 1453 1677 1484 haberent
1710 1464 1836 1494 semper
1869 1456 1901 1485 in
1935 1461 2109 1496 conspectu

1151 1494 1282 1529 unbem,
1313 1494 1360 1524 vel
1388 1494 1570 1526 columnam
1594 1496 1731 1536 igneam.
1778 1497 1841 1529 Sed
1866 1498 1970 1529 insani
1994 1510 2106 1531 eorum

1149 1537 1303 1576 strepitus
1334 1543 1445 1567 contra
1476 1538 1586 1569 Mosen
1621 1539 1706 1569 claro
1741 1539 1931 1571 documento
1965 1544 2108 1582 fuerunt,

1149 1586 1267 1609 temere
1299 1580 1383 1610 velut
1414 1581 1577 1611 ecstaticus
1608 1583 1790 1621 prorupisse
1820 1583 1856 1613 ad
1889 1584 2103 1615 invocandum

1148 1622 1207 1651 Dvi
1239 1633 1365 1653 00111011,
1421 1623 1500 1653 Nam
1532 1625 1613 1662 quod
1649 1632 1814 1663 expoliunt
1844 1625 1973 1665 quidam
2006 1627 2105 1658 inter-

1147 1670 1262 1703 pretes,
1284 1664 1435 1704 quosdam
1457 1667 1506 1705 pic
1526 1666 1621 1697 fuisse
1641 1672 1792 1706 precatus,
1813 1669 1936 1699 etalios
1950 1680 1988 1699 ex
2010 1669 2105 1700 turba

1145 1707 1289 1746 improbe
1326 1708 1535 1739 tumultuatos
1570 1720 1637 1740 esst·
1679 1716 1789 1740 contra
1824 1711 1934 1741 Mosen
1976 1713 2103 1743 ratione

1144 1756 1244 1780 caret:
1288 1751 1362 1789 quia
1396 1752 1589 1781 coniunctim
1626 1752 1702 1783 haec
1738 1752 1798 1782 duo
1837 1753 2032 1791 recitantur,
2067 1758 2105 1785 ut

1144 1799 1305 1832 nequeant
1330 1793 1367 1823 ad
1393 1793 1537 1824 diversos
1562 1794 1705 1825 homiues
1731 1795 1908 1827 transferri.

1230 1836 1277 1866 11.
1305 1836 1466 1875 Numquid
1496 1837 1569 1875 quia
1594 1848 1650 1867 *nou
1683 1840 1776 1868 (aaut.
1822 1838 1884 1868 Hie
1916 1839 2030 1869 rectior
2054 1845 2102 1870 est

1142 1888 1271 1908 sensus:
1296 1879 1369 1917 quia
1394 1879 1512 1918 duplex
1527 1880 1652 1919 negatio
1674 1890 1728 1919 pro
1743 1891 1802 1909 una
1817 1881 1955 1919 ponitur.
1982 1883 2104 1913 Amara

1143 1964 1302 2003 praeferre
1335 1965 1474 2004 Aegypti
1506 1965 1647 2004 sepulcra
1681 1965 1774 1995 morti
1806 1976 1898 2004 quam
1935 1966 2101 2004 timebant,

1142 2007 1425 2037 subsannationem
1450 2007 1593 2044 miscent,
1625 2014 1812 2046 qum-rentes
1844 2008 1916 2047 quid
1950 2009 1979 2038 in
2012 2020 2102 2040 men-

1142 2054 1205 2079 tem
1239 2050 1361 2080 venerit
1396 2050 1476 2080 Mosi
1507 2055 1541 2079 ut
1572 2061 1622 2080 eos
1647 2050 1786 2080 traheret
1818 2050 1849 2080 in
1882 2050 2099 2090 solitudinem,

1142 2102 1177 2123 ac
1209 2092 1234 2122 si
1265 2098 1349 2122 terra
1380 2093 1519 2132 Aegypti
1548 2104 1609 2122 nou
1639 2092 1800 2122 sufficeret
1829 2092 1866 2122 ad
1902 2093 1986 2132 ipsos
2010 2105 2101 2134 sepe·

1142 2134 1272 2165 lioudos.
1311 2135 1407 2174 Atqui
1431 2136 1515 2165 Deus
1536 2135 1639 2174 palam
1666 2143 1696 2165 et
1720 2141 1826 2174 aperte
1846 2146 1878 2165 se
1898 2136 2010 2166 ducem
2031 2147 2100 2168 esse

1113 2192 1115 2195 v
1141 2178 1245 2207 exitus
1269 2178 1476 2217 probaverat:
1509 2177 1622 2207 deinde
1650 2177 1752 2216 turpis
1775 2177 1936 2208 socordiae
1960 2178 2021 2209 fuit
2044 2179 2098 2209 01)-

973 2345 1020 2375 18.
1048 2345 1087 2375 Et
1111 2365 1113 2374 ,

127 2383 221 2413 scient
251 2383 395 2423 Aeyyptii
422 2386 500 2424 qaod
528 2396 579 2426 090
610 2385 735 2421 sallom,
771 2397 864 2425 quiem
896 2387 1087 2426 ‚clarificatas
1111 2403 1112 2412 1

125 2426 213 2464 fitero
236 2425 268 2456 in
291 2425 464 2464 Pharaone,
491 2428 523 2458 in
546 2428 709 2468 quadriyis
731 2432 757 2460 et
779 2430 813 2460 in
836 2429 987 2468 equitibus
1010 2431 1085 2461 eius.
1111 2466 1112 2471 ¹

215 2510 262 2540 10.
301 2512 457 2549 Quamque
492 2513 689 2551 applicuisset
726 2514 858 2545 Pharao.
917 2515 1086 2555 Significat

196 2603 222 2635 1)
243 2602 276 2628 In
299 2605 430 2635 ηιαιῃιίιει
451 2603 513 2635 νκΙ,
535 2606 572 2629 An
592 2606 660 2637 quia.

1113 2257 1114 2265 ¹
1140 2263 1237 2293 fuisse
1263 2262 1451 2293 mirabiliter
1476 2263 1612 2293 eductos.

1141 2220 1241 2251 livisci
1265 2231 1365 2259 nuper
1384 2232 1416 2250 50
1437 2221 1569 2250 mortuis
1590 2220 1684 2249 fuisse
1704 2220 1833 2257 similes,
1862 2230 1897 2250 ac
1916 2231 1932 2250 e
1952 2221 2098 2260 sepulcro

1659 2263 1805 2302 Longius
1828 2262 1923 2292 etiam
1950 2273 2098 2302 prorum-

1139 2306 1185 2345 pit
1209 2316 1316 2335 corum
1343 2306 1444 2341 furor,
1477 2316 1573 2344 quum
1606 2305 1756 2335 audacter
1779 2304 1810 2334 in
1837 2306 2021 2336 memoriam
2047 2317 2097 2338 re·-

1141 2354 1253 2378 voeant
1266 2349 1379 2388 impias
1393 2348 1614 2387 blasphemias.
1636 2358 1715 2387 quae
1734 2347 1811 2386 ipsis
1825 2347 1991 2386 pudendae
2005 2353 2098 2380 erant

1139 2402 1173 2421 ac
1206 2391 1417 2421 detestabiles.
1471 2390 1571 2421 Cuius
1601 2391 1683 2420 euim
1719 2390 1962 2429 ingratitudinis
1992 2391 2096 2422 fuerat

1138 2434 1269 2464 reiicere
1299 2433 1433 2463 oblatam
1465 2433 1660 2463 liberationis
1694 2432 1846 2472 gratia-m,
1879 2437 1910 2463 et
1942 2433 2010 2463 Deo
2041 2445 2095 2465 ve-

1139 2476 1240 2506 nienti
1265 2476 1392 2506 ianuam
1416 2475 1573 2511 claudere.
1607 2481 1637 2504 ut
1661 2475 1691 2505 in
1717 2474 1782 2505 suis
1807 2475 1943 2505 miseriis
1967 2481 2094 2515 putres-

1138 2518 1267 2550 cerent?
1284 2519 1368 2549 Huic
1380 2518 1507 2558 quidem
1522 2523 1629 2547 tantae
1643 2517 1793 2556 pravitati
1807 2517 1976 2557 ignoverat
1991 2518 2092 2550 Deus:

1138 2561 1191 2592 sed
1213 2562 1353 2601 ipsorum
1373 2567 1440 2591 erat
1453 2560 1578 2591 assidue
1597 2570 1733 2600 gemere,
1752 2564 1785 2590 et
1805 2560 1996 2591 verecundia
2015 2572 2094 2601 quo-

1138 2603 1308 2635 dammodo
1339 2604 1443 2641 obrui,
1477 2608 1511 2633 ut
1539 2613 1643 2633 coram
1677 2601 1737 2632 Dei
1767 2601 1884 2633 iudicio
1914 2602 2100 2635 aboleretur

1893 2651 1943 2677 10*
