2304 3034
180 199 242 229 555

180 292 270 322 Deus
304 288 447 329 reprobis
475 284 626 326 gentibus
655 296 707 315 cos
738 283 914 324 coniungat
942 284 977 314 in
1007 284 1144 316 eundem
1171 288 1174 297 '

181 334 356 365 interitum.
403 329 574 361 Caeterum
612 327 744 358 verbnm
775 333 829 359 ΣΠ,
856 326 939 366 quod
968 325 1146 359 decaudare

182 377 348 417 significat,
384 371 573 403 tantundem
598 370 681 401 valet
706 376 801 409 atque
825 375 1007 400 extremum
1031 380 1148 410 agmen

181 428 319 458 carpere,
344 415 397 447 ubi
421 414 518 446 locari
542 413 643 444 solent
664 412 898 452 impedimenta
921 417 951 443 et
972 413 1104 452 aegroti.

474 584 537 615 EX
562 583 693 615 DEUT.
718 581 852 614 XXIII.

265 671 328 712 3¹).
355 671 427 701 Non
450 669 639 709 inyreclictar
663 668 845 698 Aomnom‘ta
868 670 894 698 et
918 667 1061 698 Moabita
1079 678 1148 699 con-

182 715 383 755 qreyationem
416 712 561 744 [chorae.-
591 712 685 742 etiam
714 711 913 751 yona-atione
941 711 1059 742 decima
1088 721 1149 742 non

179 751 369 799 Tinyredietur
391 755 652 796 conyreyatiouem
666 754 797 784 [ehoe-ae
817 764 910 792 usque
932 754 963 784 in
981 753 1148 785 saeculum.

182 803 211 833 4.
237 800 284 831 Eo
306 799 385 839 quod
409 809 468 828 uon
490 797 659 837 erceperint
685 808 736 827 uos
758 806 826 827 cum
850 807 934 836 pane
956 798 982 827 et
1005 806 1088 835 aqua
1115 797 1149 828 in

184 846 242 879 via,
262 845 463 882 posteaquam
484 840 596 880 eyrcssi
614 840 687 870 estis
709 850 746 870 ex
760 839 907 880 Aeyyffio,
932 841 958 869 et
977 839 1056 878 quod
1074 849 1149 870 mer-

182 887 250 919 cede
280 884 457 916 fundaverit
487 884 651 914 adversum
679 885 705 913 tc
729 882 855 913 Bileam
883 882 984 921 filium
1010 881 1092 913 Reor
1113 883 1150 913 de

186 929 297 961 Petlzor
325 938 338 958 e
373 926 602 966 Mesopotamia
638 925 762 965 Syriae,
796 928 829 956 at
860 925 1053 956 malediceret
1086 925 1148 956 tibi.

183 974 212 1004 5.
240 971 298 1003 Sed
329 970 427 1001 noluit
456 969 571 999 [phoca
601 968 687 999 Deus
716 971 789 999 mus
817 968 929 999 audire
960 967 1095 1004 BiZeam,
1125 970 1151 999 et

182 1014 327 1047 com-ertia
362 1012 478 1043 Iclzoca
514 1012 602 1043 Deus
636 1014 708 1042 tetus
744 1011 799 1042 tabi
839 1011 1083 1042 maledictionem
1117 1011 1151 1042 in

183 1056 427 1091 benedictionem,
461 1055 544 1094 quod
577 1054 718 1094 ‹liliyeret
749 1057 775 1085 te
807 1054 922 1085 Iehova
952 1053 1040 1084 Deus
1069 1056 1149 1086 tuus.

183 1101 210 1131 6.
238 1100 309 1130 Non.
328 1108 459 1138 quaeres
472 1107 582 1137 pacem
601 1107 706 1128 eoram
730 1099 756 1127 et
779 1097 892 1128 bonum
910 1106 1016 1127 eorum
1035 1098 1151 1128 cunctis

182 1143 288 1175 dubus
310 1142 382 1176 tuis,
405 1142 439 1172 in
461 1140 626 1171 saeculum.
671 1140 698 1170 7.
726 1139 798 1170 Non
821 1138 1048 1170 abominaberis
1066 1139 1151 1171 Edo-

182 1195 313 1223 maemn,
337 1185 411 1223 qaia
429 1184 528 1223 frater
546 1186 617 1214 tucos
635 1185 693 1213 ost:
713 1193 773 1213 non
793 1182 1019 1213 abominaberis
1032 1182 1153 1223 Aeyyp-

183 1230 269 1261 tium,
300 1228 374 1267 quia
398 1227 585 1266 per-fyrinae
607 1225 698 1265 fuisti
730 1226 870 1257 interra
900 1226 981 1256 cius:
1007 1225 1069 1263 filii
1099 1226 1153 1264 qui

182 1274 346 1303 miscentur
368 1270 412 1300 eis
432 1269 628 1309 yeneratione
650 1269 737 1300 tertia
761 1269 972 1309 ingredientur
993 1278 1153 1309 congrega-

183 1316 293 1346 tionem
318 1313 456 1344 Iesum-le.

267 1399 296 1430 3.
323 1398 393 1429 Non
415 1398 610 1438 inyredietur.
643 1396 747 1428 Sicuti
766 1396 921 1436 populum
945 1406 1048 1436 nuper
1062 1396 1152 1427 Deus

181 1442 345 1483 prohibuit
387 1440 426 1471 ab
460 1441 547 1471 omni
583 1440 743 1471 affinitate
778 1444 810 1470 et
844 1439 970 1470 foedere
1004 1440 1152 1480 gentium

183 1485 360 1521 Chanaan,
390 1484 434 1514 ita
466 1494 552 1514 nnnc
577 1484 661 1514 inter
685 1483 884 1523 alienigenas
909 1482 1095 1523 distinguit,
1121 1486 1152 1513 et

184 1529 276 1559 docet
304 1538 365 1567 qua
388 1527 459 1567 lege
480 1537 622 1566 quosque.
647 1526 819 1557 admittere
843 1525 947 1556 liceat.
988 1525 1036 1557 Ac
1060 1525 1150 1556 Moa-

183 1572 266 1602 bitas
280 1570 409 1610 quidem
430 1575 461 1600 et
476 1569 680 1600 Ammonitas
701 1579 830 1608 prorsus
850 1568 969 1600 reiicit:
991 1569 1065 1608 quia
1085 1579 1151 1599 non

183 1613 276 1646 modo
300 1623 471 1644 commune
495 1612 710 1643 humanitatis
722 1611 863 1643 officium
884 1612 1076 1651 negaverint
1096 1622 1150 1651 po-

183 1657 267 1697 pulo,
292 1656 346 1687 sed
371 1666 460 1686 arma
479 1661 591 1686 contra
610 1666 684 1686 eum
704 1654 912 1694 sumpserint,
933 1659 1030 1694 atque
1053 1655 1150 1684 etiam

184 1699 397 1732 conduxerint
423 1698 557 1729 Balaam
583 1697 621 1729 ad
645 1709 717 1728 enm
743 1696 1009 1728 maledicendum.
1045 1697 1150 1728 Erant

185 1742 356 1784 progenies
380 1741 484 1779 Loth,
513 1746 607 1781 atque
631 1741 713 1772 filios
737 1740 889 1771 Abrahae
919 1740 1069 1780 amplecti
1093 1750 1149 1780 pro

185 1786 337 1816 tratribus
365 1784 554 1815 debuerant.
594 1784 670 1814 Fuit
696 1784 794 1824 igitur
822 1783 1053 1814 inexcusabilis
1079 1783 1149 1813 bar-

185 1828 302 1864 baries,
328 1838 381 1858 eos
405 1827 563 1858 violenter
587 1827 742 1866 impetere
765 1827 817 1866 qui
842 1826 927 1857 ultro
950 1836 1061 1866 pacem
1085 1825 1149 1856 illis

184 1871 384 1903 obtulerant:
405 1870 459 1909 qui
480 1870 696 1910 promiserant
715 1880 772 1909 per
792 1880 866 1900 suos
892 1869 1015 1909 legatos
1035 1880 1067 1900 se
1087 1869 1149 1899 iter

185 1915 325 1945 facturos
355 1913 474 1952 absque
504 1913 623 1943 iniuria
653 1918 684 1943 et
715 1912 885 1943 maleficio:
922 1912 975 1952 qni
1011 1912 1149 1951 deniqne

185 1958 346 1997 petierant
377 1956 438 1987 sibi
465 1956 636 1986 transitum
668 1956 829 1995 permitti,
854 1955 948 1986 modo
982 1955 1062 1986 bona
1089 1954 1150 1985 fide

184 2000 325 2039 pretium
347 2004 555 2029 numerarent
576 1999 666 2038 panis
685 2004 716 2028 ct
736 2008 850 2038 aquae:
872 1998 931 2029 etsi
951 1997 1037 2028 haud
1056 1997 1150 2028 dubie

185 2043 384 2082 impietatem
409 2042 511 2081 magis
538 2052 632 2081 quam
663 2041 830 2073 saevitiam
864 2041 950 2071 ultus
979 2045 1028 2072 est
1054 2041 1151 2077 Dens,

186 2085 268 2125 quod
305 2096 368 2115 non
397 2085 491 2115 modo
522 2095 615 2114 suum
648 2084 837 2115 beneficium
873 2083 978 2114 facere
1012 2084 1152 2121 irritum,

187 2128 241 2159 sed
269 2127 363 2159 fidem
388 2138 512 2167 quoqne
536 2127 704 2158 exinanire
730 2127 832 2157 moliti
857 2128 994 2157 fuerant.
1041 2126 1149 2165 Quum

187 2182 262 2211 vrgo
286 2182 341 2210 per
364 2180 415 2201 eos·
436 2181 499 2200 non
521 2170 660 2201 stetisset
680 2170 851 2209 quominus
871 2171 990 2210 periret
1010 2169 1152 2205 ecclesia,

187 2222 216 2244 ct
248 2212 409 2243 excideret
437 2213 568 2244 effectus
600 2213 835 2252 promissionis,
867 2213 899 2242 in
925 2223 987 2252 qua
1016 2211 1153 2243 fundata

189 2264 255 2286 ‹ri-at
280 2256 447 2286 hominum
473 2256 574 2292 salus,
607 2255 701 2295 idque
723 2256 860 2286 seientes
884 2260 914 2285 et
940 2255 1086 2286 volentes
1109 2255 1151 2285 fc-

189 2299 314 2337 eissent,
339 2309 403 2329 non
428 2299 543 2329 mirum
569 2298 596 2329 si
620 2298 658 2329 ab
680 2298 815 2329 ecclesia
838 2298 971 2328 fuerunt
994 2298 1125 2328 exclusi.

272 2342 301 2372 4.
323 2342 365 2372 Et
388 2342 468 2381 quod
492 2341 622 2373 mercede
645 2342 832 2372 condam-it.
880 2342 947 2371 Etsi
973 2340 1154 2372 communis

190 2392 236 2414 est
259 2385 337 2414 ratio
356 2395 412 2415 cur
435 2395 597 2424 nunquam
619 2384 745 2414 admitti
765 2384 877 2415 debeat
896 2389 1031 2423 uterque
1055 2393 1154 2423 popu—

190 2426 255 2458 lus.
282 2427 407 2457 videtur
439 2435 546 2458 tamen
571 2427 715 2457 consulto
740 2432 884 2457 imitatus
908 2438 977 2457 esse
1001 2437 1155 2457 numerus

192 2470 296 2499 verbi:
323 2471 395 2509 quia
420 2470 519 2501 Balac
543 2481 598 2500 rex
624 2470 719 2500 Moab
744 2470 877 2500 Balaam
902 2469 1073 2500 conduxit:
1099 2468 1154 2499 sed

191 2512 263 2551 quia
287 2512 380 2542 simul
405 2514 683 2552 conspiraverant,
709 2513 822 2543 merito
846 2513 929 2543 idem
954 2513 1075 2543 crimen
1100 2511 1155 2542 ad-

191 2555 339 2585 scribitur
360 2556 565 2586 Ammonitis.
603 2556 640 2585 in
661 2566 696 2586 co
717 2555 844 2595 quidem
869 2566 902 2586 se
926 2554 1067 2595 prodidit
1091 2566 1155 2585 ma-

280 2648 304 2679 1)
324 2649 404 2673 Hem.
423 2649 438 2673 4
474 2651 498 2674 9.

873 189 957 224 SEC
964 190 1128 222 UNDUM
1151 190 1472 222 PRAEOEPTUM.

2105 190 2167 222 556

1200 285 1287 315 xime
1310 284 1509 315 detestabilis
1542 284 1700 325 impietas,
1732 284 1817 323 quod
1848 285 2081 316 mercenarium
2112 285 2169 317 ho-

1201 328 1320 359 minem
1338 326 1552 361 conducendo,
1577 327 1631 366 qui
1656 326 1891 358 maledictionis
1915 328 2035 358 fulmen
2059 328 2167 359 vibra-

1200 376 1248 401 ret
1267 375 1380 401 contra
1402 369 1566 410 populum,
1588 374 1757 400 tentarunt
1776 368 1884 400 Deum
1905 370 2037 410 magicis
2056 371 2166 402 incan-

1201 413 1378 444 tationibus
1402 413 1591 452 opprimere.
1627 412 1739 451 Neque
1763 412 1946 452 ignorantia
1964 413 2046 453 lapsi
2075 418 2167 452 sunt,

1201 466 1299 495 quum
1330 456 1490 486 obstinate
1515 455 1655 485 furorem
1679 465 1775 485 suum
1800 456 1984 495 prosequuti
2007 455 2088 493 sint,
2112 456 2167 487 do-

1202 509 1259 530 nec
1282 509 1299 529 e
1322 498 1409 529 coelo
1433 503 1614 537 prostratus
1638 497 1707 528 fuit.
1747 497 1792 528 Et
1815 497 1875 529 hae
1899 498 2024 529 ratione
2048 498 2168 530 diserte

1201 541 1403 581 exprimitur,
1424 541 1558 572 Balaam
1579 551 1642 571 uon
1660 540 1759 571 fuisse
1779 540 1934 577 auditum,
1958 541 2035 581 quin
2058 541 2168 581 potius

1202 583 1287 614 diras
1321 584 1389 614 eius
1424 594 1460 614 ac
1495 583 1681 614 devotiones
1716 583 1750 613 in
1774 583 2033 615 benedictionem
2066 584 2167 616 fuisse

1201 637 1383 658 conversas.
1430 626 1517 657 Hinc
1555 630 1688 665 apparet
1724 636 1821 665 quam
1850 625 2061 658 formidabilis
2096 627 2167 659 vin-

1202 669 1288 701 dicta
1316 680 1368 700 eos
1390 680 1501 700 omnes
1525 673 1655 699 maneat
1677 668 1731 708 qui
1754 668 1817 699 Dei
1840 670 1978 709 gratiam
2008 673 2040 700 et
2067 670 2168 701 eccle-

1202 712 1267 743 siae
1291 712 1427 743 salutem
1459 711 1633 742 deliberata
1663 711 1787 742 malitia
1816 716 2016 752 oppugnant.
2062 711 2166 744 Sicuti

1201 754 1295 786 hodie
1315 766 1333 786 a
1351 754 1570 786 defensoribus
1591 759 1727 794 papatus
1747 754 1827 785 nulli
1847 765 1911 786 non
1929 759 2102 786 moventur
2119 755 2167 787 la-

1201 797 1306 837 pides,
1342 808 1402 837 quo
1436 797 1583 829 coelestis
1616 796 1781 828 doctrinae
1815 808 1944 829 cursum
1976 797 2168 836 disturbent,

1202 840 1267 871 imo
1301 840 1515 880 evangelium,
1545 840 1570 870 si
1601 840 1670 871 fieri
1705 845 1826 879 posset,
1862 851 1879 871 e
1916 840 2021 871 medio
2044 840 2168 872 tollant.

1202 882 1375 914 Caeterum
1392 883 1520 923 qnando
1539 883 1623 913 clare
1640 887 1769 913 notatur
1784 882 1846 913 alia
1863 883 2046 914 reiectionis
2061 894 2167 922 causa,

1203 925 1301 956 stulte
1331 926 1390 957 hoc
1420 925 1573 957 iudicium
1603 925 1731 965 quidam
1765 925 1898 956 trahunt
1930 926 1970 956 ad
1993 926 2167 966 originem:

1202 968 1277 1008 quia
1311 979 1350 1000 ex
1385 969 1565 999 incestuoso
1599 969 1683 999 coitu
1714 969 1920 1000 Ammonitas
1946 973 1977 999 et
2006 968 2168 1000 Moabitae

1203 1012 1323 1042 fuerint
1346 1011 1500 1051 concepti,
1525 1010 1651 1041 excludi
1673 1011 1712 1042 ab
1736 1011 1888 1042 ecclesiae
1907 1012 2040 1052 gremio.

1289 1054 1316 1085 7.
1358 1054 1429 1085 Non
1458 1053 1683 1085 abominaberis
1713 1053 1915 1085 Edomaeum.
1967 1053 2040 1093 Quo
2068 1054 2168 1095 insig-

1205 1097 1278 1128 nius
1301 1102 1383 1128 esset
1407 1096 1590 1136 exemplum
1612 1097 1642 1127 in
1667 1107 1769 1136 poena
1793 1107 1890 1137 quam
1909 1097 2064 1128 abversus
2077 1097 2169 1128 Moa-

1205 1140 1287 1171 bitas
1314 1147 1345 1170 et
1367 1139 1572 1170 Ammonitas
1604 1139 1719 1170 edixit:
1740 1139 1911 1171 Idumaeos
1934 1144 1966 1171 et
1987 1139 2168 1181 Aegyptios

1205 1183 1239 1213 in
1268 1183 1362 1214 tertio
1391 1182 1495 1223 gradu
1528 1182 1655 1212 admitti
1684 1182 1787 1213 iubet:
1810 1183 1934 1223 priores
1968 1183 2042 1223 quia
2065 1193 2169 1223 genus

1207 1224 1364 1257 ducebant
1398 1225 1436 1256 ab
1468 1224 1579 1256 eodem
1609 1231 1752 1265 parente,
1789 1236 1902 1265 nempe
1936 1225 2036 1261 Isaac,
2069 1236 2169 1266 quum

1207 1274 1316 1299 essent
1338 1268 1455 1307 posteri
1479 1268 1582 1298 Esau:
1607 1268 1725 1299 alteros
1748 1278 1826 1299 vero
1845 1269 1920 1308 quia
1939 1268 2081 1308 hospites
2100 1268 2168 1299 fue—

1206 1316 1289 1342 rant.
1332 1311 1417 1342 Nam
1451 1310 1526 1341 inde
1557 1310 1685 1350 patebat
1709 1312 1913 1343 Ammonitas
1947 1315 1978 1343 et
2006 1310 2168 1342 Moabitas

1206 1365 1263 1385 suo
1283 1353 1402 1385 scelere
1420 1353 1459 1384 ab
1482 1352 1603 1384 honore
1626 1364 1696 1385 esse
1719 1353 1866 1390 deiectos,
1891 1354 1984 1385 cuius
2007 1365 2048 1385 ne
2071 1353 2168 1385 alieni

1206 1397 1334 1436 quidem
1354 1400 1462 1427 essent
1481 1401 1638 1436 expertes.
1674 1396 1848 1428 Caeterum
1872 1397 1932 1428 etsi
1944 1397 2034 1429 Esau
2057 1406 2091 1427 se
2115 1396 2168 1428 ab·

1205 1440 1371 1471 dicaverat
1393 1439 1431 1470 ab
1455 1439 1567 1469 ordine
1591 1439 1742 1477 fidelium,
1773 1439 1848 1471 filiis
1871 1445 1979 1471 tamen
2005 1439 2073 1471 eius
2097 1449 2167 1470 rur-

1205 1494 1275 1514 sum
1300 1486 1409 1522 aperta
1436 1481 1497 1512 fuit
1519 1482 1629 1520 ianua,
1660 1482 1754 1513 modo
1777 1482 1816 1513 ad
1840 1487 1988 1523 caputet
2010 1482 2168 1522 originem

1204 1525 1363 1561 redirent,
1396 1535 1431 1556 ac
1462 1524 1535 1555 fidei
1559 1535 1635 1556 suae
1658 1525 1840 1556 humilitate
1863 1526 2027 1557 sancirent
2049 1525 2168 1565 primo-

1204 1569 1385 1608 genituram
1413 1567 1524 1603 Iacob,
1555 1569 1608 1607 qui
1638 1567 1757 1599 electus
1783 1569 1890 1599 fuerat
1918 1569 2093 1608 praeterito
2115 1567 2167 1599 vel

1203 1611 1385 1651 posthabito
1408 1620 1518 1641 eorum
1542 1615 1642 1650 patre.
1678 1610 1744 1642 Sed
1767 1611 1844 1651 quid
1868 1611 1928 1643 sibi
1951 1611 2023 1642 vult
2045 1620 2167 1651 poenae

1204 1653 1417 1694 inaequalitas
1441 1653 1472 1683 in
1495 1653 1565 1693 pari
1592 1653 1735 1684 scelere?
1767 1654 1849 1684 Nam
1874 1654 1980 1685 Edom
2002 1653 2089 1694 prior
2116 1664 2166 1684 ar-

1204 1697 1265 1728 mis
1284 1697 1414 1728 adortus
1437 1700 1485 1727 est
1502 1695 1655 1726 Israelem
1680 1706 1775 1736 quam
1796 1696 1900 1733 Moab,
1925 1700 1955 1728 et
1978 1696 2082 1736 coegit
2104 1696 2166 1728 alio

1202 1740 1265 1771 iter
1288 1744 1422 1771 vertere.
1462 1738 1533 1769 Non
1558 1738 1762 1770 conductitiis
1781 1739 1911 1779 quidem
1932 1739 2167 1780 imprecationi-

1204 1784 1262 1815 bus
1292 1786 1472 1813 certaverat
1502 1780 1541 1811 ad
1573 1781 1773 1821 perdendum
1808 1781 1979 1813 Israelem:
2010 1782 2066 1813 sed
2092 1782 2167 1822 quia

1203 1825 1391 1866 suppliciter
1420 1835 1477 1864 per
1508 1828 1669 1854 vetustam
1696 1825 1921 1865 cognationem
1945 1830 2079 1866 rogatus
2102 1835 2167 1856 non

1203 1869 1296 1900 modo
1327 1871 1502 1908 negaverat
1526 1867 1716 1903 transitum,
1747 1867 1802 1898 sed
1826 1878 1899 1899 cum
1927 1867 2052 1909 ingenti
2075 1878 2166 1899 exer-

1202 1912 1268 1944 citu
1292 1912 1324 1942 in
1348 1920 1513 1942 occursum
1538 1910 1690 1946 irruerat,
1727 1910 1826 1941 nihilo
1848 1911 1958 1941 mitius
1981 1910 2168 1941 tractandus

1203 1960 1273 1986 erat
1296 1963 1390 1994 quam
1406 1953 1537 1983 Amalec
1563 1953 1610 1982 vel
1627 1953 1776 1984 Ammon.
1810 1952 1901 1984 Adde
1924 1953 2008 1993 quod
2032 1953 2168 1985 arctiore

1203 1997 1370 2037 sanguinis
1389 1995 1518 2026 vinculo
1537 1995 1710 2033 coniuncti,
1733 1995 1839 2026 minus
1859 2000 1951 2026 erant
1970 1996 2169 2027 excusabiles

1203 2041 1237 2071 in
1257 2050 1315 2070 sua
1339 2038 1548 2069 immanitate.
1583 2037 1695 2077 Itaque
1718 2047 1847 2069 causam
1868 2049 1931 2069 non
1951 2038 2090 2075 invenio,
2113 2048 2169 2069 cur

1204 2083 1239 2114 in
1263 2093 1315 2114 eos
1339 2081 1525 2113 clementior
1548 2080 1644 2111 fuerit
1668 2080 1758 2111 Deus
1778 2091 1874 2120 quam
1893 2081 1925 2111 in
1951 2081 2030 2112 alios
2053 2081 2169 2121 quibus

1204 2125 1265 2157 fuit
1283 2124 1441 2156 severior:
1462 2123 1523 2153 nisi
1538 2123 1611 2162 quia
1630 2123 1799 2154 ostendere
1818 2123 1966 2161 voluerit,
1990 2124 2023 2153 in
2036 2123 2169 2154 arbitrio

1205 2179 1261 2200 suo
1281 2178 1365 2205 esse,
1384 2165 1509 2202 eadem,
1529 2176 1608 2205 (luae
1628 2166 1660 2196 in
1685 2165 1756 2197 aliis
1775 2167 1908 2206 gravius
1932 2165 2074 2197 vindicat
2098 2176 2170 2206 pec-

1205 2217 1293 2247 cata,
1322 2210 1355 2240 in
1379 2209 1450 2239 aliis
1474 2208 1576 2239 levius
1599 2209 1772 2248 castigare:
1799 2219 1913 2248 nempe
1936 2219 2035 2248 quum
2058 2219 2170 2240 omnes

1206 2253 1296 2294 digni
1316 2253 1381 2283 sint
1399 2255 1542 2282 extremo
1562 2251 1710 2287 interitu,
1729 2252 1843 2281 merito
1863 2251 1998 2282 liberum
2023 2251 2073 2282 ins
2095 2262 2169 2292 par-

1207 2295 1301 2328 cendi
1330 2294 1445 2335 quibus
1469 2294 1638 2333 placuerit,
1667 2293 1751 2333 apud
1777 2304 1811 2324 se
1835 2294 1962 2325 retinet.
2007 2294 2070 2325 Hic
2094 2293 2169 2325 ado-

1206 2339 1308 2370 randa
1324 2342 1400 2369 sunt
1414 2337 1480 2367 eius
1504 2336 1629 2374 iudicia,
1653 2336 1691 2366 ad
1715 2347 1852 2375 quorum
1876 2336 2081 2368 altitudinem
2106 2347 2169 2368 non

1208 2386 1422 2422 penetramus.
1465 2379 1575 2418 Neque
1600 2385 1706 2410 tamen
1731 2379 1944 2419 inaequalitas
1974 2380 2169 2419 obstreperis

1208 2425 1379 2464 impiorum
1400 2422 1531 2453 vocibus
1550 2422 1688 2452 obnoxia
1707 2427 1769 2457 est,
1791 2433 1827 2453 ac
1850 2423 1877 2453 si
1901 2422 1969 2462 ipsc
1992 2422 2052 2454 sibi
2075 2422 2168 2454 dissi-

1208 2467 1292 2499 milis
1305 2473 1396 2501 esset,
1418 2470 1449 2495 et
1470 2476 1488 2494 a
1503 2464 1582 2503 legis
1598 2475 1673 2495 suae
1697 2465 1809 2504 regula
1823 2465 2020 2496 deflecteret:
2041 2464 2170 2505 quando

1209 2511 1254 2541 sic
1286 2507 1409 2549 agendo
1434 2518 1495 2537 nou
1527 2507 1645 2538 iudicat
1673 2506 1808 2539 diversis
1831 2507 1943 2548 modis,
1973 2507 2028 2539 sed
2057 2518 2170 2539 omnes

1210 2562 1370 2593 peracqua
1398 2550 1596 2588 damnando,
1637 2549 1785 2590 indulget
1815 2551 1932 2590 quibus
1969 2551 2075 2582 visum
2113 2554 2169 2589 est,

1212 2595 1261 2627 vel
1291 2598 1413 2634 partein
1447 2604 1565 2632 poenae
1591 2593 1731 2623 remittit.
1779 2593 1827 2623 Dc
1852 2594 2021 2634 Aegyptiis
2044 2603 2170 2633 quoque

1211 2637 1332 2669 moveri
1367 2640 1470 2676 potest
1503 2635 1662 2675 quaestio,
1697 2646 1754 2667 cur
1784 2635 1846 2666 illis
1873 2636 2052 2677 obstringat
2081 2636 2171 2667 Deus
