2304 3034
128 198 191 230 525

130 291 262 332 gravius
283 294 429 330 peccato,
448 298 571 320 crassae
600 286 802 326 ignorantiae
822 290 878 316 cst.
924 286 992 316 Nec
1016 297 1092 317 vero

130 335 227 374 longa
249 333 442 363 refutatione
464 340 542 370 opus
565 333 625 364 est,
655 327 709 358 ubi
741 328 845 367 palam
877 333 1011 367 apparet
1033 328 1093 359 hoc
1118 369 1119 372 Ἰ

130 376 201 407 loco
224 375 393 415 specialem
417 372 499 404 tradi
528 370 673 411 regulam
697 369 741 417 de·
764 370 889 417 ratione
914 371 1093 410 impetran-

132 418 191 449 dae
219 418 349 454 veniae,
383 415 437 446 ubi
466 414 536 454 quis
560 423 616 453 per
638 412 881 452 incogitantiam
908 423 973 443 non
997 423 1092 460 repu-

132 460 215 492 tavit
237 471 270 491 se
300 460 333 489 in
359 457 504 494 decimis,
534 459 590 486 aut
619 455 701 485 votis
731 453 908 491 solvendis,
940 458 996 485 aut
1019 455 1091 486 alus

132 501 344 534 oblationibus
366 499 463 531 solide
487 508 552 529 non
574 497 672 527 fuisse
695 496 911 536 perfunctum.

226 544 274 575 17.
317 543 427 581 Itaque
457 541 486 571 si
525 540 632 570 anima
658 540 838 577 peccaverit.
895 538 1091 579 Quanquam

134 587 265 618 videtur
287 584 443 625 generalis
466 591 585 620 sermO,
615 590 651 612 ac
672 582 699 612 si
722 582 864 612 breviter
886 582 1092 613 confirmaret

132 639 213 669 quae
245 628 397 659 hactenus
424 625 519 655 dixit:
552 633 682 655 necesse
715 628 823 654 tamen
854 629 903 655 est
933 624 984 654 vel
1016 635 1090 656 eon-

131 675 242 702 texere
270 679 342 701 cum
372 668 517 708 proximo
545 666 704 703 membro,
736 666 788 697 vel
818 667 1017 707 restringere
1050 666 1091 697 ad

132 718 236 745 certas
258 711 385 752 species.
430 709 513 740 Mihi
535 709 624 748 prior
648 709 805 748 expositio
831 709 958 740 videtur
988 714 1089 741 recta:

131 766 190 787 nec
213 753 383 786 absurdum
406 756 453 783 est
476 751 524 782 bis
547 750 632 782 idem
662 751 779 790 repeti,
810 756 844 782 ut
874 752 1091 792 immorigeris

131 795 365 838 tergiversandi
397 804 508 825 ansam
541 793 750 833 praecideret.
803 793 996 834 Quanquam
1026 805 1090 825 non

130 840 251 871 infitior
273 839 425 869 rationem
448 847 529 875 quae
552 836 585 866 in
609 837 672 867 fine
702 836 884 874 subiicitur,
916 836 955 867 ad
979 847 1090 868 omnes

131 881 169 913 de
192 882 305 922 quibus
327 879 475 911 disseruit
497 878 651 918 expiandi
670 878 780 909 modos
803 878 951 909 extendi:
975 890 1090 919 nempe

130 924 274 964 quamvis
311 921 526 962 ignorantiam
565 921 718 952 obtendat
757 921 810 961 qui
852 922 1089 953 inconsiderate

129 966 236 1006 lapsus
258 969 320 1001 est,
344 963 394 995 νε]
417 963 521 994 noluit
549 963 624 994 data
652 974 748 1003 opera
776 974 923 1003 peccare,
950 965 998 995 vel
1031 975 1089 1005 per

129 1008 321 1040 oblivionem
340 1006 459 1046 aliquid
477 1006 621 1037 maculae
640 1007 691 1037 vel
710 1007 896 1046 pollutionis
915 1007 1087 1044 contraxit,

127 1061 217 1082 reum
240 1055 345 1081 tamen
368 1059 437 1080 csse
460 1059 567 1080 coram
598 1049 668 1080 Deo
698 1049 799 1080 donec
828 1059 861 1080 se
892 1050 1086 1081 reconciliet.

126 1094 214 1133 Ergo
246 1091 298 1122 ubi
328 1101 447 1131 agnum
481 1091 645 1131 integrum
679 1097 711 1122 et
744 1092 820 1122 iusti
849 1092 943 1131 pretii
977 1093 1087 1123 offerri

125 1136 220 1172 iubet,
243 1144 354 1164 rursus
375 1133 513 1164 ostendit
536 1134 694 1173 quomodo
717 1144 857 1174 purgare
887 1146 920 1166 se
948 1135 1088 1166 debeant

125 1178 177 1217 qui
206 1178 239 1208 in
273 1177 371 1207 sacris
404 1176 619 1207 oblationibus
652 1179 773 1208 fuerint
807 1177 903 1208 nimis
937 1178 1086 1209 restricti.

123 1219 281 1251 Continuo
300 1229 376 1249 vero
401 1223 474 1258 post
492 1219 640 1260 adiungit
659 1220 815 1250 rationem
835 1220 904 1250 aliis
923 1220 1086 1251 erroribus

122 1271 339 1294 communem:
360 1271 396 1291 ac
411 1262 436 1292 si
458 1261 576 1292 diceret
597 1273 659 1292 uon
680 1262 803 1293 absolvi
823 1273 930 1293 coram
943 1264 1013 1294 Deo
1033 1263 1086 1303 qui

120 1304 159 1336 ad
181 1303 347 1345 tegendam
371 1304 497 1344 culpam
528 1305 730 1344 ignorantiae
757 1305 895 1336 colorem
919 1306 1083 1338 obiiciunt.

478 1475 628 1506 LEVIT.
653 1474 712 1506 VI.

203 1560 218 1590 1
233 1560 262 1601 ¹).
298 1560 458 1599 Loqautas
486 1563 529 1590 est
558 1563 722 1599 praeterea
752 1560 866 1591 Ielzova
893 1561 955 1600 ipsi
984 1560 1078 1598 Most,
1106 1603 1107 1606 Ἰ

116 1603 254 1634 dicendo:
281 1603 309 1634 2.
333 1603 453 1633 Anima
481 1613 575 1641 quum
599 1605 783 1642 peccaverit,
813 1606 840 1634 et
858 1604 1079 1643 praevaricata

114 1646 208 1684 faerit
240 1646 538 1684 praevaricationem
581 1649 685 1676 contra
726 1646 884 1683 Ieliovam,
931 1647 1079 1677 mentiens

115 1698 218 1727 nempe
239 1689 334 1727 fuerit
350 1689 495 1726 proximo
517 1698 573 1718 suo
594 1689 627 1719 in
650 1689 801 1727 deposito,
825 1692 878 1719 aat
900 1690 934 1720 iri
956 1690 1077 1728 deposi-
1102 1726 1104 1734 ,

116 1731 194 1762 tione
219 1741 344 1766 manus,
377 1733 431 1761 aut
460 1734 603 1770 raptam,
631 1735 683 1762 aat
711 1732 775 1762 vim
802 1732 905 1770 fecerit
929 1733 1076 1771 proximo

115 1784 178 1811 sao,

117 1858 200 1889 homo
216 1859 367 1898 peccando
389 1860 422 1890 in
446 1859 543 1897 ipsis:

117 1901 284 1939 deliquerit,
306 1904 370 1932 tam
392 1902 492 1932 reddet
515 1905 640 1941 raptzmi
659 1903 738 1941 qnod
756 1903 871 1941 rapuit,
895 1907 949 1934 aut
971 1905 1002 1935 vi
1026 1915 1074 1935 ez:-

116 1946 226 1974 tortum
243 1945 322 1983 quod
341 1945 372 1975 vi
388 1945 521 1981 emersit,
545 1948 599 1975 aut
617 1945 789 1984 depositarii
807 1947 888 1984 quod
904 1947 1075 1985 depositum

115 1986 209 2025 faerit
226 1987 309 2026 apud
326 1987 424 2025 illam,
447 1987 491 2017 vel
509 1989 661 2018 amissam
679 1989 758 2027 quad
776 1989 933 2020 invenerit.
959 1990 987 2021 5.
1009 1991 1076 2021 Aac
1101 2028 1103 2034 .

117 2029 274 2068 quidpiam
297 2030 385 2060 aliud
407 2040 444 2060 ez
466 2031 605 2061 minibus
626 2031 662 2061 de
680 2031 792 2069 quibus
812 2032 962 2063 iuraverit
983 2033 1075 2072 falsa,

117 2074 185 2102 tanc
206 2072 308 2103 reddet
332 2072 408 2103 illud
430 2073 462 2103 in
485 2073 628 2108 solidam,
651 2076 676 2103 et
699 2075 841 2112 quintam
866 2075 964 2112 ipsius
987 2077 1077 2107 addet

118 2113 178 2144 illi:
206 2115 291 2154 eique
317 2115 404 2145 cuius
434 2118 499 2145 erat
527 2116 631 2147 reddet
659 2116 737 2147 illud
759 2117 808 2148 dte
837 2117 997 2149 oblationis
1017 2130 1076 2158 pro
1102 2138 1104 2154 2

351 2158 379 2189 6.
412 2157 600 2189 Oblationem
630 2169 698 2190 vero
723 2171 781 2198 pro
810 2160 915 2191 delicto
945 2171 1000 2192 sico
1023 2163 1076 2193 ad-
1102 2200 1104 2203 ι

118 2157 223 2188 delicto
243 2167 306 2188 sao.

120 2198 203 2230 ducet
225 2199 367 2236 Ieliovae,
395 2201 518 2231 arietem
546 2202 696 2242 «mamam
724 2214 738 2232 e
758 2202 941 2242 pecudibus,
970 2215 1074 2236 secun.

120 2241 192 2271 dam
221 2242 457 2274 aestimationem
486 2254 576 2274 suam
610 2245 651 2275 ad
681 2245 858 2283 faciendum
888 2247 1076 2285 sacrificium

115 2293 174 2321 pro
196 2283 297 2314 delicto
318 2285 358 2315 ad
378 2286 568 2317 sacerdotem.
615 2288 642 2318 7.
668 2287 817 2326 Ezpiahit
845 2298 913 2318 eum
935 2291 1077 2322 ¹sacerdos

120 2334 223 2356 coram
248 2326 376 2366 Iehova,
406 2331 432 2359 et
461 2330 628 2360 remittetur
656 2331 699 2365 ei,
729 2330 861 2369 &piabit
892 2331 1017 2369 inquam
1040 2334 1077 2364 al»

120 2377 181 2398 ario
208 2378 243 2398 ex
269 2370 403 2401 omnibus
429 2381 506 2411 qaae
534 2373 635 2411 jacere
664 2373 735 2403 salet
765 2373 850 2403 homo
875 2373 1077 2413 delinquendo

120 2420 155 2440 in
177 2420 216 2441 eo.

208 2495 234 2525 1.
265 2495 421 2535 Loquutus
442 2502 484 2530 est
500 2503 663 2539 praeterea
687 2502 807 2533 Ielzova.
853 2503 922 2534 Iam
946 2514 1010 2534 non
1037 2504 1076 2535 de

122 2538 284 2568 erroribus
307 2540 470 2579 expiandis
491 2542 619 2574 disserit
643 2544 766 2582 Moses,
792 2545 842 2576 ubi
868 2556 923 2585 per
954 2547 1075 2587 incogi-

208 2630 235 2661 1)
253 2630 332 2656 Hebr.
352 2631 374 2664 5,
393 2632 426 2658 20
443 2643 476 2659 ss.

818 192 1071 225 SECUNDUM
1096 194 1415 228 PRAECEPTUM.

221 1773 249 1804 3.
273 1775 338 1804 Aut
359 1773 508 1804 invenerit
530 1774 681 1805 amissam
702 1777 729 1805 et
751 1776 903 1814 neqniverit
926 1775 1018 1813 illud,
1041 1785 1077 1806 ae
1102 1813 1103 1816 Ἰ

114 1816 262 1847 iuraverit
284 1817 366 1855 salso
388 1817 421 1847 in
450 1827 510 1848 auo
537 1827 573 1847 eac
602 1817 742 1848 omnibus
770 1828 848 1856 quae
875 1818 976 1856 facere
1003 1819 1076 1850 solet
1101 1824 1103 1860 J

585 1860 613 1890 4.
643 1862 741 1898 Quam
764 1870 832 1900 erqo
849 1862 1027 1898 peccaverit,
1049 1864 1076 1892 et
1101 1876 1103 1891 ι

2052 205 2115 237 526

1146 290 1280 320 tantiam
1304 301 1377 321 rens
1404 296 1473 321 erat
1504 295 1664 330 peccator:
1696 302 1811 323 verum
1841 294 1866 324 si
1894 295 1967 334 quis
2000 302 2115 336 sponte

1145 337 1177 361 et
1199 332 1345 363 consulto
1374 333 1480 363 Deum
1510 333 1714 370 offendisset,
1746 336 2016 369 reconciliationis
2048 350 2112 371 mo-

1146 372 1220 403 dum
1246 375 1445 413 praescribit.
1490 375 1586 413 Quod
1612 381 1725 407 notatu
1751 377 1884 417 dignum
1905 384 1967 418 est,
1991 391 2031 412 ne
2054 382 2112 413 du-

1146 414 1248 446 bitent
1271 417 1323 455 qui
1347 418 1530 448 voluntario
1553 423 1683 457 peccato
1714 419 1858 451 obstricti
1889 428 1981 460 sunt,
2005 424 2111 456 Deum

1145 457 1205 486 sibi
1229 458 1295 488 fore
1319 460 1508 498 propitium,
1533 460 1626 491 modo
1649 461 1689 491 ad
1714 462 1842 493 unicum
1871 464 1992 496 Christi
2016 468 2112 498 sacri-

1145 499 1253 530 ficium
1277 500 1322 541 (in
1346 512 1409 540 quo
1432 502 1533 533 solida
1555 507 1681 534 constat
1710 504 1898 536 umbrarum
1917 507 1997 547 legis
2026 510 2111 540 veri—

1146 541 1207 582 tas)
1231 552 1264 572 se
1283 544 1459 575 conferant.
1505 545 1694 576 Cavendum
1718 546 1846 586 quidem
1870 553 1934 587 est,
1958 561 1999 581 ne
2022 562 2111 591 prae-

1144 588 1238 614 textu
1262 585 1452 617 clementiae
1482 593 1514 618 et
1542 587 1706 619 facilitatis
1730 588 1793 620 Dei
1823 590 1916 622 nobis
1946 592 2112 634 indulgea-

1145 636 1233 656 mus:
1258 637 1332 658 nam
1367 628 1439 668 plus
1473 640 1574 669 aequo
1607 641 1666 662 nos
1700 631 1740 662 ad
1774 634 1970 672 peccandum
2004 638 2111 669 carnis

1143 667 1242 699 libido
1265 670 1429 707 sollicitat,
1454 676 1490 702 ut
1512 683 1576 702 non
1600 673 1729 704 accedat
1752 675 1826 706 talis
1856 676 2024 709 illecebra:
2051 690 2111 710 nec

1144 712 1300 751 sacrilega
1323 713 1356 742 in
1379 713 1485 744 Deum
1510 716 1704 746 contumelia
1731 723 1832 755 vacat,
1853 718 2016 751 licentiam
2036 732 2109 761 pec-

1143 753 1238 784 candi
1261 765 1300 784 ex
1334 765 1370 785 eo
1400 757 1556 795 arripere,
1585 758 1667 797 quod
1690 759 1781 790 Deus
1811 760 1850 791 ad
1878 761 2108 800 ignoscendum

1143 796 1185 826 sit
1215 807 1403 836 propensus.
1450 799 1578 839 Regnet
1609 812 1685 841 ergo
1726 803 1757 832 in
1789 803 1880 834 nobis
1911 803 1974 836 Dei
2002 806 2108 845 timor,

1143 839 1197 877 qui
1233 849 1349 879 pravas
1385 841 1578 880 cupiditates
1614 843 1719 874 instar
1745 845 1846 876 fraeni
1876 854 2035 887 coerceat,
2065 859 2108 880 ne

1142 886 1256 920 sponte
1278 882 1311 912 in
1336 882 1463 922 culpam
1487 884 1648 922 labamur,
1669 886 1738 917 eius
1761 888 1858 918 etiam
1885 890 2109 923 misericordia

1142 924 1250 963 potius
1283 924 1390 955 odium
1426 930 1457 956 et
1492 926 1733 959 detestationem
1773 932 1894 970 peccati
1926 933 2040 973 gignat
2073 936 2107 965 in

1141 966 1291 998 cordibus
1320 968 1456 1005 nostris,
1496 979 1591 1008 quam
1625 980 1683 1002 nos
1712 972 1752 1002 ad
1786 973 1951 1005 audaciam
1983 976 2106 1008 incitet.

1142 1008 1207 1040 Sed
1232 1009 1408 1049 prudenter
1431 1012 1526 1042 simul
1549 1013 1727 1044 cavendum
1749 1021 1812 1051 est,
1837 1027 1877 1047 ne
1900 1018 1927 1048 si
1946 1018 2107 1059 fingamus

1142 1052 1247 1082 Deum
1271 1053 1464 1084 voluntariis
1487 1055 1625 1094 peccatis
1649 1056 1897 1096 inexorabilem,
1923 1061 2042 1093 nimius
2065 1063 2106 1093 ri-

1141 1104 1199 1133 gor
1217 1095 1301 1134 apud
1325 1096 1545 1127 sanctissimos
1564 1108 1706 1138 quosque
1725 1110 1813 1139 spem
1832 1102 1947 1134 salutis
1970 1108 2105 1136 evertat.

1141 1137 1229 1168 Sunt
1251 1138 1336 1168 enim
1360 1138 1466 1170 adhuc
1490 1139 1583 1171 hodie
1605 1141 1735 1180 quidam
1758 1142 1950 1183 phrenetici,
1975 1147 2029 1185 qui
2050 1158 2103 1178 ve-

1141 1180 1227 1210 niam
1249 1181 1398 1211 omnibus
1421 1186 1557 1222 negant,
1581 1183 1694 1222 quibus
1718 1195 1774 1224 per
1803 1188 1909 1218 carnis
1934 1188 2104 1221 infirmita-

1142 1227 1204 1252 tem
1224 1222 1288 1253 labi
1312 1224 1492 1264 contigerit.
1529 1224 1612 1263 Quia
1636 1232 1742 1257 autem
1765 1230 1900 1260 morosis
1920 1230 2104 1264 hominibus

1140 1265 1261 1295 arridet
1284 1267 1457 1303 severitas,
1487 1267 1546 1299 hoc
1577 1268 1689 1300 delirio
1713 1270 1806 1301 valde
1829 1272 1973 1304 turbavit
1995 1274 2104 1306 Nova—

1140 1313 1191 1338 tus
1216 1313 1358 1339 veterem
1378 1310 1552 1341 ecclesiam.
1598 1311 1721 1342 Verum
1746 1313 1771 1343 si
1792 1314 1889 1352 probe
1908 1326 1965 1347 nos
1990 1327 2103 1348 omnes

1138 1351 1358 1388 excutiamus,
1388 1352 1483 1392 plane
1506 1353 1640 1393 liquebit
1671 1356 1801 1386 tetricos
1834 1357 1912 1389 istos
1945 1369 2103 1398 censores,

1137 1393 1191 1432 qui
1216 1393 1342 1424 laudem
1361 1395 1542 1427 sanctitatis
1563 1407 1602 1427 ex
1624 1397 1794 1429 immodica
1813 1401 1988 1439 asperitate
2008 1402 2103 1434 affec-

1137 1440 1221 1474 tant,
1246 1437 1341 1467 nimis
1365 1448 1489 1468 crassos
1512 1449 1580 1469 esse
1604 1439 1797 1480 hypocritas.
1844 1443 1927 1473 Nam
1952 1445 1979 1475 si
2003 1444 2097 1484 depo-

1108 1478 1197 1509 lsito
1231 1479 1313 1510 fastu
1354 1490 1446 1511 suam
1488 1481 1587 1512 vitam
1629 1488 1831 1521 excuterent,
1874 1486 1946 1525 quis
1987 1497 2101 1518 eorum

1135 1531 1235 1560 purus
1258 1528 1341 1553 esset
1365 1533 1383 1553 a
1406 1525 1687 1563 concupiscentia?
1711 1531 1742 1556 et
1771 1528 1840 1566 quis
1870 1539 1933 1559 non
1964 1529 2100 1561 subinde

1134 1563 1194 1594 sibi
1218 1564 1302 1595 male
1326 1566 1472 1596 conscius
1495 1567 1601 1597 esset?
1648 1568 1837 1609 Prodigiosa
1860 1581 1935 1611 ergo
1963 1573 2100 1603 caecitas

1134 1612 1197 1643 est,
1222 1618 1257 1637 eo
1282 1608 1485 1647 perfectionis
1508 1610 1655 1641 attollere
1683 1611 1828 1643 homines
1851 1624 1947 1644 carne
1970 1616 2098 1645 mortali

1130 1649 1354 1687 circumdatos,
1374 1655 1410 1681 ut
1429 1651 1548 1683 nullius
1571 1663 1623 1683 eos
1644 1654 1712 1683 vitii
1731 1660 1787 1684 aut
1805 1655 1918 1695 culpae
1941 1663 2095 1697 coarguat

1131 1703 1188 1723 sua
1222 1694 1426 1724 conscientia.
1473 1694 1516 1725 Et
1550 1695 1609 1726 hac
1652 1696 1769 1727 diaboli
1804 1698 1980 1738 impostura
2013 1699 2095 1730 nihil

1130 1736 1234 1774 magis
1255 1736 1461 1776 pestiferum,
1495 1747 1547 1768 eos
1577 1749 1595 1769 a
1625 1749 1681 1778 spe
1712 1740 1826 1771 veniae
1849 1741 2018 1773 excludere
2044 1743 2098 1782 qui

1129 1778 1266 1809 scientes
1285 1784 1316 1809 et
1336 1779 1481 1810 volentes
1500 1788 1688 1819 peccarunt:
1715 1783 1841 1822 quando
1865 1794 1958 1814 nemo
1977 1788 2026 1815 est
2043 1785 2096 1816 vel

1128 1831 1167 1851 ex
1187 1822 1315 1861 optimis
1335 1822 1397 1852 Dei
1420 1823 1532 1861 servis,
1555 1824 1587 1854 in
1607 1834 1669 1863 quo
1692 1835 1756 1855 non
1780 1826 1941 1857 interdum
1965 1837 2097 1866 praeva-

1128 1865 1214 1895 leant
1239 1865 1344 1895 vitiosi
1368 1866 1472 1896 carnis
1499 1866 1641 1898 affectus.
1688 1867 1847 1906 Quamvis
1873 1869 1958 1899 enim
1992 1880 2095 1909 neque

1128 1907 1267 1938 adulteri
1290 1908 1370 1944 sint,
1394 1918 1498 1947 neque
1528 1909 1631 1946 fures,
1656 1921 1760 1950 neque
1784 1911 1979 1949 homicidae,
2000 1923 2096 1944 nemo

1127 1955 1236 1981 tamen
1260 1954 1308 1981 est
1330 1961 1425 1989 quem
1449 1961 1513 1981 non
1537 1956 1627 1982 reatu
1651 1954 1852 1993 constringat
1876 1954 2024 1985 ultimum
2048 1955 2094 1986 le-

1129 1994 1178 2033 gis
1208 1998 1430 2033 praeceptum:
1468 1993 1541 2023 Non
1576 1996 1789 2035 concupisces.
1836 1996 1879 2026 Et
1912 2002 1998 2028 certe-
2032 2008 2094 2037 quo

1128 2036 1262 2076 quisque
1285 2036 1387 2076 magis
1411 2036 1546 2076 profecit
1570 2037 1600 2068 in
1626 2038 1732 2068 studio
1751 2039 1917 2078 puritatis,
1936 2050 1972 2070 eo
1991 2041 2093 2080 magis

1128 2079 1228 2110 sentit
1250 2085 1281 2109 et
1304 2079 1449 2119 agnoscit
1469 2079 1509 2109 ab
1532 2079 1646 2111 ultima
1665 2081 1732 2111 cius
1752 2087 1836 2111 meta
1859 2082 1969 2121 procul
1988 2082 2094 2114 adhuc

1130 2132 1162 2152 se
1192 2121 1320 2152 distare.
1367 2122 1454 2161 Ergo
1483 2122 1545 2152 nisi
1580 2123 1692 2154 salutis
1726 2124 1855 2154 ianuam
1888 2124 1963 2155 data
1996 2135 2093 2165 opera

1129 2164 1221 2195 nobis
1244 2164 1392 2195 claudere
1412 2164 1565 2199 velimus,
1585 2166 1759 2196 tenendum
1783 2171 1846 2203 est,
1866 2167 1972 2198 Deum
1991 2169 2093 2199 omni-

1130 2208 1188 2238 bus
1218 2208 1284 2237 fore
1315 2206 1503 2246 placabilem
1533 2207 1589 2246 qui
1622 2209 1776 2240 sacrificio
1811 2209 1934 2240 Christi
1967 2210 2092 2250 culpam

1129 2250 1189 2281 sibi
1224 2249 1343 2280 remitti
1378 2250 1552 2280 confidunt.
1598 2250 1710 2290 Neque
1744 2252 1828 2282 enim
1863 2252 1914 2283 vel
1950 2258 2092 2284 mutatus

1129 2298 1177 2323 est
1201 2293 1299 2331 Deus,
1322 2292 1374 2323 vel
1394 2292 1534 2323 deterior
1553 2298 1663 2323 nostra
1687 2298 1735 2324 est
1754 2304 1848 2333 quam
1868 2299 1997 2334 patrum
2017 2307 2092 2327 con-

1130 2335 1222 2366 ditio:
1247 2335 1337 2374 atqui
1360 2335 1417 2365 sub
1444 2334 1513 2374 lege
1541 2335 1682 2366 instituit
1706 2337 1793 2367 Dens
1824 2337 1982 2368 sacrificia
2012 2350 2092 2378 quae

1130 2378 1316 2409 voluntaria
1334 2388 1458 2417 quoque
1482 2376 1597 2408 delicta
1620 2379 1796 2418 expiarent.
1831 2379 1986 2419 Sequitur
2005 2392 2090 2422 ergo,

1129 2421 1275 2460 quamvis
1306 2420 1417 2459 culpae
1446 2419 1648 2451 voluntariae
1675 2422 1812 2452 convicti
1843 2422 1959 2459 simus,
1988 2435 2090 2455 reme-

1130 2464 1218 2494 dium
1245 2469 1349 2493 tamen
1376 2462 1596 2502 impetrandae
1619 2464 1734 2493 veniae
1752 2464 1786 2494 in
1809 2466 1976 2505 evangelio
2000 2467 2090 2498 nobis

1129 2506 1273 2546 proponi.
1314 2505 1446 2545 Alioqui
1470 2505 1542 2544 plus
1561 2516 1657 2544 quam
1678 2506 1814 2537 lusoriae
1837 2512 1944 2538 essent
1967 2510 2090 2550 figurae

1130 2555 1263 2585 veteres,
1287 2558 1366 2587 quae
1390 2558 1453 2577 non
1478 2547 1538 2578 alio
1561 2553 1749 2587 spectarunt
1771 2550 1830 2580 nisi
1850 2555 1884 2580 ut
1904 2552 2090 2583 testimonia

1129 2596 1237 2622 essent
1265 2602 1300 2621 ac
1331 2590 1459 2630 specula
1481 2590 1548 2620 eius
1577 2591 1714 2630 gratiae,
1744 2602 1824 2631 quae
1847 2594 1937 2624 nobis
1961 2594 2089 2626 demum

1130 2634 1163 2664 in
1194 2634 1324 2665 Christo
1359 2633 1500 2663 exhibita
1534 2633 1602 2663 fuit.
1650 2632 1684 2664 Si
1718 2639 1869 2666 mutuum
1898 2647 2087 2668 consensum
