2304 3034
177 199 217 229 63

177 294 239 324 tica
270 290 458 331 repetitione
489 287 629 319 inculcat
660 287 765 325 Deus,
805 291 839 317 ut
868 284 1038 316 inflexibili
1068 296 1140 316 con—

177 335 295 366 stantia
319 332 438 363 iudices
463 330 614 370 aequitati
639 330 805 360 studeant:
831 339 890 359 nec
912 328 1043 363 frustra,
1068 328 1144 367 quia

177 378 258 408 nihil
289 374 463 416 proclivius
494 384 590 413 quam
622 373 731 403 favore
764 371 814 403 vel
844 371 917 402 odio
940 370 1145 401 obtenebrari

177 419 342 450 hominum
380 422 513 447 mentes.
567 414 693 446 Deinde
730 425 829 454 quum
859 414 1051 444 innumerae
1081 414 1145 444 sint

177 462 338 501 captiones
358 458 397 490 ad
421 457 659 499 pessumdanda
683 457 809 493 iudicia,
834 456 896 488 nisi
914 456 1009 487 valde
1029 456 1145 486 attenti

177 505 239 535 sint
262 503 321 543 ipsi
346 502 466 533 iudices
490 501 528 532 ad
552 500 688 531 insidias
712 499 890 536 cavendas,
915 498 1052 530 subinde
1076 499 1145 530 illa·

176 547 285 587 queari
309 545 483 585 continget.

467 714 530 745 EX
557 713 706 744 EXODI
724 711 859 744 XXIII.

262 801 290 832 3.
318 800 488 839 Pauperem
513 810 569 830 ›zon
595 798 761 830 honorabis
783 808 820 828 ex
842 808 902 829 sua
923 807 1032 829 causa.

436 970 499 1001 EX
524 968 688 1001 EODEM
712 968 888 1000 OAPITE.

263 1058 290 1088 6.
307 1056 379 1088 Non
393 1056 523 1093 inflectas·
541 1055 693 1086 iudicium
706 1054 866 1094 pauperis
884 1054 931 1084 tui
950 1054 982 1084 in
1001 1054 1053 1085 lite
1072 1054 1148 1085 eius.

262 1143 290 1173 6.
314 1142 387 1173 Non
410 1141 549 1179 inflectes.
586 1140 750 1179 Quoniam
774 1139 814 1170 ad
838 1139 1045 1179 reprimenda
1068 1150 1149 1179 quae

177 1196 272 1226 saepe
296 1184 491 1224 contingunt
514 1184 609 1220 vitia,
634 1183 787 1214 feruntur
810 1182 914 1224 leges,
940 1193 1005 1213 non
1030 1183 1147 1213 mirum

176 1235 225 1260 est
249 1229 275 1259 si
299 1238 458 1269 pauperes
483 1226 573 1258 Deus
597 1225 818 1262 commendet,
847 1225 963 1265 quibus
987 1235 1053 1256 non
1076 1236 1149 1256 raro
1174 1235 1176 1244 ⁴

176 1271 291 1302 accidit
320 1270 529 1302 succumbere
559 1269 591 1300 in
616 1268 708 1300 bonis
732 1268 855 1307 causis,
884 1267 960 1298 dum
985 1272 1016 1298 et
1039 1268 1149 1299 favore

177 1314 414 1350 destituuntur,
444 1317 475 1343 et
504 1318 635 1352 propter
666 1317 886 1351 contemptum
911 1311 1050 1350 expositi
1073 1314 1149 1342 sunt

177 1357 333 1394 iniuriae,
365 1366 421 1387 nec
452 1355 557 1396 pretio
581 1359 705 1386 certare
728 1359 865 1394 possunt
888 1365 961 1385 cum
985 1353 1148 1385 divitibus.

178 1400 297 1431 Merito
327 1400 434 1439 itaque
465 1398 661 1438 prospicitur
686 1408 797 1428 eorum
828 1397 994 1435 tenuitati,
1018 1407 1058 1427 ne
1081 1396 1149 1427 exi-

178 1453 279 1484 guum
311 1442 394 1482 quod
425 1441 590 1482 possident
620 1440 684 1471 illis
718 1440 842 1472 auferat
865 1439 1007 1471 iudicum
1031 1439 1148 1479 iniqui-

222 200 237 229 ῖ
888 191 1108 223 OCTAVUM
1137 192 1458 224 PRAEOEPTUM.

1174 1301 1176 1317 A

2105 194 2167 225 688

1198 291 1257 317 tas.
1314 286 1438 317 Verum
1473 286 1557 327 quod
1592 286 1752 326 sequitur,
1793 295 2032 325 supervacuum
2065 287 2168 319 videri

1198 334 1319 368 posset:
1350 329 1399 360 Ne
1424 330 1619 369 pauperibus
1643 330 1751 360 faveat
1774 328 1886 358 iudex:
1912 328 1996 367 quod
2019 329 2073 360 vix
2096 330 2168 362 fieri

1198 371 1293 402 solet:
1331 371 1446 403 deinde
1477 383 1540 403 non
1571 372 1722 403 convenit
1753 371 1947 411 reprehendi
1977 371 2060 411 quod
2091 372 2167 404 alibi

1199 415 1353 454 praecipit
1377 414 1484 453 Deus,
1509 425 1544 446 ac
1574 415 1661 445 laudi
1687 414 1782 445 ducit.
1828 413 2038 453 Respondeo,
2061 418 2167 446 tanto-

1199 468 1274 497 pere
1300 458 1368 488 Deo
1398 458 1524 497 placere
1548 456 1791 493 rectitudinem,
1821 460 1857 486 ut
1880 456 1968 487 nullo
1992 456 2086 488 modo
2110 468 2168 488 ex—

1199 499 1350 531 cusabilis
1381 501 1421 531 sit
1448 500 1559 537 iudex,
1591 510 1781 540 quocunque
1813 504 1984 538 praetextu
2015 499 2066 531 vel
2094 503 2166 531 tan-

1202 542 1306 573 tillum
1332 543 1370 573 ab
1395 553 1432 574 ea
1455 543 1603 578 declinet,
1628 548 1722 582 atque
1747 542 1833 572 hunc
1854 551 1923 572 esse
1947 542 2045 573 finem
2069 542 2168 574 huius

1201 585 1382 616 doctrinae:
1413 586 1488 625 quia
1519 586 1578 616 etsi
1603 590 1637 616 ut
1660 585 1838 625 plurimum
1862 585 2033 624 tyrannice
2059 585 2169 625 oppri-

1201 628 1301 658 mitur
1320 639 1451 668 pauper,
1475 628 1607 659 ambitio
1627 634 1736 658 tamen
1760 626 1923 658 interdum
1947 627 2085 659 iudicem
2108 629 2170 659 im-

1200 671 1298 710 pellet
1332 670 1371 702 ad
1403 682 1587 711 perversam
1619 670 1887 708 inisericordiam,
1922 674 1957 700 ut
1987 670 2097 711 largus
2128 670 2171 701 sit

1201 712 1239 744 de
1263 714 1384 750 alieno,
1412 719 1507 753 atque
1538 714 1616 745 haec
1645 713 1780 744 tentatio
1810 722 1847 743 eo
1878 712 2087 752 periculosior
2109 716 2168 751 est,

1201 756 1285 796 quod
1316 756 1400 787 fallit
1429 757 1589 787 iniustitia
1620 756 1679 786 sub
1707 755 1812 795 specie
1841 755 1982 787 virtutis.
2027 756 2111 786 Nam
2141 756 2169 787 si

1201 799 1310 830 oculos
1340 804 1467 830 tantum
1495 799 1606 839 dirigit
1630 798 1725 829 iudex
1750 797 1789 829 ad
1813 798 1977 829 miseriam
2001 798 2169 839 litigantis,

1201 841 1299 873 simul
1321 842 1454 882 obrepet
1476 842 1581 873 inanis
1601 847 1716 879 metus,
1742 852 1781 871 ne
1804 841 1995 881 pessumdet
2018 852 2077 873 sua
2100 852 2170 872 sen-

1202 885 1304 915 tentia
1333 895 1426 924 quem
1458 889 1591 924 cuperet
1614 894 1683 915 esse
1707 884 1843 914 salvum.
1887 883 1939 914 Ita
1962 883 2046 924 quod
2069 884 2167 915 unius

1202 932 1288 965 erat,
1319 928 1411 958 alteri
1440 926 1645 958 adiudicabit.
1692 927 1798 957 Maior
1828 929 1877 957 est
1906 926 2071 957 interdum
2094 937 2170 967 pau-

1201 980 1313 1010 perum
1339 971 1512 1008 temeritas,
1536 969 1679 1005 audacia,
1703 976 1734 1000 et
1752 969 1931 1009 pertinacia
1950 969 1990 1000 ad
2008 969 2082 1000 lites
2101 979 2170 1000 mo-

1202 1012 1323 1044 vendas
1353 1018 1385 1044 et
1415 1012 1652 1053 persequendas
1676 1023 1771 1052 quam
1796 1012 1951 1043 divitum:
1976 1012 2032 1043 ubi
2054 1022 2170 1044 causae

1202 1055 1368 1092 diffidunt,
1394 1056 1524 1086 solenne
1549 1060 1597 1086 est
1620 1054 1660 1085 ad
1682 1055 1845 1096 lacrymas
1868 1059 1899 1086 et
1923 1055 2172 1086 lamentationes

1201 1098 1385 1139 confugere,
1409 1098 1523 1138 quibus
1547 1097 1670 1129 iudices
1693 1099 1800 1129 minus
1823 1102 1934 1129 cautos
1953 1098 2170 1129 circumveni-

1202 1146 1277 1176 unt,
1308 1142 1361 1181 qui
1392 1151 1505 1172 causae
1526 1141 1635 1179 obliti,
1664 1145 1793 1171 tantum
1817 1140 1855 1172 de
1880 1140 2018 1171 levanda
2041 1140 2171 1171 miseria

1202 1188 1234 1213 et
1257 1189 1400 1224 egestate
1423 1185 1575 1225 cogitant.
1622 1184 1722 1223 Atqui
1746 1183 1823 1214 dum
1847 1193 1903 1223 pro
1925 1183 2027 1214 nihilo
2050 1183 2171 1215 ducunt

1202 1227 1359 1257 iacturam
1391 1227 1528 1257 divitum
1558 1226 1609 1268 (eo
1632 1226 1716 1266 quod
1739 1226 1803 1257 illis
1826 1226 1968 1257 toleratu
1991 1226 2032 1257 sit
2054 1224 2172 1267 facilis)

1203 1279 1314 1300 secure
1334 1270 1366 1300 in
1391 1272 1527 1309 gratiam
1552 1279 1732 1310 pauperum
1755 1269 1795 1300 ab
1818 1269 1983 1309 aequitate
2006 1269 2170 1300 excidunt.

1202 1311 1289 1343 Hinc
1314 1323 1389 1343 vero
1413 1313 1529 1343 melius
1551 1318 1686 1352 apparet
1709 1322 1805 1352 quam
1828 1311 1962 1352 indigne
1984 1311 2069 1342 ferat
2080 1310 2172 1343 Deus

1202 1365 1358 1395 pauperes
1381 1356 1527 1395 opprimi,
1551 1355 1607 1386 ubi
1630 1365 1670 1386 ne
1692 1355 1770 1394 ipsis
1793 1354 1924 1394 quidem
1946 1355 2091 1385 succurri
2114 1364 2173 1394 pa-

1202 1398 1282 1428 titur
1304 1408 1376 1429 cum
1400 1398 1517 1429 damno
1542 1398 1690 1429 divitum.

838 1801 1171 1838 APPENDICES
1195 1800 1481 1837 POLITICAE
1496 1798 1529 1838 ¹).

480 1911 542 1942 EX
566 1910 715 1942 EXODI
739 1910 855 1943 XXII.

268 1980 331 2021 1²).
365 1980 467 2019 Quum
495 1980 623 2019 furatus
651 1980 747 2019 fuerit
777 1980 849 2019 quis
869 1979 969 2010 bovem
992 1980 1045 2009 aut
1062 1987 1152 2017 pecu-

179 2024 257 2060 dem,
282 2026 308 2053 et
326 2023 519 2062 bajulaverit,
544 2025 598 2053 aut
616 2023 795 2059 vendiderit,
818 2023 953 2062 quinque
976 2021 1061 2052 boves
1083 2020 1151 2050 red-

180 2067 228 2097 det
246 2077 305 2104 pro
328 2066 381 2097 illo
405 2066 486 2103 bove,
510 2068 538 2096 et
560 2068 692 2104 quatuor
710 2066 845 2105 pecudes
862 2075 923 2104 pro
942 2064 1055 2103 pecude
1078 2063 1152 2094 illa:

180 2109 209 2139 2.
236 2109 287 2147 (Si
312 2109 346 2139 in
374 2109 531 2147 effossione
562 2109 701 2139 inventus
722 2108 821 2147 fuerit
841 2108 913 2147 fur,
939 2110 966 2138 et
983 2114 1152 2145 percussus

179 2152 288 2191 fuerit,
323 2154 349 2182 et
384 2151 454 2182 inde
477 2153 631 2186 mortum,
667 2161 727 2181 non
755 2152 812 2181 erit
841 2152 870 2181 et
898 2151 932 2181 in
960 2150 1150 2188 sanquinem.

183 2194 209 2224 3.
226 2194 260 2225 Si
279 2197 364 2225 ortus
381 2194 477 2233 fuerit
496 2193 541 2224 sol
560 2204 652 2232 super
674 2204 753 2230 eum,
777 2194 834 2224 erit
856 2194 890 2223 ‘in
908 2193 936 2224 ei
955 2192 1151 2231 sanquinem)

182 2237 332 2268 ¹reddendo
362 2237 482 2267 reddet:
513 2236 542 2267 si
566 2247 625 2267 non
647 2238 688 2267 sit
711 2237 753 2273 ei,
778 2236 925 2267 vendetur
943 2237 1067 2275 propter
1087 2234 1153 2272 fur-

182 2282 246 2310 tum
265 2290 364 2310 suum.
399 2280 427 2310 4.
453 2279 488 2309 Si
507 2279 752 2318 deprehendatur
775 2280 810 2310 in
832 2289 927 2309 manu
951 2278 1018 2309 etus
1034 2277 1153 2316 furtum-

184 2334 203 2353 α
221 2322 290 2353 bove
311 2332 405 2361 usque
422 2323 464 2353 ad
483 2323 618 2358 asinum,
642 2332 738 2361 usque
758 2323 799 2353 ad
816 2321 981 2362 pecudem:
1001 2321 1072 2351 viva
1094 2319 1153 2350 duo

183 2365 294 2396 reddet.

270 2442 438 2472 Hactenus
458 2441 666 2481 iniquitatum
688 2441 848 2472 vindicem
869 2451 903 2471 se
925 2439 993 2470 fore
1017 2438 1154 2470 asseruit

186 2483 283 2521 Deus,
308 2486 456 2523 furesque
475 2483 604 2515 citando
628 2484 666 2515 ad
691 2494 786 2515 suum
811 2483 966 2519 tribunal,
990 2487 1153 2513 aeternam

273 2577 300 2610 1)
322 2577 442 2603 Rubrzca
462 2586 489 2602 m
508 2577 625 2603 editione
641 2579 764 2610 principe
783 2585 836 2603 non
855 2577 964 2609 ἱερέων,
990 2583 1047 2600 eam
1066 2577 1153 2600 tamen

192 2610 287 2637 Gallus
306 2612 390 2637 habet.

273 2645 301 2677 2)
320 2646 386 2670 Heb.
407 2646 447 2677 21,
466 2645 512 2677 37-,
533 2646 573 2677 22,
594 2645 667 2671 1-3.

1204 1912 1340 1938 mortem
1372 1908 1434 1939 illis
1464 1909 1635 1940 minitatus
1658 1913 1716 1939 est.
1762 1908 1857 1940 Nunc
1880 1914 2061 1948 sequuntur
2083 1908 2173 1949 leges

1204 1951 1361 1987 forenses,
1391 1962 1527 1991 quarum
1558 1962 1621 1982 non
1654 1958 1718 1982 tam
1747 1956 1861 1982 exacta
1891 1956 1940 1982 est
1970 1956 2002 1982 et
2030 1951 2173 1991 perfecta

1205 1994 1300 2024 ratio:
1326 1994 1400 2032 quia
1427 1995 1513 2025 Deus
1536 1994 1570 2025 iu
1595 1995 1633 2025 iis
1658 1994 1800 2025 ferendis
1823 1994 1943 2025 iustum
1968 1995 2111 2034 rigorem
2132 1994 2172 2025 ad

1205 2036 1313 2075 populi
1338 2036 1487 2067 duritiem
1513 2037 1649 2068 inflexit.
1695 2037 1869 2068 Caeterum
1893 2036 1978 2076 quod
2003 2036 2093 2067 Deus
2117 2047 2172 2077 po·

1206 2079 1282 2118 pulo
1314 2090 1370 2109 sno
1400 2080 1593 2117 tradiderat,
1626 2080 1763 2111 mutuati
1793 2084 1870 2110 sunt
1900 2078 2015 2110 deinde
2045 2079 2173 2119 profani

1207 2121 1417 2161 legislatores.
1471 2124 1625 2163 Asperior
1659 2122 1788 2162 quidem
1823 2122 1929 2153 fuerat
1960 2122 2082 2160 Draco,
2115 2121 2173 2153 sed

1207 2164 1307 2195 nimia
1337 2166 1404 2196 eius
1432 2166 1588 2197 severitas
1612 2167 1709 2197 tacito
1729 2165 1838 2205 populi
1864 2164 2073 2196 Atheniensis
2097 2174 2172 2196 con-

1207 2218 1303 2238 sensu
1338 2208 1504 2239 obsolevit.
1564 2211 1593 2240 A
1624 2208 1744 2240 Solone
1781 2212 1891 2239 autem
1926 2207 2067 2238 mutuati
2094 2213 2172 2239 sunt

1208 2250 1380 2280 decemviri
1412 2258 1535 2290 partem
1566 2252 1645 2282 iuris
1674 2250 1757 2291 quod
1781 2251 1813 2281 in
1837 2261 1912 2281 suas
1938 2250 2060 2281 tabulas
2084 2258 2172 2282 retu-

1208 2292 1329 2322 lerunt:
1362 2304 1543 2333 quanquam
1573 2295 1606 2325 in
1636 2293 1844 2325 distinctione
1874 2303 1997 2333 poenae
2028 2292 2117 2333 dupli
2141 2296 2173 2324 et

1208 2334 1377 2375 quadrupli
1400 2337 1583 2368 variarunt:
1609 2337 1740 2368 tandem
1764 2345 1912 2367 successu
1937 2336 2090 2376 temporis
2114 2335 2173 2366 ali-

1209 2377 1284 2417 quid
1310 2384 1417 2417 postea
1442 2385 1602 2410 mutatum
1622 2386 1677 2411 est.
1719 2379 1842 2410 Verum
1867 2378 2011 2418 quisquis
2035 2377 2174 2419 pruden-

1209 2427 1258 2451 ter
1281 2422 1387 2451 omnia
1412 2423 1618 2461 expenderit,
1646 2422 1785 2463 reperiet
1809 2426 1875 2452 tam
1901 2420 2053 2453 Solonem
2077 2430 2174 2461 quam

1209 2463 1416 2499 decemviros,
1444 2465 1497 2496 ubi
1522 2476 1539 2496 a
1564 2466 1634 2506 lege
1659 2465 1719 2496 Dei
1743 2464 1953 2501 deflexerunt,
1977 2464 2009 2495 in
2033 2463 2174 2495 deterius

1208 2506 1374 2546 prolapsos
1397 2518 1474 2538 csse.
1522 2509 1631 2539 Primo
1654 2507 1826 2539 discrimen
1851 2507 1903 2538 hic
1925 2506 2057 2547 ponitur
2079 2506 2175 2546 quale

1208 2549 1362 2579 statuitur
1391 2549 1515 2589 legibus
1545 2551 1687 2582 romanis
1715 2551 1800 2581 inter
1820 2550 1907 2581 fures
1930 2549 2117 2580 manifestos
2141 2551 2175 2580 et

1210 2601 1267 2621 nec
1304 2593 1502 2623 manifestos:
1539 2594 1603 2625 illic
1634 2594 1720 2624 cuim
1750 2593 1802 2623 fur
1833 2603 1891 2624 nec
1921 2592 2110 2623 manifestus
2139 2592 2175 2622 in

1209 2633 1344 2674 duplum
1368 2635 1554 2673 damnatur,
1579 2637 1768 2668 manifestus
1792 2646 1867 2666 vero
1891 2635 1925 2666 in
1949 2634 2174 2675 quadruplum.
