2304 3034
106 164 165 194 197

102 256 232 296 impleri
252 257 335 296 quod
358 257 478 287 dietum
503 257 607 288 fuerat
629 267 647 287 a
670 257 770 288 Mose.
818 257 861 287 Et
883 262 968 287 certe
992 267 1066 287 eum

103 310 204 340 regno
227 306 258 329 et
281 300 456 330 sacerdotio
479 300 598 340 prodiit
623 300 781 337 Christus,
805 305 841 329 ut
863 299 913 329 ius
940 305 1065 329 utrum-

103 352 165 382 que
188 342 340 373 membris
370 342 437 373 suis
467 343 635 373 conferret.
681 341 776 372 Unde
810 341 969 380 sequitur,
997 342 1065 380 qui-

104 395 229 424 cunque
263 386 302 416 ab
336 396 372 415 eo
402 384 575 415 divortium
610 384 746 419 faciunt,
781 389 914 422 utroque
946 383 1092 424 honore¹

104 427 254 467 indignos
277 437 346 458 esse
369 437 405 458 ac
434 427 547 457 merito
577 427 708 465 privari.
761 426 851 456 Gens
874 433 986 456 saneta
1015 425 1067 457 hic

105 470 230 506 dicitur,
255 481 320 500 nou
344 477 487 509 respectu
513 469 640 508 pietatis
664 468 714 499 vel
739 468 985 503 sanctimoniae,
1011 468 1066 499 sed

104 523 198 551 quam
223 513 311 543 Deus
343 511 499 551 singulari
528 511 695 551 privilegio
725 511 763 541 ab
795 511 865 541 aliis
893 511 1065 550 separavit.

105 554 228 585 Verum
254 555 291 585 ab
315 554 374 585 hac
398 554 650 584 sanctificatione
673 553 792 592 pendet
816 554 924 590 altera,
952 564 1066 593 nempe

105 603 139 628 ut
168 598 370 628 sanctitatem
402 596 507 626 colant
536 596 589 635 qui
620 596 679 626 Dei
709 596 814 636 gratia
848 596 957 626 eximii
981 602 1065 633 sunt,

106 645 201 680 atque
226 641 270 670 ita
292 639 434 670 vicissim
456 639 560 669 Deum
585 639 797 669 sanctificent.

191 682 218 713 8.
244 682 476 721 Responderunt
497 681 595 711 omnis
612 681 758 720 populus.
793 680 860 711 Cur
883 681 971 711 Deus
996 681 1066 712 Mo-

106 735 162 755 sen
197 724 378 755 adhibuerit
411 723 667 760 internuncium,
713 724 765 763 qui
807 724 891 754 ultro
925 724 1066 763 citroque

104 767 257 798 mandata
279 771 311 797 et
334 776 485 805 responsa
509 766 678 805 perferret,
713 777 771 797 suo
794 766 862 797 loco
886 766 1064 797 videbitur:

106 821 190 841 nunc
215 815 338 840 tantum
359 814 469 838 narrat
489 808 564 848 qnid
586 815 670 838 totus
697 809 834 848 populus
857 808 1067 848 responderit,

105 863 219 892 nempe
252 862 285 883 se
318 851 518 881 obedientem
542 851 575 881 in
599 851 749 882 omnibus
773 852 848 882 fore.
894 851 967 882 Non
993 862 1066 891 pars

106 895 211 934 aliqua
235 899 358 924 tantum
382 893 437 924 sed
469 899 553 924 totus
578 894 714 933 populus
742 893 774 924 id
800 894 967 933 promittit.
1014 895 1066 925 Li-

105 937 221 968 beralis
250 942 357 967 autem
388 942 437 967 est
467 936 646 976 responsio,
682 947 745 976 qua
779 937 848 967 sine
878 937 1066 976 exceptione

104 979 257 1020 quidquid
280 979 389 1017 exegit
413 979 501 1009 Deus
532 979 671 1010 facturos
702 990 736 1010 se
760 985 918 1010 asserunt.

104 1076 144 1096 ex
167 1071 256 1105 parte
279 1063 375 1095 fidem
399 1063 505 1094 datam
530 1071 712 1095 servarunt.

103 1117 198 1147 quam
223 1117 275 1137 eos
298 1106 468 1137 simulasse
492 1106 645 1137 credibile
669 1113 725 1138 est.

761 1065 826 1096 Nec
852 1072 957 1095 tamen
978 1065 1067 1104 quid-

103 1192 239 1232 quodam
263 1191 330 1222 zelo
354 1191 477 1231 abrepti
502 1192 663 1223 fallebant.
706 1193 771 1223 Nec
796 1203 870 1223 vero
893 1193 1066 1224 eonsilium

101 1235 202 1266 Mosis
226 1235 295 1267 fuit.
320 1234 537 1274 exprobrandi
562 1246 658 1266 causa
684 1235 789 1266 dicere
812 1236 884 1266 11105
914 1237 1065 1266 mentitos
1091 1236 1092 1241 ’

101 1277 199 1308 fuisse
212 1277 293 1314 Deo,
317 1283 371 1308 aut
394 1277 551 1308 fallaciter
574 1277 661 1308 aliud
686 1289 738 1309 ore
758 1279 891 1309 iactasse
915 1289 1009 1318 quam
1030 1279 1062 1309 in

101 1320 252 1352 cordibus
271 1321 338 1351 suis
361 1320 534 1351 sentirent:
559 1320 614 1351 sed
635 1328 798 1360 promptos
818 1321 857 1351 ad
877 1321 1064 1361 obsequium

101 1364 196 1394 fuisse
222 1363 338 1399 dicens,
372 1363 459 1393 011101
483 1368 653 1403 praetextu
678 1364 880 1403 ignorantiae
903 1364 934 1394 in
960 1370 1065 1404 poste-

101 1416 172 1436 rum
197 1406 322 1445 spoliat.
370 1406 435 1436 Nec
464 1405 596 1436 dubium
628 1414 675 1437 est
706 1407 781 1445 quin
808 1407 896 1437 Deus
919 1407 956 1437 ad
984 1408 1065 1437 lianc

101 1448 296 1479 docilitatem
326 1449 453 1478 flexerit
484 1459 593 1479 eorum
626 1449 764 1486 animos7
789 1460 850 1488 quo
880 1450 959 1489 legis
990 1460 1066 1480 511110
1092 1471 1093 1481 1

101 1490 281 1522 doctrinam
306 1490 474 1522 stabiliret.
521 1491 649 1522 Interea
681 1492 841 1522 discamus
871 1502 980 1522 eorum
1011 1504 1063 1522 ex-

101 1534 224 1573 emplo,
256 1544 320 1563 non
345 1534 467 1564 fervido
499 1540 624 1564 tantum
649 1535 770 1573 impetn
796 1535 973 1574 parendum
998 1546 1066 1566 esse

105 1578 200 1607 verbo
227 1577 302 1606 Dei:
327 1586 361 1607 ac
387 1576 505 1607 nullius
528 1579 682 1607 momenti
707 1588 775 1608 esse
806 1578 946 1608 subitum
972 1579 1066 1609 affee-

105 1625 182 1655 tum,
220 1619 279 1649 nisi
307 1619 436 1649 accedat
465 1619 693 1659 perseverandi
723 1621 913 1651 constantia.

104 1661 173 1692 ideo
196 1662 355 1692 discamus
380 1662 476 1701 probe
501 1673 557 1692 nos
580 1669 745 1699 excutere,
779 1674 819 1693 ne
842 1663 961 1703 absque
985 1664 1068 1694 serio

105 1705 251 1735 examine
276 1712 394 1735 temere
418 1706 627 1744 profiteamur
651 1705 836 1745 plusquam
857 1706 958 1736 simus
978 1718 1068 1746 prae·
1093 1726 1094 1731 ,

105 1747 227 1778 stando.
274 1747 462 1777 Tenendum
487 1754 594 1778 tamen
618 1748 696 1778 illud
727 1755 773 1778 est
797 1748 879 1787 quod
904 1749 965 1779 iam
991 1749 1068 1785 dixi,

105 1800 220 1820 arcano
245 1790 305 1820 Dei
329 1790 483 1821 instinctu
507 1801 617 1821 omncs
641 1791 738 1821 fnisse
765 1791 974 1821 voluntarios:
1007 1802 1068 1831 quo

105 1833 163 1862 sibi
187 1839 217 1863 et
239 1832 309 1863 aliis
333 1839 430 1863 testes
454 1840 562 1864 essent
585 1839 631 1864 tot
655 1834 839 1873 signorum,
869 1834 983 1873 quibus
1014 1834 1067 1865 de-

105 1875 178 1905 inde
213 1875 387 1915 approbata
427 1875 487 1906 fuit
531 1876 676 1907 eoelestis
717 1876 880 1907 doetrinae
914 1877 994 1908 fides
1032 1888 1068 1908 ae

106 1923 235 1948 veritas.

107 2045 147 2074 ad
170 2047 195 2075 te
217 2045 250 2075 in
272 2045 365 2076 densa
388 2046 473 2081 nube,
498 2049 530 2077 ut
552 2047 663 2077 audiat
680 2047 819 2086 populus
842 2058 937 2086 qwmn
959 2048 1068 2087 loquar

107 2088 208 2123 tecum,
233 2090 321 2126 atque
343 2089 436 2119 etiam
459 2089 513 2119 tibi
536 2090 660 2120 credant
684 2091 715 2120 m
735 2093 923 2129 perpetum.
978 2090 1066 2120 [mli-

108 2132 225 2160 caverat
255 2133 355 2161 autem
382 2130 485 2163 Moses
510 2131 639 2163 Ielaeorae
668 2132 760 2163 verba
778 2133 898 2171 populi.
953 2134 1000 2164 10.
1025 2132 1067 2163 Et

109 2171 186 2201 dizit
208 2172 317 2203 Iehova
342 2174 384 2204 ad
406 2174 528 2205 Mosen:
566 2174 649 2205 Vade
667 2175 707 2205 ad
725 2176 883 2214 populum,
908 2178 934 2205 ct
955 2176 1066 2207 sancti-

109 2213 166 2251 fica
198 2224 245 2245 eos
276 2214 362 2246 hodie
393 2219 417 2247 et
451 2227 536 2253 cras,
581 2217 738 2256 laventque
781 2219 958 2249 vestimenta
996 2229 1064 2249 sua.

113 2255 159 2285 11.
184 2255 226 2286 Et
247 2257 307 2287 sint
323 2259 432 2296 parati
455 2259 486 2290 in
510 2260 589 2290 diem
612 2261 743 2296 tertium,
767 2261 912 2299 quoniam
935 2261 986 2292 die
1008 2264 1064 2291 ter-

111 2297 152 2327 tio
174 2297 326 2330 descendet
349 2300 461 2332 Ielzova
483 2313 585 2333 coram
609 2303 703 2333 oculis
725 2304 816 2333 totius
832 2304 943 2343 populi
975 2314 1068 2342 super

111 2342 237 2386 montem
261 2340 359 2372 Sinai.
415 2345 463 2375 12.
495 2344 537 2375 Et
554 2345 746 2383 praescribes
768 2348 934 2376 terminum
952 2346 1067 2385 populo

107 2391 166 2419 per
187 2383 353 2421 circuitum,
377 2385 515 2417 dicendo.-
544 2388 650 2418 Cavete
673 2389 758 2419 vobis
782 2400 817 2418 110
840 2390 1013 2420 ascendatis
1035 2390 1067 2419 111

111 2426 246 2471 montem,
270 2435 362 2464 neque
383 2430 562 2469 continyatis
582 2431 747 2461 torminum
770 2431 844 2461 eius.
891 2432 1068 2470 Quicunque

111 2468 238 2505 telzyeraet
259 2471 393 2505 montem,
416 2472 567 2503 moriendo
590 2473 743 2504 morietur.
798 2474 846 2504 13.
874 2474 946 2505 Non
968 2477 1068 2513 tanqet

112 2519 178 2539 eum
200 2519 325 2547 manuS,
360 2512 413 2542 sed
441 2513 607 2553 lapidando
642 2515 835 2555 lapidabitur
868 2520 922 2547 aut
955 2517 1093 2548 iaculisi

965 982 1010 1010 At
1035 981 1065 1010 ui
1091 982 1092 1000 1

103 1022 198 1063 paulo
221 1028 293 1062 post
314 1021 353 1051 ad
378 1021 544 1061 ingenium
568 1022 685 1061 relapsi
720 1033 760 1052 ne
783 1023 918 1052 minima
938 990 1065 1062 quidiim
1091 1020 1092 1027 ¹

774 1107 837 1138 Sed
862 1109 1008 1147 quamvis
1032 1108 1066 1138 in
1091 1128 1092 1143 ;

103 1151 208 1181 animo
233 1159 297 1179 non
320 1155 405 1179 esset
429 1150 533 1180 Deum
558 1149 686 1188 fallere,
717 1160 750 1181 se
780 1150 866 1190 ipsos
900 1151 1066 1190 praecipiti
1091 1148 1093 1164 ³

962 1623 1067 1660 Atque
1092 1619 1094 1638 ³

670 163 1036 195 COMMENTARIUS
1061 163 1107 193 IN
1133 162 1281 194 EXODI
1306 164 1401 195 CAP.
1425 164 1521 196 XIX.

2025 167 2084 198 198

1120 254 1168 285 14.
1192 255 1355 286 Descendit
1384 260 1484 287 autem
1508 257 1613 289 Illoses
1635 268 1649 289 e
1671 261 1768 290 monte
1795 258 1836 289 αᾱ
1857 259 2024 298 populum,
2059 263 2087 290 et

1117 298 1319 335 sanctificavit
1347 300 1513 338 populum,
1559 303 1585 331 et
1619 301 1760 332 laverunt
1799 302 1974 332 vestimenta
2014 312 2083 333 sua.

1120 340 1168 370 15.
1193 339 1345 379 Dixitque
1363 343 1493 381 populo,
1523 343 1594 373 sitis
1612 344 1722 383 parati
1744 344 1778 374 in
1800 344 1880 375 diem
1904 345 2036 382 tertium,
2059 347 2086 375 ct

1119 392 1156 412 oze
1178 383 1330 414 accedatis
1353 385 1394 415 ad
1416 395 1538 416 zcoeores.

1204 467 1232 498 9.
1260 468 1346 499 Tunc
1368 470 1412 499 (cit
1434 470 1546 501 lelaova
1569 471 1609 501 ad
1634 471 1749 502 Mosen.
1802 471 1866 502 Hie
1891 471 2085 510 pronunciat

1119 510 1218 547 Deus,
1244 511 1359 541 illustri
1384 512 1503 551 gloriae
1527 524 1603 543 50110
1627 514 1771 553 symbolo
1795 514 1900 553 palam
1925 525 1958 545 se
1982 515 2083 545 faetu-

1120 563 1190 583 rum
1223 553 1323 593 legem
1357 565 1420 584 non
1445 566 1462 584 a
1487 556 1577 586 Mose
1601 557 1738 595 prodire,
1770 557 1824 587 sed
1849 567 1922 587 eum
1947 557 2085 587 fideliter

1120 595 1246 626 tradere
1271 606 1327 635 per
1346 607 1462 627 manus
1482 598 1563 637 quod
1589 610 1605 628 e
1629 599 1716 630 coelo
1740 599 1871 638 accepit.
1896 599 1979 629 Nam
1994 599 2083 630 Deus

1120 638 1214 673 nube,
1238 639 1329 677 quasi
1354 639 1433 676 velo,
1458 641 1502 670 sic
1526 641 1671 672 obtectus
1695 648 1772 679 erat,
1802 647 1839 672 ut
1861 648 1949 672 certo
1974 648 2082 673 tamen

1119 681 1320 719 praesentiae
1339 692 1415 712 suae
1434 682 1525 722 signo
1549 691 1673 714 mentes
1696 694 1825 715 sursum
1849 684 2019 715 attolleret.
2043 684 2082 715 In

1119 722 1178 753 hoc
1202 729 1308 754 autem
1334 724 1469 755 fundata
1492 726 1553 756 fuit
1576 726 1674 757 Mosis
1699 727 1869 762 autoritas,
1901 727 1985 766 quod
2010 726 2083 758 doe-

1119 766 1234 802 trinae,
1259 766 1350 797 cuius
1370 774 1440 797 erat
1459 769 1614 804 minister,
1639 769 1783 800 sciebant
1796 769 1963 800 Israelitae
1976 770 2082 800 Deum

1119 819 1187 838 esse
1211 814 1366 839 autorem.
1413 809 1506 848 Quod
1537 812 1679 850 apprime
1711 816 1823 842 notatu
1854 812 1986 851 (lignum
2017 817 2081 842 est:

1119 852 1194 890 quia
1217 851 1292 882 inde
1317 852 1498 891 colligimus
1523 864 1585 883 uon
1615 854 1710 884 aliam
1735 865 1804 885 esse
1828 856 1985 884 rationem
2010 865 2081 894 pro-

1119 893 1242 924 bandae
1278 893 1455 931 doct-rinae,
1499 896 1559 926 nisi
1594 895 1670 926 dum
1705 903 1791 928 certo
1832 906 1976 928 tenemus
2018 908 2081 928 non

1119 935 1250 967 aliunde
1275 947 1369 976 quam
1394 947 1412 966 a
1435 938 1500 968 5010
1525 938 1593 968 Deo
1616 939 1801 978 profectam.
1850 941 1955 979 Atque
1978 940 2023 970 ita
2048 940 2080 970 in

1119 979 1265 1009 ordinem
1291 985 1449 1019 coguntur
1472 981 1576 1011 cuncti
1601 982 1767 1019 mortales,
1791 993 1831 1012 ne
1860 982 1930 1021 quis
1961 993 2082 1020 eorum,

1119 1021 1317 1061 quantalibet
1346 1022 1505 1061 sapientia
1536 1024 1667 1063 polleat,
1698 1024 1843 1063 proferre
1872 1025 1904 1055 10
1941 1024 2082 1056 medium

1119 1064 1238 1094 audeat
1262 1075 1321 1095 sua
1340 1071 1528 1096 commenta.
1571 1066 1606 1097 Si
1626 1067 1710 1097 enim
1732 1078 1795 1097 non
1816 1067 1877 1097 alio
1896 1067 1965 1097 iure
1986 1068 2082 1098 fidem

1119 1107 1151 1137 in
1183 1107 1316 1137 ecclesia
1347 1106 1484 1138 obtinuit
1514 1119 1659 1139 summus
1686 1109 1844 1149 propheta
1866 1110 1989 1146 Moses,
2020 1111 2083 1142 nisi

1119 1150 1192 1189 quia¹
1218 1150 1279 1180 Dei
1303 1150 1455 1180 mandata
1480 1152 1627 1190 pertulit,
1658 1159 1690 1181 et
1715 1158 1839 1182 tantum
1868 1152 1976 1183 docuit
1998 1153 2082 1193 quod

1119 1192 1279 1230 andierat,
1310 1193 1401 1223 euius
1427 1194 1582 1224 stultitiae
1606 1199 1636 1224 et
1659 1194 1879 1234 impudentiae
1903 1196 1979 1232 erit,
2009 1195 2082 1227 doc-

1118 1239 1212 1271 tores,
1238 1235 1290 1274 qui
1313 1235 1396 1265 iufra
1420 1237 1524 1275 ipsum
1554 1237 1647 1277 longe
1673 1237 1852 1274 subsidunt,
1878 1237 1959 1268 velle
1982 1238 2079 1269 altius

1118 1277 1355 1308 conscendere?
1402 1278 1441 1308 In
1472 1290 1607 1317 summa,
1632 1279 1721 1310 docet
1746 1280 1797 1310 1110
1819 1280 1907 1311 locus
1931 1280 1987 1310 uni
2011 1280 2082 1312 Deo

1119 1320 1314 1351 credendum
1339 1331 1424 1351 esse:
1459 1321 1632 1360 prophetas
1655 1327 1771 1360 tamen,
1795 1322 1850 1362 qui
1874 1333 1913 1353 ex
1938 1323 2006 1354 eius
2029 1334 2083 1354 ore

1119 1363 1312 1402 loquuntur,
1344 1364 1439 1393 simul
1463 1375 1531 1395 esse
1556 1365 1740 1395 audiendos,
1788 1364 1879 1396 Adde
1903 1366 1986 1404 quod
2017 1377 2083 1397 non

1092 1427 1093 1454 ζ
1119 1406 1158 1435 ad
1191 1407 1287 1437 breve
1322 1406 1451 1445 aliquod
1488 1413 1613 1446 tempus
1648 1407 1750 1438 voluit
1780 1407 1870 1438 Deus
1900 1408 1995 1439 fidem
2027 1409 2082 1439 ad-

1092 1502 1244 1534 ³quoque
1279 1492 1493 1522 reverentiam
1529 1493 1647 1531 posteri
1682 1492 1852 1523 deferrent.

1120 1455 1245 1479 struere
1279 1459 1373 1479 servo
1405 1460 1462 1479 suo
1497 1450 1593 1485 Mosi,
1627 1449 1681 1480 sed
1716 1456 1752 1480 ut
1785 1449 1919 1480 eandem
1954 1457 2082 1482 mortuo

1906 1493 1967 1523 Est
1997 1494 2082 1524 enim

1092 1550 1094 1572 3
1120 1535 1308 1573 temporalis
1333 1534 1533 1573 quorundam
1554 1535 1691 1565 vocatio:
1716 1539 1746 1565 et
1760 1535 1903 1566 accidere
1922 1541 2030 1575 potest
2049 1542 2084 1567 ut

1092 1992 1094 2002 Ι
1121 1961 1241 1991 referre
1266 1968 1381 2001 posset.

189 2002 218 2033 9.
246 2002 330 2033 Tunc
352 2003 396 2033 ait
420 2003 533 2034 Ielzova
557 2004 598 2034 acl
621 2004 745 2035 Mosen.-
779 2004 869 2043 Ecce,
899 2015 951 2045 eyo
982 2005 1067 2036 venio
1092 2005 1093 2014 ³

1120 1577 1267 1616 spiritum
1294 1577 1478 1616 prophetiae
1503 1578 1592 1608 Deus
1616 1578 1729 1617 eripiat
1752 1577 1868 1617 quibus
1891 1577 1994 1609 dedit:
2027 1579 2083 1610 sed

1121 1620 1165 1649 ita
1190 1620 1271 1650 Mosi
1296 1620 1445 1659 apparuit
1469 1627 1504 1650 ut
1528 1620 1621 1650 fidem
1645 1621 1809 1651 doetrinae
1839 1621 1908 1651 eius
1933 1622 2081 1652 sanciret.

1121 1662 1270 1692 omnibus
1294 1663 1440 1699 saeculis,
1463 1669 1495 1692 et
1518 1663 1609 1702 qnasi
1631 1668 1839 1694 consecraret.
1863 1663 1956 1694 Unde
1980 1665 2084 1703 sequi-

1122 1712 1189 1739 tur,
1224 1705 1380 1744 fulgorem
1415 1705 1536 1745 gloriae
1570 1705 1640 1743 Dei,
1676 1706 1728 1745 qui
1763 1706 1862 1736 veteri
1897 1706 2015 1746 populo
2049 1707 2082 1737 in

1122 1747 1221 1778 densa
1245 1747 1329 1778 nube
1353 1754 1500 1779 ostensus
1524 1748 1599 1785 fuit,
1632 1759 1695 1778 non
1727 1759 1796 1779 csse
1823 1747 1917 1778 hodie
1942 1749 2082 1780 exstinc—

1122 1796 1204 1820 tum:
1231 1791 1303 1830 qui-«1
1328 1791 1451 1830 piorum
1475 1791 1616 1821 omnium
1644 1796 1767 1821 mentes
1793 1790 1955 1821 illustrare
1979 1791 2082 1830 debet,

1122 1839 1155 1863 ut
1177 1833 1260 1863 Mosi
1285 1840 1470 1863 reverenter
1493 1845 1525 1864 se
1548 1834 1727 1864 subiiciant.
1767 1832 1860 1871 Quod
1881 1834 2026 1873 sequitur
2049 1834 2082 1865 in

1122 1877 1186 1906 tine
1222 1886 1352 1911 versus,
1396 1876 1565 1915 repetitum
1600 1884 1648 1906 est
1682 1887 1719 1906 ex
1754 1876 1908 1914 proximo.
1965 1876 2081 1908 Nullus

1122 1918 1208 1948 00101
1239 1919 1448 1958 interpositus
1482 1919 1542 1949 fuit
1575 1929 1679 1949 sermo
1714 1918 1820 1957 populi
1855 1929 1950 1957 quem
1974 1919 2080 1951 Moses

1430 1961 1552 1991 Verum
1583 1972 1695 1991 sensus
1727 1966 1790 1995 est,
1821 1962 1967 2000 quamvis
1997 1962 2080 1993 ultro

1121 2004 1252 2043 polliciti
1267 2011 1373 2034 essent
1388 2004 1552 2034 1511101111ῑο
1576 2015 1607 2034 50
1628 2005 1691 2033 sore
1712 2004 1742 2033 in
1758 2004 1870 2038 officio,
1890 2009 1923 2033 ut
1942 2003 2080 2036 alacrius

1121 2053 1300 2086 pergerent,
1325 2048 1599 2077 confirmationem
1625 2047 1706 2076 hanc
1731 2046 1826 2076 fuisse
1850 2045 1913 2076 illis
1937 2046 2077 2078 additam

1121 2095 1218 2128 atque
1243 2090 1287 2120 ita
1310 2089 1513 2120 current-ibus
1537 2088 1680 2119 additum
1705 2089 1801 2119 fuisse
1825 2088 1936 2119 calcar.

1207 2132 1254 2163 10.
1280 2132 1321 2162 Et
1344 2132 1549 2163 (111-1116110111
1571 2132 1612 2162 ad
1626 2131 1739 2161 Mosen.
1766 2132 1951 2170 Antequam
1975 2131 2080 2172 legem

1120 2185 1210 2204 snam
1235 2181 1393 2215 proponat
1417 2175 1515 2210 Deus,
1541 2186 1600 2204 non
1626 2174 1681 2203 abs
1704 2184 1737 2203 10
1760 2173 1913 2212 populum
1938 2174 2080 2206 sanctifi·

1120 2217 1184 2248 cari
1210 2217 1305 2255 iubet,
1332 2229 1369 2248 ne
1394 2218 1585 2257 margaritas
1608 2217 1752 2255 proiiciat
1775 2223 1850 2245 ante
1874 2226 1993 2255 porcos,
2030 2217 2081 2248 vel

1119 2265 1267 2290 sanctum
1292 2262 1463 2299 prostituat
1486 2259 1624 2290 canibus.
1670 2259 1741 2289 Etsi
1767 2259 1852 2288 enim
1884 2258 1953 2289 iure
1983 2258 2080 2299 adop·

1120 2303 1217 2333 tionis
1253 2303 1355 2334 sancti
1388 2308 1481 2333 crant
1513 2308 1669 2341 quantum
1704 2301 1742 2331 ad
1783 2302 1867 2339 ipsos
1907 2301 2080 2340 spectabat⁷

1121 2352 1254 2376 naturae
1286 2345 1506 2376 immundities
1538 2356 1591 2375 eos
1622 2343 1746 2374 arcebat
1781 2354 1799 2373 a
1823 2347 1932 2373 tantae
1955 2345 2079 2383 gratiae

1120 2389 1373 2427 participatione.
1420 2388 1519 2418 Porro
1551 2387 1681 2417 minime
1713 2396 1848 2425 aequum
1881 2386 1930 2416 vel
1955 2392 2077 2417 rectum

1120 2435 1196 2466 erat,
1222 2431 1485 2461 inaestimabilem
1511 2430 1696 2460 thesaurum
1727 2428 1850 2458 foetidis
1877 2433 1909 2458 et
1941 2428 2080 2460 sordidis

1122 2474 1206 2504 vasis
1242 2474 1412 2513 inquinari.
1470 2473 1556 2511 Ergo
1590 2472 1622 2501 in
1658 2476 1826 2510 praecepto
1859 2472 2079 2502 sanctificandi

1120 2522 1249 2547 ostensa
1284 2516 1345 2546 duo
1379 2516 1517 2551 fuerunt,
1553 2525 1674 2545 5110111111
1708 2513 1771 2543 Dei
1807 2512 1985 2543 doctrinam
2015 2525 2079 2545 non

111 2550 251 2589 ferietur,
285 2552 347 2583 sive
368 2554 533 2587 ¹iumentum
554 2558 664 2596 fuerit,
686 2559 750 2589 sive
772 2558 873 2597 homo,
898 2569 957 2590 non
979 2560 1066 2597 vivet,
1092 2558 1093 2561 ’
1120 2559 1319 2590 tractandam
1344 2569 1413 2589 0550
1435 2557 1532 2588 illotis
1556 2555 1712 2595 manibus,
1736 2561 1841 2586 totum
1866 2565 1940 2586 vero
1965 2556 2079 2588 huma-

112 2603 205 2631 quum
221 2596 411 2632 protraxerit
432 2598 564 2637 buccina,
591 2601 656 2639 ipsi
677 2601 837 2632 ascendent
864 2603 896 2632 in
927 2605 1063 2633 montem.

1119 2612 1195 2632 1111111
1211 2612 1314 2642 genus
1332 2601 1494 2640 impurum
1508 2609 1577 2630 0550
1590 2604 1621 2629 et
1633 2598 1807 2638 pollutum:
1828 2597 1960 2637 ideoque
1973 2599 2079 2631 nullos

1826 2647 1874 2673 13*
