2304 3034
181 185 238 216 101

177 278 351 310 roboratum
371 278 433 317 fuit
453 285 503 308 cor
526 274 719 311 Pharaonis,
742 283 794 304 nec
815 273 937 304 audivit
959 283 1022 311 eos,
1057 273 1135 304 sicut

177 321 317 360 loquutus
339 323 404 351 erat
426 319 546 350 Iehova.

265 406 313 436 16.
347 405 432 436 Tunc
460 403 539 434 dixit
565 401 676 432 Iehova
709 400 749 431 ad
771 398 889 430 Illosen.
936 399 1006 431 Hoc
1036 400 1132 430 etiam

178 448 246 480 loco
264 447 314 489 (ut
333 446 433 487 prius)
452 444 576 485 prodire
594 443 722 474 iubetur
734 441 865 472 Aharon
880 442 970 473 Mose
990 442 1131 480 inferior,

178 491 230 531 qui
254 500 391 530 poenam
414 488 523 527 exigat
544 485 582 516 de
601 491 756 526 tyranno:
780 483 875 523 idque
894 484 1022 515 maioris
1042 484 1132 524 igno-

177 533 297 564 miniae
320 541 414 563 causa
437 539 530 570 quam
547 529 573 560 si
597 528 681 558 solus
694 527 801 558 Moses
825 527 936 558 fuisset
960 526 1132 558 adhibitus.

178 575 309 616 Species
332 584 405 604 vero
428 572 539 603 tertiae
562 570 672 610 plagae
702 569 847 609 apprime
870 575 917 600 est
941 570 1132 600 memorabi—

176 618 230 649 lis:
255 616 336 658 quod
353 615 442 646 Deus
465 624 528 644 non
552 613 655 643 solum
678 622 734 651 per
756 622 860 648 ranas,
884 612 939 642 sed
964 623 1019 651 per
1043 611 1131 651 pedi-

175 660 264 691 culos
286 659 470 698 Aegyptum
492 655 630 686 infestat.
677 653 871 694 Quanquam
901 655 987 685 enim
1012 654 1050 684 de
1074 661 1131 687 DJ:

176 713 239 733 non
258 710 388 741 prorsus
406 697 554 730 convenit
566 697 651 728 inter
663 696 839 734 Hebraeos,
858 697 1003 728 fatentur
1021 702 1130 727 tamen

175 743 366 775 animalcula
394 752 477 776 esse,
502 739 551 771 vel
580 739 717 776 insecta,
750 750 830 778 quae
864 740 962 770 etiam
993 739 1130 770 sordidis

175 786 358 818 hominibus
370 783 522 824 pudorem
535 792 607 813 cum
622 781 770 812 molestia
789 782 936 812 afferunt.
973 781 1130 813 Videmus

174 839 250 869 ergo
273 837 366 868 quam
389 825 556 865 magnifice
579 825 760 863 superbiam
786 825 927 865 Aegypti
958 825 1130 856 calcaverit

173 871 272 908 Deus,
296 868 468 901 vindictam
490 867 700 898 contumeliae
720 873 751 897 et
774 867 881 906 probri
902 867 1027 907 plenam
1048 867 1129 897 infli-

172 913 285 954 gendo.
330 911 412 942 Nam
442 910 500 941 etsi
531 910 682 940 miserum
712 909 826 940 fuisset
855 910 914 940 sub
945 910 1069 949 potenti
1097 914 1128 940 et

173 956 320 987 bellicoso
343 954 433 984 hoste
454 952 582 989 cadere,
617 952 712 992 longe
742 958 850 983 tamen
880 952 1004 983 tristius
1028 952 1088 983 fuit
1111 962 1128 982 a

171 998 325 1038 pediculis
358 996 493 1035 turpiter
526 995 645 1026 confici.
700 994 767 1025 Nec
801 994 933 1025 dubium
968 999 1017 1025 est
1050 994 1127 1034 quin

172 1041 257 1072 hunc
279 1039 416 1070 maxime
439 1037 617 1068 exercitum
641 1038 732 1068 Deus
762 1039 937 1068 armaverit
962 1042 999 1067 ut
1022 1037 1127 1076 palam

170 1083 290 1114 faceret
312 1081 369 1112 sibi
394 1080 483 1112 facile
507 1090 575 1111 esse
598 1079 752 1119 quidquid
776 1085 824 1110 est
846 1085 993 1110 terrenae
1016 1086 1124 1119 poten-

170 1126 234 1156 tiae
263 1124 310 1155 vel
342 1123 463 1154 roboris
492 1133 548 1162 per
578 1123 682 1153 lusum
717 1122 832 1153 delere.
878 1123 921 1153 Et
951 1128 1037 1153 certe
1066 1122 1128 1153 nisi
1152 1128 1154 1158 1¹

169 1167 322 1208 Aegyptii
341 1166 411 1206 plus
431 1175 527 1205 quam
547 1165 664 1204 stupidi
686 1165 820 1196 fuissent
840 1171 870 1195 et
883 1170 1036 1202 amentes,
1051 1165 1127 1196 haec
1152 1192 1153 1201 ,

168 1210 232 1241 11115
265 1209 458 1248 comparatio
488 1208 521 1238 in
552 1212 693 1238 mentem
725 1208 834 1238 venire
869 1206 1018 1244 debebat,
1052 1207 1127 1247 quid

168 1251 296 1283 tandem
321 1252 467 1282 futurum
492 1255 576 1281 esset
595 1251 619 1281 si
639 1250 717 1281 coeli
737 1255 769 1280 et
792 1256 897 1281 terrae
920 1250 1027 1289 opifex
1051 1250 1127 1281 totis

167 1294 291 1326 viribus
312 1293 511 1324 incumberet
541 1293 579 1324 ad
603 1303 655 1324 605
685 1292 880 1332 perdendos,
910 1293 1000 1323 cuius
1028 1303 1126 1332 prope

167 1337 290 1368 ludicro
313 1336 487 1367 certamine
506 1335 544 1366 ad
564 1335 670 1366 tabem
691 1335 791 1375 redigi
811 1346 844 1366 56
865 1335 1025 1366 videbant.
1060 1335 1126 1366 Nos
1151 1351 1153 1367 l

167 1389 246 1411 vero
278 1390 317 1410 ex
352 1379 411 1409 hac
444 1378 578 1409 historia
611 1378 786 1415 discamus,
820 1388 932 1409 omnes
962 1384 1126 1409 creaturas

167 1427 293 1462 praesto
317 1432 384 1452 esse
407 1421 445 1452 ad
459 1421 520 1452 Dei
543 1427 669 1458 nutum,
693 1421 816 1460 quoties
839 1421 903 1451 illis
927 1421 996 1451 vult
1020 1421 1065 1451 uti
1086 1420 1125 1451 ad

167 1465 277 1496 hostes
289 1474 363 1495 5005
381 1463 596 1504 castigandos:
617 1463 731 1494 deinde
751 1463 875 1494 nullum
896 1474 963 1493 esse
985 1469 1049 1493 tam
1063 1463 1125 1494 vile

167 1511 224 1538 aut
245 1511 462 1546 contemptum
486 1506 621 1543 animal,
645 1506 695 1537 cui
718 1517 781 1536 non
805 1506 882 1537 satis
906 1511 1057 1545 suppetat
1079 1506 1124 1537 fa-

166 1549 293 1581 cultatis
306 1549 345 1580 ad
359 1548 538 1579 nocendum
552 1549 605 1579 ubi
618 1548 773 1579 divinitus
786 1555 944 1579 armatur:
962 1553 1124 1589 postremo

165 1592 316 1633 reprobos
339 1591 552 1631 superbiendo
574 1592 633 1623 hoc
656 1591 786 1622 tandem
811 1592 970 1630 consequi,
995 1596 1030 1621 ut
1054 1602 1124 1622 ver-

165 1635 270 1666 mibus
302 1634 379 1674 ipsis
415 1634 463 1665 vel
504 1634 659 1674 pediculis
700 1645 772 1665 cum
810 1634 953 1665 maxima
994 1634 1126 1664 infamia

165 1677 358 1709 subiaceant.

252 1720 300 1751 18.
323 1718 365 1750 Et
386 1720 431 1750 sic
458 1719 593 1758 fecerunt
621 1719 714 1758 omtyi.
760 1718 880 1750 Facere
911 1719 963 1749 hic
985 1719 1124 1749 sumitur

166 1773 222 1802 pro
245 1763 361 1794 conari.
406 1762 516 1801 Neque
539 1762 624 1792 enim
648 1761 712 1792 illis
735 1762 895 1799 suecessit,
919 1761 1125 1801 quemadmo-

167 1805 242 1836 dum
275 1816 349 1835 mox
382 1805 534 1844 sequitur.
589 1804 753 1835 Dicuntur
787 1814 862 1844 ergo
896 1804 1006 1835 fecisse
1040 1805 1122 1844 quod

164 1848 285 1878 frustra
296 1852 469 1885 tentarunt,
490 1847 537 1877 vel
550 1846 633 1886 quod
653 1847 795 1887 agg-rossi
815 1852 892 1877 sunt
910 1847 979 1877 sine
999 1847 1122 1878 effectu.

165 1891 273 1930 Atque
299 1889 358 1921 hoe
384 1889 477 1920 modo
507 1889 669 1920 Pharaoni
703 1890 821 1929 eripuit
850 1890 937 1920 Deus
971 1889 1123 1929 quidquid

165 1938 232 1963 erat
256 1932 470 1964 excusationis
493 1932 656 1963 residuum
676 1943 713 1962 ex
734 1933 866 1963 obtentu
887 1933 1014 1963 erroris.
1052 1933 1122 1963 Etsi

165 1976 249 2006 enim
273 1976 362 2015 prius
381 1974 440 2005 sibi
460 1975 602 2006 fallacias
620 1975 787 2012 asciverat,
806 1974 911 2005 colore
931 1982 1037 2005 tamen
1060 1986 1122 2006 non

163 2018 267 2049 caruit
285 2018 352 2048 eius
376 2017 558 2057 pertinacia,
582 2027 679 2057 quum
704 2017 789 2057 magi
813 2028 852 2047 ox
876 2028 977 2057 aequo
1000 2028 1123 2058 pugna—

165 2065 237 2091 rent
264 2071 335 2091 cum
366 2060 464 2091 Mose.
516 2060 640 2091 Verum
674 2060 725 2090 ubi
761 2060 849 2091 videt
879 2071 988 2091 corum
1020 2067 1121 2091 artem

165 2102 307 2139 deficere,
327 2113 365 2133 ex
385 2103 525 2142 professo
537 2103 692 2133 adversus
705 2103 810 2133 Deum
823 2103 975 2143 confligit.
1011 2102 1122 2141 Quan-

166 2155 259 2184 quam
290 2155 352 2175 non
383 2145 469 2176 illius
499 2150 626 2176 tantum
655 2150 800 2185 respectu
833 2145 1024 2184 impostores
1052 2145 1122 2176 illos

165 2187 308 2218 cohibuit
331 2188 432 2225 Deus,
456 2187 511 2219 sed
535 2187 682 2219 ridendos
704 2187 852 2218 omnibus
876 2188 1055 2227 prostituit,
1087 2193 1122 2219 ut

167 2229 224 2260 sibi
248 2230 303 2261 11111
327 2230 455 2261 virtutis
478 2231 635 2270 perfectae
659 2230 792 2271 gloriam
816 2231 849 2261 in
873 2230 1011 2261 solidum
1036 2241 1120 2262 asse-

167 2275 261 2302 reret.
294 2271 386 2303 Unde
407 2273 587 2313 colligimus
610 2284 703 2313 quam
728 2273 808 2304 bene
832 2283 889 2312 pro
912 2283 970 2304 sua
990 2273 1121 2305 inaesti-

168 2313 276 2344 mabili
304 2315 458 2354 sapientia
486 2321 640 2355 temperet
671 2326 767 2355 quam
791 2315 932 2346 Satanae
963 2316 1120 2347 ministris
1145 2326 1146 2357 1

167 2355 328 2386 licentiam
358 2356 397 2387 ad
433 2362 558 2398 tempus
588 2359 756 2398 permittit.
806 2358 890 2389 Nam
925 2357 978 2388 ubi
1009 2369 1118 2389 eorum

167 2397 331 2429 audaciam
364 2399 526 2431 tolerando
559 2402 636 2432 satis
668 2401 816 2441 probavit
849 2411 979 2432 suorum
1014 2401 1118 2439 fidem,
1144 2408 1146 2422 ⁸

167 2441 258 2479 quasi
281 2450 319 2470 ex
343 2441 474 2481 abrupto
496 2443 669 2475 subsistere
690 2444 776 2483 ipsos
799 2445 898 2483 cogit,
930 2449 965 2473 nt
996 2444 1120 2475 iaceant
1143 2473 1145 2485 ‚

167 2483 304 2519 confusi,
333 2493 390 2513 nec
412 2486 578 2523 proficiant
606 2487 639 2516 in
670 2487 777 2526 peius,
808 2487 891 2517 sicut
920 2486 964 2516 ait
987 2486 1118 2525 Paulus,

167 2524 250 2555 hanc
272 2524 436 2556 historiam
459 2538 707 2560 commemorans
729 2528 771 2570 (2.
796 2529 877 2559 Tim.
901 2528 930 2565 3,
954 2528 995 2570 8).

254 2567 301 2598 19.
335 2567 418 2599 Tunc
443 2570 584 2601 dixerunt
611 2572 695 2612 mayi
727 2572 768 2603 ad
792 2572 994 2603 Pharaonem.
1039 2572 1117 2603 Pro-

167 2609 272 2640 babile
294 2614 342 2640 est
364 2610 482 2642 duriter
508 2613 605 2644 fuisse
633 2614 817 2655 obiurgatos
846 2613 927 2654 quod
950 2614 984 2644 in
1007 2624 1116 2646 aemu-

738 179 1105 211 COMMENTARIUS
1129 180 1177 211 IN
1200 180 1349 212 EXODI
1371 181 1468 214 CAP.
1492 182 1587 214 VIII.

1144 2372 1146 2395 J
1171 2361 1283 2401 portio.

2091 184 2153 215 102

1186 273 1304 306 latione
1333 286 1499 307 servornm
1531 276 1592 307 Dei
1627 280 1797 308 cessarent.
1848 277 1964 317 Itaque
1993 282 2150 309 excusant

1186 327 1249 347 non
1269 328 1337 348 esse
1361 319 1499 358 amplius
1517 320 1669 350 scientiae
1688 326 1720 349 et
1739 319 1873 359 magieis
1893 320 2014 350 artibus
2034 320 2149 351 locum.

1185 359 1280 390 Unde
1304 360 1498 400 colligimus,
1531 362 1597 392 suis
1629 363 1811 402 praestigiis
1843 362 1888 392 ita
1916 362 2030 393 lusisse
2053 368 2090 393 ut
2114 374 2148 394 56

1185 407 1339 440 putarent
1357 403 1493 443 optimos
1506 405 1641 435 et-lande
1655 403 1770 444 dignos
1791 405 1977 436 illusionum
1998 406 2146 436 artifices.

1184 444 1298 484 Neque
1321 446 1405 476 enim
1426 446 1488 477 alia
1512 447 1550 477 de
1570 457 1664 477 causa
1684 447 1799 487 vulgus
1819 448 1979 487 sapientes
1998 458 2052 479 eos
2075 458 2148 478 cen-

1183 486 1275 517 sebat
1294 488 1355 518 nisi
1373 488 1455 527 quod
1475 489 1534 528 ipsi
1561 494 1636 520 ante
1655 489 1803 520 fiduciam
1823 489 1906 521 hanc
1924 494 2147 530 conceperant.

1184 529 1331 569 Digitum
1356 533 1440 561 enim
1466 531 1525 562 Dei
1549 537 1715 571 opponunt
1738 542 1815 563 suae
1839 532 1986 563 solertiae
2010 537 2042 563 et
2064 533 2147 573 peri-

1184 572 1256 609 tiae,
1279 574 1368 611 quasi
1394 573 1537 604 dicerent
1562 584 1624 604 non
1644 585 1712 605 esse
1731 575 1794 605 iam
1818 580 1981 606 certamen
2005 575 2043 606 de
2066 575 2146 606 artis

1183 616 1388 653 praestantia,
1413 616 1466 646 sed
1487 616 1640 656 quidquid
1659 617 1697 648 ab
1717 617 1886 658 astrologis
1906 624 1936 648 et
1956 618 2145 659 praestigia-

1183 667 1255 687 rum
1288 658 1449 697 magistris
1480 659 1598 697 requiri
1629 664 1766 699 poterat,
1798 659 2053 691 extraordinaria
2081 660 2145 691 Dei

1184 700 1301 730 virtute
1335 700 1368 730 in
1400 701 1536 731 nihilum
1572 701 1682 742 redigi.
1736 702 1891 742 Pugnant
1925 702 2051 742 quidem
2082 703 2144 743 ipsi

1182 752 1305 773 secum:
1332 753 1407 773 nam
1430 754 1580 782 quorsum
1605 744 1736 775 attinuit
1758 756 1830 776 cum
1850 745 1940 776 Mose
1960 750 1989 776 et
2011 745 2144 776 Aharon

1182 785 1371 824 confligere,
1402 786 1464 816 nisi
1494 792 1531 816 ut·
1557 786 1659 817 Deum
1683 797 1701 816 a
1724 797 1781 818 sua
1812 792 1902 827 parte
1929 791 2013 818 stare
2043 788 2142 820 iacta-

1181 826 1273 857 rent‘?
1300 826 1391 865 Quod
1416 828 1441 858 si
1462 839 1512 858 res
1530 829 1601 859 illas
1619 829 1773 868 gerebant
1786 830 1847 860 Dei
1866 830 2024 869 auspiciis,
2045 841 2140 870 quam

1181 869 1351 900 ridiculum
1384 875 1432 901 est
1455 881 1534 910 quos
1561 872 1648 911 prius
1678 877 1944 912 oppugnaverant
1970 873 2064 904 fateri
2088 884 2141 904 su-

1181 913 1331 951 periores,
1355 912 1496 952 ipsisque
1521 914 1671 944 victoriae
1692 914 1817 945 laudem
1837 914 1970 952 deferre,
1990 915 2064 955 quia
2077 915 2140 947 Dei

1181 955 1324 994 potentia
1346 956 1411 985 51111
1434 956 1606 986 instructi?
1632 956 1787 988 Videmus
1810 968 1886 997 ergo
1905 968 1977 989 eum
1997 963 2064 989 tota
2083 968 2140 989 sua

1181 998 1306 1028 vafritie
1332 998 1428 1028 fuisse
1447 998 1631 1029 infatuatos.
1667 999 1731 1029 Sed
1751 1000 1875 1030 interea
1894 1000 2067 1031 tenendum
2091 1006 2140 1032 est

1180 1039 1265 1079 quod
1289 1051 1392 1079 nuper
1415 1041 1515 1081 attigi,
1541 1052 1602 1071 non
1627 1041 1719 1072 modo
1743 1042 1880 1073 traxisse
1899 1043 1976 1073 alios
1995 1043 2027 1073 in
2052 1053 2139 1074 erro-

1153 1095 1154 1099 *
1179 1093 1263 1119 rem,
1295 1082 1350 1113 sed
1382 1083 1478 1113 etiam
1514 1084 1609 1115 fuisse
1639 1083 1801 1124 deceptos,
1831 1085 1913 1124 quod
1942 1086 1975 1116 in
2005 1086 2139 1117 fallaciis

1179 1125 1259 1155 artis
1294 1126 1436 1165 magicae
1466 1132 1617 1165 putarent
1645 1127 1774 1158 subesse
1803 1128 1979 1158 scientiam.
2034 1127 2138 1160 Sicuti

1179 1167 1273 1198 hodie
1307 1168 1455 1199 videmus
1483 1169 1701 1208 genethliacos
1729 1175 1760 1200 et
1788 1170 1907 1201 similes
1938 1171 2137 1210 impostores,

1179 1211 1233 1249 qui
1258 1221 1292 1240 se
1315 1211 1490 1251 astrologos
1514 1211 1696 1242 iudiciarios
1720 1213 1904 1249 nominant,
1929 1213 1989 1244 sibi
2014 1213 2139 1252 placere

1179 1254 1210 1283 in
1234 1253 1300 1283 suis
1326 1253 1455 1288 deliriis,
1480 1258 1515 1284 nt
1539 1265 1600 1284 non
1628 1253 1776 1285 dubitent-
1805 1254 1939 1294 gradum
1964 1256 2023 1286 sibi
2047 1267 2138 1295 prae-

1179 1296 1307 1335 cipuum
1332 1296 1416 1326 inter
1442 1296 1584 1327 doctores
1608 1307 1742 1327 sumere.
1788 1297 1935 1337 Denique
1958 1309 2047 1329 mera
2070 1309 2136 1329 am-

1180 1338 1256 1369 bitio
1285 1349 1395 1377 magos
1428 1339 1554 1378 impulit
1588 1344 1622 1369 ut
1650 1339 1755 1369 Deum
1787 1350 1843 1379 per
1873 1350 2006 1371 manum
2038 1341 2138 1373 Mosis

1178 1381 1303 1420 operari
1328 1381 1479 1412 dicerent.
1527 1381 1671 1412 Pudebat
1700 1382 1784 1412 enim
1814 1382 1920 1419 fateri,
1945 1394 2137 1423 quemquam

1178 1424 1363 1454 mortalium
1383 1424 1515 1455 scientia
1534 1424 1734 1463 praecellere.
1771 1424 1893 1455 Verum
1919 1430 2047 1457 extorta
2072 1426 2137 1458 illis

1178 1465 1240 1496 fuit
1262 1466 1426 1503 confessio,
1450 1476 1511 1506 qua
1534 1467 1703 1506 magnifice
1721 1467 1817 1498 unius
1836 1467 1905 1498 veri
1917 1468 1978 1498 Dei
2000 1468 2136 1508 gloriam

1177 1508 1391 1547 celebrarent,
1414 1513 1445 1539 et
1468 1509 1560 1539 simul
1591 1510 1804 1549 approbarent
1833 1510 2009 1550 legitimam
2034 1512 2136 1543 Mosis

1178 1552 1388 1582 vocationem.
1442 1551 1523 1582 Nam
1558 1552 1583 1582 si
1617 1552 1649 1581 in
1678 1552 1766 1583 Mose
1801 1552 1905 1591 palam
1941 1554 2136 1593 conspicitur

1178 1593 1239 1624 Dei
1263 1595 1420 1633 potentia,
1447 1594 1590 1633 sequitur
1613 1604 1722 1625 verum
1747 1605 1815 1625 esse
1838 1599 1870 1625 et
1892 1594 2038 1626 divinum
2062 1607 2135 1636 pro-

1177 1637 1317 1676 phetam.
1353 1636 1447 1675 Quod
1467 1641 1572 1667 autem
1593 1648 1625 1667 se
1644 1648 1704 1667 non
1726 1637 1846 1676 pariter
1868 1638 1901 1668 in
1921 1637 1985 1668 illis
2004 1639 2134 1677 exserit,

1177 1678 1231 1710 sed
1267 1680 1423 1719 pervertit
1456 1690 1565 1710 eorum
1600 1684 1747 1716 conatus,
1783 1679 1859 1710 hinc
1889 1684 2030 1711 statuere
2061 1681 2134 1713 lieet

1176 1722 1237 1752 Dei
1262 1733 1330 1752 6556
1354 1722 1563 1753 adversarios.
1610 1721 1697 1753 Satis
1720 1721 1759 1752 ad
1790 1722 1992 1753 refutandam
2023 1734 2133 1755 eorum

1176 1765 1350 1795 vanitatem
1375 1764 1404 1794 id
1430 1771 1512 1802 erat,
1539 1775 1683 1804 pugnare
1706 1764 1876 1795 infeliciter
1906 1770 1938 1795 et
1966 1766 1997 1796 in
2028 1766 2133 1798 medio

1175 1818 1270 1838 cursu
1305 1807 1450 1838 destitui:
1486 1806 1540 1837 sed
1571 1807 1628 1837 hoc
1657 1807 1757 1837 multo
1785 1808 1918 1847 gravius
1952 1812 2014 1843 est,
2050 1809 2132 1848 quod

1175 1850 1280 1880 Deum
1293 1851 1353 1880 arti
1373 1861 1448 1880 suae
1466 1849 1589 1880 hostem
1607 1856 1780 1889 opponunt.
1817 1849 1932 1880 Verum
1946 1850 2073 1890 quidem
2086 1855 2135 1883 est

1175 1892 1410 1923 inconsiderate
1421 1892 1466 1922 ita
1478 1892 1572 1931 loqui,
1586 1893 1658 1931 quia
1672 1897 1794 1922 tantum
1814 1892 2044 1924 existimationi
2056 1904 2132 1926 suae

1175 1935 1341 1966 consulere
1374 1935 1539 1971 volebant,
1574 1940 1606 1964 ct
1635 1935 1717 1965 tucri
1742 1935 1855 1965 falsum
1880 1935 2032 1966 scientiae
2055 1947 2133 1968 suae

1175 1978 1346 2009 honorem:
1382 1977 1436 2008 sed
1466 1977 1536 2007 Deo
1568 1977 1685 2016 placuit
1720 1977 1763 2007 ita
1793 1987 1846 2008 605
1875 1987 2064 2017 coarguere,
2100 1984 2134 2010 ut

1174 2021 1307 2051 sentiret
1322 2020 1450 2051 Pharao
1471 2030 1505 2050 56
1524 2030 1595 2050 cuni
1614 2020 1681 2050 Deo
1701 2021 1782 2057 vivo,
1802 2030 1864 2050 non
1884 2026 1989 2050 autem
2010 2020 2133 2054 duobus

1174 2064 1332 2103 gregariis
1363 2062 1547 2093 hominibus
1581 2062 1742 2102 congredi.
1794 2061 1885 2100 Quod
1921 2061 1960 2092 ad
1994 2062 2131 2095 formam

1173 2105 1322 2145 loquendi
1347 2110 1479 2145 spectat,
1502 2104 1752 2144 metaphoricam
1774 2114 1842 2135 esse
1865 2109 1960 2143 patet.
2000 2106 2130 2146 Digitus

1173 2150 1258 2179 enim
1294 2149 1354 2179 Dei
1394 2147 1478 2187 apud
1509 2147 1631 2177 Lucam
1668 2147 1715 2182 11,
1747 2147 1788 2177 ΞΟ
1818 2152 1949 2177 vocatur
1982 2147 2130 2187 spiritus:

1173 2191 1265 2222 sicuti
1297 2191 1405 2221 multis
1434 2190 1509 2220 10615
1541 2201 1596 2229 per
1623 2200 1752 2220 manum
1778 2190 1837 2219 Dei
1868 2189 2015 2220 similiter
2045 2191 2129 2222 idem

1172 2234 1305 2273 spiritus
1335 2233 1537 2273 intelligitur.
1584 2232 1729 2262 Notanda
1761 2238 1866 2262 tamen
1890 2232 1972 2262 ratio
1996 2238 2052 2270 est,
2088 2245 2129 2266 ne

1172 2277 1242 2316 quis
1265 2276 1413 2306 indoctus
1443 2275 1481 2305 ad
1512 2275 1682 2305 essentiam
1714 2274 1846 2310 referat,
1877 2274 1967 2313 quasi
1995 2276 2128 2314 spiritus

1171 2320 1224 2358 qui
1256 2329 1329 2349 vere
1358 2323 1507 2349 aeternus
1538 2317 1626 2348 Deus
1656 2322 1717 2353 est,
1750 2316 1855 2355 aliqua
1885 2323 1969 2347 esset
1997 2316 2127 2351 deitatis

1329 2360 1439 2399 Quum
1464 2364 1568 2390 autem
1593 2360 1691 2390 eoacti
1722 2359 1842 2389 fuerint-
1864 2359 1948 2399 magi
1972 2359 2005 2389 in
2029 2361 2126 2392 mira-

1170 2404 1241 2434 culo
1275 2403 1404 2434 tandem
1438 2412 1611 2442 agnoscere
1641 2402 1698 2432 Dei
1731 2401 1922 2440 potentiani,
1958 2402 2126 2442 plusquam

1170 2446 1274 2486 turpis
1293 2446 1454 2477 socordiae
1473 2446 1532 2475 erit
1551 2445 1575 2475 si
1597 2445 1673 2475 haec
1692 2443 1801 2474 eadem
1815 2443 2028 2475 consideratio
2040 2446 2125 2485 apud

1170 2500 1227 2520 nos
1250 2500 1312 2520 non
1338 2489 1453 2528 vigeat.
1494 2487 1683 2526 Quanquam
1708 2486 1829 2516 duobus
1852 2486 1953 2516 modis
1972 2487 2033 2518 Dei
2056 2499 2122 2519 rna-

1169 2542 1247 2562 num
1272 2537 1421 2570 reputare
1444 2540 1500 2560 nos
1523 2529 1622 2560 decet.
1663 2528 1773 2567 Neque
1796 2528 1880 2558 enim
1905 2528 1959 2559 ubi
1983 2530 2049 2569 agit
2067 2541 2125 2570 per

1169 2573 1274 2605 media
1297 2573 1346 2614 (ut
1367 2572 1552 2613 loquuntur)
1575 2571 1633 2602 sibi
1656 2570 1826 2611 quidquam
1848 2570 1998 2602 detrahit.
2031 2572 2137 2604 Ideom

1169 2627 1230 2657 que
1253 2617 1287 2646 in
1310 2620 1376 2647 toto
1399 2620 1533 2646 naturae
1556 2625 1650 2646 eursu
1679 2613 1752 2644 fidei
1775 2613 1876 2645 oculis
1899 2615 2125 2654 conspicienda

1890 2662 1922 2688 7*
