2304 3034
76 203 138 235 633

76 306 186 328 semen
210 306 247 327 ac
265 295 452 326 memoriam
473 292 571 323 deleri
590 291 704 322 vellet:
728 290 919 330 praesertim
938 299 1037 329 quum

76 349 131 370 eas
150 339 214 369 iam
233 336 475 378 quadringentis
493 335 587 365 annis
606 333 788 369 tolerasset,
808 341 911 371 prava
929 336 1037 362 autem

77 380 295 412 obstinatione
321 380 355 410 in
378 377 518 409 deterius
541 386 634 407 ruere
653 386 717 406 non
736 378 930 406 cessassent:
954 374 1039 404 unde
1063 380 1065 387 ¹

76 424 229 463 apparuit
260 422 386 462 perdita
418 429 528 450 earum
561 418 720 458 impietas.
773 417 896 448 Iterum
928 420 1038 446 tamen

76 466 234 506 repetitur
256 464 338 505 quod
355 463 429 494 alibi
449 461 571 492 dictum
590 461 659 498 fuit,
682 460 833 500 quoniam
853 464 1039 490 consecrata

77 514 147 539 erat
170 508 209 539 ad
233 507 295 538 Dei
316 506 439 537 cultum
461 510 548 534 terra
578 503 650 540 illa,
680 501 944 534 exterminandos
967 511 1038 532 esse

76 550 210 586 incolas,
234 550 286 590 qui
310 547 390 579 nihil
414 545 502 577 aliud
524 556 620 585 quam
643 555 714 576 eam
737 545 958 576 contaminare
981 554 1038 583 po-

76 597 200 624 terant:
229 591 369 630 adeoque
391 588 423 619 id
450 588 530 619 utile
560 599 629 619 esse
652 587 825 624 Israelitis,
857 597 898 617 ne
926 597 1037 617 eorum

77 635 230 676 decipulis
252 633 423 664 trahantur
445 630 485 661 ad
508 631 605 662 falsas
628 630 883 670 superstitiones.

368 800 428 831 EX
451 799 584 832 DEU'P.
609 799 741 831 XXIII.

159 886 197 918 15
212 886 243 928 ¹).
268 886 340 917 Non
362 886 466 916 trades
487 895 609 916 servum
631 885 753 916 donzino
774 894 840 920 suo,
865 885 918 923 qui
940 894 972 914 se
995 883 1036 930 ad

73 934 100 962 te
125 929 271 968 eripuerit
293 939 313 960 a
336 928 457 959 domino
485 938 550 959 suo.
599 928 646 958 16.
680 928 791 958 Tecum
819 926 967 957 habitabit
1000 936 1035 956 m

72 972 171 1004 medio
201 972 262 1007 tui,
291 971 325 1001 in
348 971 409 1002 loco
430 980 518 1009 quem
539 970 659 1009 eleqerit
680 971 714 1000 in
737 980 801 1001 ana
823 969 946 1000 urbium
968 971 1036 999 tua-

72 1025 142 1046 rum
158 1017 254 1053 prout
268 1014 431 1053 placuerit,
454 1023 506 1044 nee
527 1013 590 1043 vim
613 1012 727 1052 inferes
750 1012 786 1043 ei.

156 1098 353 1138 Quanquam
384 1098 462 1130 haec
495 1098 547 1129 lex
581 1097 620 1128 ad
656 1097 893 1128 humanitatem
916 1103 949 1128 et
971 1098 1035 1130 cle-

71 1142 226 1173 mentiam
250 1145 382 1182 spectat,
407 1146 516 1172 tamen
541 1140 669 1171 videtur
692 1151 755 1171 non
778 1141 865 1171 omni
885 1151 924 1171 ex
944 1146 1035 1181 parte
1060 1163 1062 1169 ,

69 1185 153 1216 iusta
175 1194 253 1215 esse.

70 1237 181 1259 servos
204 1230 404 1266 premerent,
427 1227 531 1266 coegit
549 1236 659 1257 eorum
685 1225 877 1265 improbitas
900 1227 1035 1258 miseros

70 1270 175 1309 aliquo
198 1269 311 1300 solatio
334 1269 452 1299 levare.
498 1269 613 1308 Itaque
632 1268 734 1299 servis
758 1269 950 1308 permissum
975 1270 1035 1301 fuit

68 1313 103 1343 in
125 1312 245 1352 templa
268 1311 454 1352 confugere:
479 1311 603 1342 Romae
626 1311 723 1341 etiam
747 1311 787 1342 ad
810 1316 934 1342 statuas
957 1312 1036 1344 Cae-

69 1365 195 1392 sarum,
223 1358 260 1385 ut
289 1355 315 1385 si
337 1355 511 1394 probarent
537 1365 571 1385 se
594 1354 726 1394 indigne
750 1359 782 1384 et
810 1354 1035 1386 inhumaniter

68 1397 168 1429 fuisse
190 1401 359 1435 tractatos,
386 1406 481 1428 causa
503 1397 649 1437 cognita,
675 1395 798 1427 venditi
822 1397 860 1428 ad
885 1408 1034 1428 mansue-

68 1440 167 1471 tiores
197 1440 343 1471 dominos
373 1439 561 1470 transirent.
606 1439 677 1470 Hoc
711 1439 837 1479 quidem
868 1440 1033 1472 tolerabile

299 1183 409 1222 Quum
433 1184 601 1224 tyrannica
624 1182 774 1223 superbia
795 1183 890 1214 multi
913 1183 1035 1215 domini

68 1482 137 1519 fuit,
161 1482 215 1514 sed
239 1482 425 1522 perfugium
449 1482 533 1521 quod
557 1482 609 1512 hic
633 1483 737 1513 servis
761 1482 863 1519 datur,
888 1482 1034 1515 dominos

68 1526 137 1556 iure
160 1536 217 1556 suo
239 1524 384 1555 fraudat:
408 1525 556 1564 quoniam
581 1535 677 1556 causa
707 1525 872 1565 incognita
900 1525 1033 1558 libertas

68 1568 131 1599 illis
154 1568 251 1598 datur
274 1567 440 1598 habitandi
466 1568 498 1597 in
526 1572 612 1598 terra
641 1567 816 1598 Chanaan:
848 1568 908 1599 hoc
935 1569 1033 1600 etiam

67 1610 163 1641 modo
192 1611 330 1641 violatur
352 1610 403 1641 ius
425 1610 588 1650 gentium,
616 1609 692 1641 dum
722 1615 809 1641 terra
839 1610 1034 1650 quibuslibet

67 1652 218 1694 fugitivis
241 1657 337 1693 patet.
382 1652 434 1683 Ad
470 1652 548 1684 haec
581 1663 681 1693 quum
711 1654 796 1684 servi
825 1653 967 1694 perfugi,
998 1659 1034 1686 ut

66 1696 241 1736 plurimum
264 1705 403 1735 nequam
427 1695 491 1725 sint
514 1701 546 1725 et
564 1696 719 1731 scelerati,
742 1696 923 1736 quicunque
947 1697 1034 1728 locus
1060 1723 1061 1727 ,

67 1738 130 1770 erit
153 1748 263 1770 eorum
288 1738 543 1777 receptaculum,
566 1738 678 1769 multis
702 1739 956 1778 inquinamentis
986 1751 1034 1771 re-

66 1781 215 1821 plebitur.
244 1780 339 1819 Quod
358 1781 547 1811 existimant
565 1780 695 1820 quidam
712 1781 882 1822 privilegio
901 1793 1033 1823 exemp·
1058 1802 1059 1805 =

65 1829 115 1855 tos
138 1834 208 1855 esse
231 1834 342 1854 servos
366 1834 384 1854 a
406 1823 514 1862 priore
536 1824 625 1864 iugo,
653 1830 688 1854 ut
720 1834 753 1854 se
783 1824 816 1854 in
844 1825 1031 1864 obsequium

62 1865 133 1897 Deo
157 1866 332 1902 traderent,
355 1870 451 1905 atque
474 1866 519 1896 ita
541 1871 777 1906 propagaretur
800 1878 877 1898 vera
901 1868 1030 1907 religio:

62 1910 168 1940 nescio
202 1920 243 1940 an
277 1909 356 1940 satis
391 1910 522 1939 firmum
552 1910 602 1940 sit.

64 1994 173 2025 sordes
207 2004 244 2025 ac
276 1994 483 2034 quisquilias:
525 1994 600 2034 quia
634 1993 762 2025 tandem
797 2006 892 2026 omne
927 2007 1031 2036 genus

64 2036 253 2077 corruptelis
282 2037 396 2067 fuisset
425 2037 560 2068 referta:
595 2036 711 2068 deinde
737 2038 763 2068 si
794 2038 869 2078 quid
900 2039 1030 2071 sceleris

66 2079 140 2110 alibi
162 2079 276 2110 fuisset
300 2079 492 2117 admissum,
526 2079 587 2110 Dei
616 2079 746 2110 nomine
770 2081 874 2120 obtegi
896 2082 1030 2113 minime
1054 2116 1056 2122 ,

66 2121 204 2153 decebat.
239 2121 325 2160 Quid
345 2122 431 2152 enim
451 2123 477 2152 si
496 2122 555 2157 fur,
580 2122 607 2153 si
626 2122 762 2160 adulter,
786 2124 837 2155 vel
857 2123 1028 2162 homicida,
1054 2125 1056 2133 '

67 2163 175 2195 relicto
198 2164 325 2195 domino
348 2164 473 2204 asylum
497 2165 532 2195 in
556 2170 642 2195 terra
673 2170 786 2196 sancta
815 2167 1027 2206 quaesiisset?

68 2206 147 2237 tales
176 2206 313 2247 hospitio
343 2208 485 2247 recipere
514 2218 550 2238 ac
580 2208 662 2238 tueri
692 2208 767 2248 quid
797 2209 884 2239 aliud
914 2209 1029 2241 fuisset

69 2258 163 2288 quam
186 2250 306 2280 eversis
329 2249 455 2290 legibus
478 2254 509 2280 et
531 2249 658 2281 iudiciis
688 2251 815 2281 foedam
846 2252 1028 2283 barbariem
1052 2279 1054 2293 ,Ἰ
1079 2276 1159 2307 audo
1180 2275 1386 2307 amm-haberis
1406 2286 1475 2307 cum
1497 2288 1530 2309 eo

69 2291 228 2322 statuere?
263 2292 332 2333 Ego
355 2293 462 2332 itaque
485 2292 557 2332 plus
580 2292 826 2333 intelligendum
850 2304 919 2326 esse
942 2295 1027 2326 arbi-

68 2336 137 2363 tror
153 2343 246 2372 quam
269 2340 384 2366 sonent
403 2335 508 2373 verba,
532 2345 656 2375 nempe,
678 2336 703 2366 si
723 2342 921 2376 compertum
944 2342 1029 2368 essct

70 2385 180 2406 servos
199 2376 316 2416 fugisse
341 2388 403 2408 non
427 2377 575 2409 maleficii
605 2388 716 2415 causa,
745 2379 798 2409 sed
828 2379 867 2410 ob
893 2380 1027 2411 nimiam

71 2417 270 2449 dominorum
293 2420 538 2458 truculentiam,
569 2431 609 2451 ne
633 2421 768 2460 populus
791 2432 844 2453 eos
870 2422 1028 2462 abigeret:

70 2459 155 2499 quod
178 2462 363 2492 tantundem
387 2468 457 2494 erat
479 2467 574 2503 atque
600 2463 641 2494 ad
670 2464 832 2495 lanienam
863 2465 1028 2505 proiicere.

71 2502 115 2533 Et
148 2509 234 2533 certe
266 2503 417 2535 iudicium
458 2505 683 2545 interpositum
723 2507 821 2538 fuisse
858 2507 1029 2548 colligitur,

72 2545 146 2584 quia
187 2544 281 2575 datur
320 2546 445 2585 electio,
485 2548 517 2579 in
549 2559 738 2589 quacunque
772 2549 851 2581 urbe
884 2549 1030 2582 habitare

158 2636 186 2669 1)
203 2637 285 2662 Hebr.
306 2637 344 2663 16.
365 2639 404 2664 17.

797 196 986 228 SEXTUM
1009 196 1329 229 PRAECEPTUM.

649 1909 747 1940 Certe
777 1915 1030 1942 consentaneum
1057 1934 1058 1939 ,

63 1962 126 1982 non
150 1951 294 1988 videtur,
324 1951 358 1981 in
381 1952 548 1982 ecclesiam
579 1956 724 1991 receptas
748 1952 845 1983 fuisse
868 1954 1031 1992 quaslibet
1056 1956 1058 1962 ’

1994 204 2057 236 634

1089 289 1202 321 velint.
1254 291 1369 322 Valuit
1402 292 1531 332 quidem
1567 292 1606 323 ad
1637 294 1780 325 favorem
1816 296 1943 336 religio,
1981 298 2056 337 quia

1088 343 1206 363 nomen
1230 344 1306 365 vero
1329 334 1399 365 Deo
1423 345 1476 366 eos
1499 335 1576 366 dare
1598 337 1755 376 oportuit.
1783 342 1814 368 et
1836 339 1869 369 in
1893 340 1963 371 eius
1987 341 2054 372 cul-

1089 379 1157 405 tum
1181 375 1304 407 initiari
1334 377 1390 416 qui
1419 378 1527 409 sedem
1552 382 1584 409 et
1614 379 1811 411 domicilium
1842 382 1993 421 petebant
2021 383 2055 414 in

1090 421 1176 448 terra
1211 418 1383 450 Chanaan:
1418 431 1584 460 nunquam
1607 426 1714 452 tamen
1735 433 1849 462 passus
1871 431 1921 456 est
1957 426 2054 463 Deus,

1089 459 1205 498 impios
1228 462 1296 492 sine
1326 461 1452 494 delectu
1487 463 1686 503 recipiendo,
1714 475 1833 496 nomen
1863 477 1956 498 suum
1981 479 2054 508 pro-

1089 502 1202 533 fanari.
1237 503 1346 542 Quare
1369 504 1419 546 (ut
1442 506 1534 537 initio
1552 506 1658 548 attigi)
1681 507 1917 540 humanitatem
1937 511 2054 551 populo

1089 555 1146 575 suo
1170 545 1260 576 Deus
1283 548 1502 585 commendat,
1528 559 1567 580 ne
1590 551 1742 590 profugos
1765 561 1875 583 servos
1899 553 2053 590 dedendo,

1090 586 1194 618 alieno
1221 589 1320 620 furori
1352 590 1549 622 subscribat:
1580 592 1655 631 quia
1684 592 1803 623 domini
1832 593 1933 625 futuri
1961 602 2054 627 erant

1089 630 1264 662 carnifices.
1310 632 1354 662 Et
1374 643 1474 672 quum
1500 634 1654 674 populum
1685 646 1704 666 a
1726 636 1757 666 vi
1787 636 1955 669 inferenda
1985 649 2054 678 pro-

1090 671 1194 710 hibet,
1217 673 1400 706 subindicat
1422 675 1473 707 his
1497 677 1602 708 verbis
1626 682 1751 708 tantum
1771 689 1805 709 se
1828 680 1954 711 miseris
1976 691 2053 712 con-

1088 715 1209 752 sulere,
1239 721 1275 746 ut
1297 716 1437 748 liberum
1460 718 1501 749 sit
1524 730 1616 750 suam
1640 720 1857 752 innocentiam
1883 722 2053 755 defendere

1088 756 1121 787 in
1153 758 1286 789 iudicio:
1318 759 1403 791 unde
1437 760 1521 792 hanc
1553 762 1657 802 legem
1686 764 1718 794 in
1748 764 1940 804 appendices
1970 768 2053 798 sexti

1088 802 1249 841 praecepti
1272 802 1392 833 referre
1415 803 1521 834 visum
1545 812 1601 836 est.

1391 972 1455 1004 EX
1478 973 1610 1005 DEU'P.
1635 974 1749 1006 XXII.

1171 1055 1199 1086 6.
1227 1056 1327 1095 Quum
1350 1058 1517 1088 occurrerit
1538 1058 1594 1089 tibi
1619 1060 1714 1091 nidus
1740 1061 1846 1092 avium
1873 1063 1907 1093 i‘n
1936 1064 1987 1094 via
2016 1065 2052 1096 'in

1086 1099 1196 1137 quavis
1218 1098 1336 1136 arbore,
1360 1102 1415 1130 aut
1435 1110 1530 1139 super
1551 1104 1667 1132 terram
1696 1103 1748 1133 aba
1764 1105 1850 1143 palli
1872 1105 1917 1136 vel
1937 1116 2001 1143 ova,
2025 1109 2051 1138 el

1085 1143 1183 1170 wzater
1205 1141 1288 1172 cubet
1308 1151 1402 1180 super
1416 1143 1520 1181 pullos
1542 1147 1596 1174 aut
1618 1154 1713 1183 super
1738 1156 1809 1177 ova:
1831 1157 1891 1178 non
1920 1150 2052 1188 accipies

1086 1185 1213 1214 matrem
1241 1193 1309 1214 cam
1336 1185 1432 1223 filiis.-
1460 1186 1514 1216 sed
1541 1186 1719 1218 dimittendo
1748 1189 1883 1221 dimittes
1911 1195 2050 1230 matrem,

1060 1263 1062 1273 ,
1082 1226 1185 1264 pullos
1217 1229 1318 1257 autem
1350 1228 1454 1266 capies
1481 1228 1545 1266 tibi,
1579 1232 1612 1260 at
1635 1229 1704 1261 bene
1733 1231 1773 1262 sit
1799 1231 1853 1262 tibi
1882 1235 1910 1263 et
1934 1235 2051 1273 produ-

1086 1278 1138 1299 cas
1160 1269 1234 1299 dies.

1171 1353 1242 1386 Hoc
1262 1359 1432 1394 praecepto
1457 1367 1555 1395 quum
1579 1357 1756 1388 instituerit
1782 1358 1873 1390 Deus
1896 1361 2052 1400 populum

1087 1406 1179 1427 suum
1204 1397 1243 1427 ad
1265 1398 1566 1437 mansuetudinem,
1594 1400 1755 1441 appendix
1779 1407 1827 1432 est
1850 1403 1933 1433 sexti
1964 1414 2053 1443 prae-

1088 1439 1181 1479 cepti.
1232 1440 1312 1470 Fuit
1345 1440 1473 1480 quidem
1509 1442 1625 1474 sobolis
1660 1442 1769 1474 habita
1802 1445 1902 1483 ratio,
1937 1445 2053 1477 deinde

1088 1492 1162 1513 aves
1189 1482 1340 1521 quamdiu
1372 1483 1545 1521 incubant,
1579 1490 1615 1516 ut
1648 1492 1723 1517 sunt
1756 1488 1857 1518 macie
1880 1489 2050 1526 confectae,

1086 1529 1211 1556 certum
1231 1530 1279 1556 cst
1300 1537 1363 1556 non
1378 1537 1448 1557 esse
1466 1527 1629 1559 salubrem
1648 1528 1772 1560 cibum:
1792 1529 1924 1561 dubium
1945 1537 2051 1562 tamen

1087 1577 1151 1597 non
1175 1573 1222 1598 est
1245 1568 1320 1607 quin
1343 1569 1543 1609 propositum
1567 1571 1663 1602 fuerit
1686 1571 1756 1602 Deo
1779 1582 1853 1603 suos
1877 1573 1915 1603 ad
1940 1573 2051 1605 huma-

1087 1610 1222 1640 nitatem
1245 1610 1417 1642 fovendam
1441 1613 1649 1645 assuefacere.
1686 1614 1768 1644 Nam
1791 1615 1817 1646 si
1840 1626 1904 1654 qua
1926 1616 2051 1647 miseri-

1087 1652 1212 1683 cordiae
1235 1658 1327 1693 gutta
1350 1654 1384 1684 in
1408 1654 1499 1686 nobis
1523 1656 1624 1696 viget,
1654 1667 1818 1697 nunquam
1843 1658 1876 1688 in
1908 1664 2050 1690 mentem

1086 1696 1193 1726 veniet
1217 1696 1366 1726 miseram
1397 1697 1557 1728 aviculam
1587 1699 1785 1737 interficere,
1814 1711 1896 1740 quae
1916 1701 1965 1731 vel
1995 1713 2049 1742 ge-

1085 1738 1218 1768 nerandi
1243 1739 1363 1776 studio,
1394 1740 1445 1770 vel
1469 1741 1630 1779 pullorum
1655 1753 1763 1773 amore
1786 1743 1831 1774 sic
1854 1743 1985 1783 flagrat,
2013 1748 2050 1775 ut

1086 1781 1171 1811 vitae
1193 1791 1269 1812 suae
1292 1781 1405 1820 oblita,
1440 1783 1618 1822 periclitari
1651 1785 1744 1815 malit
1775 1796 1870 1825 quam
1904 1796 1965 1817 ova
1994 1790 2050 1817 aut

1086 1823 1190 1863 pullos
1214 1824 1368 1855 deserere.
1414 1824 1524 1863 Quare
1550 1837 1614 1857 non
1643 1827 1776 1858 dubium
1805 1833 1854 1859 est
1882 1829 1959 1868 quin
1991 1829 2050 1860 hoc

1058 1873 1059 1878 ¹
1084 1866 1266 1897 rudimento
1284 1867 1437 1907 populum
1457 1877 1550 1900 suum
1572 1870 1662 1900 Deus
1681 1881 1698 1901 a
1718 1871 1844 1902 feritate
1863 1876 1895 1901 et
1915 1872 2050 1903 saevitia

1083 1908 1294 1948 prohibuerit.

1362 2106 1427 2137 EX
1450 2106 1599 2138 EXODI
1624 2107 1757 2140 XXIII.

1164 2190 1192 2221 5.
1240 2190 1275 2221 Sz·
1304 2191 1421 2222 videris
1449 2193 1575 2224 asinum
1603 2193 1724 2224 inimici
1752 2194 1798 2224 tui
1825 2194 2043 2225 decumbentem

1079 2233 1135 2264 sub
1156 2244 1242 2264 onere
1263 2243 1334 2270 suo,
1358 2236 1385 2264 et
1406 2236 1574 2266 cessaveris
1594 2235 1633 2266 ab
1655 2236 1840 2268 auxiliando
1862 2237 1905 2275 ez',
1928 2237 2043 2268 auxili-

1383 2462 1447 2493 EX
1471 2462 1604 2496 DEUT.
1628 2463 1743 2495 XXII.

1166 2548 1194 2579 4.
1220 2547 1290 2578 Non
1310 2547 1428 2578 videbis
1450 2549 1574 2579 asinum
1593 2549 1707 2588 fratris
1728 2550 1775 2580 tui
1797 2552 1851 2580 aab
1872 2549 1958 2582 boves
1975 2553 2042 2584 eius

1080 2591 1212 2621 iacentes
1233 2590 1267 2621 in
1288 2590 1349 2628 via,
1368 2593 1394 2621 et
1416 2590 1578 2623 abscondes
1600 2594 1625 2622 te
1643 2591 1681 2622 ab
1703 2592 1761 2622 eis:
1783 2592 1924 2633 eriyendo
1945 2596 2043 2635 εντ’-963

1081 2643 1149 2665 cum
1172 2643 1212 2664 e0.
