2304 3034
188 183 251 216 211

192 277 301 310 Iacob.
347 275 412 307 Sed
436 274 585 305 refutatio
609 272 711 303 facilis
736 276 802 302 est:
834 272 908 311 quia
937 272 977 302 ad
1000 273 1073 304 illos
1096 283 1162 304 non

196 321 337 352 refertur
362 328 476 348 nomen
501 321 645 356 patrum:
670 314 725 346 sed
748 325 801 346 eos
825 316 878 354 qui
903 315 1049 346 ducentis
1068 316 1162 347 annis

195 360 416 403 superioribus
450 359 567 389 mortui
603 364 696 389 erant
731 358 765 388 in
800 359 950 398 Aegypto
991 358 1161 398 intelligit:

195 405 311 446 quibus
337 403 451 433 merito
482 401 624 441 praefert
654 400 808 440 populum
837 400 1060 439 superstitem,
1089 412 1162 432 cum

195 458 257 488 qno
281 450 471 477 renovatum
497 444 600 474 fuerat
619 445 786 482 antiquum
807 442 927 473 foedus.
962 443 1064 474 Porro
1084 444 1163 475 haec

196 489 351 529 temporis
370 487 612 518 circumstantia
632 497 694 516 nou
716 486 833 516 leviter
851 496 904 516 eos
925 485 964 516 ad
981 486 1161 525 parendum

195 532 362 564 stimulare
386 536 417 560 et
441 529 616 560 accendere
641 529 767 559 debuit:
802 529 876 568 quia
900 533 994 568 turpe
1018 533 1049 559 et
1072 529 1162 569 flagi-

195 575 316 606 tiosum
340 574 470 610 fuisset,
502 583 565 602 non
597 582 770 612 agnoscere
795 581 828 601 se
851 571 971 611 insigni
995 571 1163 612 privilegio

196 623 305 658 patres
339 616 545 652 antecellere,
580 621 618 645 ut
648 625 701 645 eos
733 615 767 644 in
796 613 867 644 Deo
901 613 1033 645 colendo
1067 614 1164 645 studii

194 659 311 692 ardore
338 663 593 699 praecurrerent.
640 657 763 688 Eodem
794 662 989 697 argumento
1013 656 1163 688 Christus

194 702 279 743 apud
303 701 477 741 discipulos
501 701 620 731 utitur:
646 701 739 731 Beati
760 700 845 731 oculi
867 701 921 739 qui
947 699 1059 730 vident
1082 710 1164 739 quae

195 756 252 777 vos
283 744 417 779 videtis,
451 749 483 774 et
513 754 607 774 aures
636 753 717 782 quae
747 743 885 773 audiunt
919 752 999 782 quae
1034 742 1162 774 auditis.

195 788 293 819 Multi
313 798 405 828 reges
425 792 455 817 et
475 786 653 826 prophetae
676 785 736 816 hoc
760 790 924 826 optarunt,
947 791 1004 816 etc.
1030 784 1162 826 (Matth.

195 831 245 865 13.
272 831 311 861 16
335 838 366 860 et
390 830 470 860 Luc.
497 830 545 866 10,
570 829 633 870 23).
684 828 820 860 Summa
839 834 897 865 est,
921 839 983 868 quo
1002 828 1164 859 liberalius

195 875 264 914 agit
287 874 450 904 nobiscum
472 872 572 908 Deus,
597 883 633 902 eo
657 872 791 912 gravius
814 876 846 902 ct
869 871 977 901 minis
1001 871 1165 902 tolerabile

195 927 265 948 esse
288 914 534 956 ingratitudinis
558 915 689 951 crimen,
715 915 777 945 nisi
802 914 929 945 vocanti
953 914 1039 944 ultro
1058 913 1164 953 prodi—

193 970 268 990 mus
291 959 429 995 obviam⁷
454 958 585 998 eiusque
610 958 775 988 doetrinae
799 968 855 988 nos
879 957 1078 988 subiicimus.

279 1002 307 1032 4.
341 1000 428 1034 Facie
446 1001 488 1032 ad
508 1002 627 1040 faciem.
641 1007 645 1012 '
661 1000 788 1031 Iterum
807 1011 825 1031 a
844 999 1036 1031 certitudine
1061 999 1163 1040 legem

193 1044 416 1077 commendat:
439 1045 514 1083 quia
537 1044 591 1074 ubi
615 1054 649 1074 se
674 1043 764 1074 Deus
788 1043 894 1083 palam
919 1042 1069 1078 ostendit,
1095 1052 1163 1073 am-

194 1088 259 1129 bigi
284 1098 349 1118 non
374 1093 482 1127 potest
501 1098 518 1117 a
541 1097 603 1126 quo
627 1092 739 1117 autore
758 1086 801 1116 sit
820 1086 972 1126 profecta.
1010 1085 1104 1116 Facie
1123 1085 1162 1115 ad

192 1131 308 1163 faeiem
332 1131 429 1170 loqui,
454 1130 646 1160 tantundem
672 1129 759 1160 valet
782 1140 818 1160 ac
841 1139 947 1160 coram
973 1134 1004 1159 et
1027 1128 1163 1158 familia-

191 1174 272 1205 riter
305 1184 486 1205 sermonem
522 1173 677 1204 conferre.
731 1173 774 1202 Et
805 1178 891 1203 certe
922 1171 967 1202 ita
997 1181 1070 1202 cum
1100 1171 1163 1201 illis

191 1217 344 1257 loquutus
368 1223 417 1247 est
441 1215 541 1251 Deus,
566 1226 602 1246 ac
627 1216 652 1246 si
676 1215 831 1246 mortales
854 1215 940 1245 inter
962 1224 1006 1251 se,
1030 1218 1063 1244 et
1086 1214 1163 1245 socii

191 1260 278 1291 ultro
301 1260 445 1298 citroque
465 1258 704 1290 contraherent.
730 1258 832 1289 Porro
856 1268 897 1288 ne
920 1267 983 1297 qua
1007 1256 1163 1287 dubitatio

191 1308 347 1339 restaret,
382 1302 472 1333 Deus
507 1301 634 1332 illustre
669 1301 790 1341 gloriae
824 1311 900 1331 suae
934 1299 1163 1331 documentum

192 1351 267 1376 ante
290 1345 398 1377 oeulos
429 1346 462 1375 in
491 1345 568 1385 igne
598 1345 722 1375 statuit.
768 1344 881 1383 Neque
911 1344 996 1373 enim
1028 1343 1163 1373 alterius

192 1399 288 1429 quam
312 1389 416 1428 ipsius
438 1387 501 1418 Dei
527 1398 588 1418 vox
610 1388 716 1427 potuit
740 1398 777 1417 ex
805 1388 881 1427 igne
905 1386 1043 1426 prodire.
1086 1386 1164 1416 Pro-

190 1432 280 1463 ximo
311 1442 407 1462 versu
439 1431 569 1461 additur
600 1430 831 1461 moderationis
861 1430 999 1469 species,
1030 1428 1104 1459 dum
1129 1439 1164 1459 se

192 1475 404 1514 interpretem
430 1474 528 1504 fuisse
553 1473 639 1510 dicit,
664 1473 717 1512 qui
742 1477 873 1512 accepta.
892 1483 909 1502 a
925 1472 992 1502 Deo
1012 1470 1163 1502 mandata

192 1517 257 1548 illis
281 1523 467 1556 exponeret.
514 1518 621 1556 Atque
645 1517 688 1547 ita
719 1516 868 1547 conciliat
898 1526 980 1554 quae
1011 1514 1164 1545 videntur

191 1561 297 1600 primo
322 1561 440 1591 intuitu
465 1570 627 1600 pugnare,
656 1558 739 1598 quod
764 1558 855 1589 Deus
879 1568 984 1588 coram
1010 1557 1164 1597 loquutus

192 1604 251 1639 sit,
284 1608 315 1634 et
346 1610 452 1634 tamen
481 1614 538 1642 per
569 1602 827 1633 internuncium:
858 1602 934 1641 quia
962 1601 1024 1640 ipsi
1054 1599 1164 1631 audita

191 1646 255 1677 Dei
279 1657 357 1677 voce
381 1657 456 1686 prae
476 1652 563 1676 metu
588 1645 752 1685 deprecati
776 1649 852 1676 sunt
876 1655 915 1674 ne
938 1644 1049 1674 eodem
1070 1642 1164 1673 modo

192 1689 280 1730 loqui
306 1695 463 1729 pergeret.
510 1688 605 1720 Unde
629 1688 791 1728 sequitur,
816 1687 965 1719 coelestis
988 1685 1110 1726 gloriae
1133 1690 1165 1716 et

191 1733 371 1763 maiestatis
393 1743 489 1763 sensu
514 1732 611 1762 fuisse
635 1732 814 1767 convictos,
849 1737 885 1761 ut
909 1730 947 1760 de
970 1729 1050 1769 legis
1074 1732 1164 1759 auto-

191 1776 289 1806 ritate
313 1775 460 1806 dubitare
482 1775 530 1805 fas
555 1786 618 1804 non
641 1780 733 1805 esset.
782 1773 847 1805 Sed
871 1773 930 1804 hoe
959 1773 1033 1812 quia
1061 1771 1165 1802 fusius

194 1823 364 1849 narratum
391 1818 464 1855 fuit,
489 1818 605 1848 leviter
628 1822 755 1847 tantum
780 1826 868 1847 nunc
887 1815 1080 1856 perstringo.

282 1861 378 1892 Dent.
409 1862 438 1898 4,
474 1861 523 1891 20.
571 1860 627 1891 Vns
661 1862 770 1890 autem.
825 1860 875 1889 Ex
911 1869 972 1898 quo
1007 1857 1165 1896 redempti

194 1910 271 1935 sunt
295 1905 364 1935 Deo
389 1915 520 1944 prorsus
544 1914 612 1934 esse
636 1903 806 1933 obstrictos
830 1903 1056 1936 ratiocinatur,
1092 1900 1166 1939 quia

195 1958 249 1978 eos
279 1947 340 1978 sibi
375 1948 409 1977 in
443 1947 606 1986 peculium
637 1946 831 1985 acquisierit.
883 1945 979 1976 Unde
1009 1943 1166 1983 sequitur,

195 1990 255 2021 sub
285 1991 354 2020 iure
386 1991 454 2020 eius
483 2000 554 2020 esse
585 1996 617 2019 et
651 1989 801 2029 imperio:
837 1988 912 2027 quia
947 1987 1102 2018 scelestae
1136 1992 1167 2016 et

197 2033 305 2063 foedae
330 2032 576 2073 ingratitudinis
600 2038 699 2067 esset,
730 2032 843 2071 iugum
874 2031 923 2062 sui
955 2029 1167 2069 redemptoris

197 2082 358 2107 excutere.
395 2076 468 2114 Quo
492 2082 600 2105 autem
625 2076 766 2105 sanctior
790 2076 830 2105 sit
854 2073 1017 2111 obligatio,
1041 2072 1167 2112 magni-

197 2119 340 2149 tudinem
372 2120 496 2159 gratias·
528 2118 670 2153 extollit,
702 2118 776 2157 quia
807 2117 887 2147 nihil
916 2117 996 2157 ipsis
1019 2115 1169 2146 miserius

197 2173 295 2201 quum
332 2163 422 2192 Deus
465 2162 608 2201 porrexit
643 2171 775 2191 manum
818 2160 857 2191 ad
890 2171 942 2191 eos
976 2158 1167 2189 liberandos.

198 2205 312 2244 Itaque
336 2206 477 2235 servitus
501 2205 556 2234 illa
580 2203 800 2243 metaphorice
832 2209 969 2234 vocatur
998 2203 1114 2232 fornax
1138 2206 1169 2231 et

199 2249 327 2287 quidem
359 2250 470 2278 ferrea.
526 2247 653 2278 Deinde
690 2246 857 2277 confertur
892 2246 988 2286 longe
1024 2244 1169 2274 diversus

200 2298 317 2324 status.
354 2292 429 2330 qnia
460 2290 538 2320 haec
561 2290 662 2320 solida
687 2295 717 2320 et
742 2290 883 2319 maxime
907 2287 1088 2328 expetenda
1111 2287 1171 2317 fuit

200 2334 345 2369 felicitas,
370 2334 511 2364 transire
536 2334 567 2363 iu
594 2334 653 2363 Dei
680 2333 851 2371 peculium.

252 2478 402 2509 LEVIT.
428 2478 524 2508 XIX.
550 2478 595 2508 IN
623 2477 730 2508 FINE
754 2476 936 2509 VERSUS
961 2474 1126 2507 XXXVI.

287 2546 354 2585 Eyo
380 2546 492 2576 [chora.
517 2546 605 2576 Drus-
635 2548 744 2582 vester,
775 2546 829 2584 qui
857 2546 951 2576 edua‘i
979 2554 1032 2576 vos
1050 2555 1064 2575 e
1086 2546 1169 2574 terra.

203 2589 346 2628 Aegypti.
393 2589 441 2619 37.
476 2589 628 2619 t'ustmlite
660 2589 754 2627 iyitnr
772 2589 875 2619 omnia
898 2590 1014 2619 statuta
1037 2597 1119 2623 mea,
1143 2588 1169 2616 et

203 2633 304 2662 omnm
329 2632 446 2662 iudicia
470 2642 545 2667 mea,
570 2635 595 2661 cl
615 2632 708 2670 simite
727 2631 796 2661 illa:
820 2642 871 2670 eye
892 2631 1012 2661 letor-a.

923 179 1189 212 PRAEFATIO
1212 178 1262 210 IN
1286 178 1459 210 LEGEM.

2121 177 2184 209 212

1426 272 1577 303 LEVIT.
1602 272 1681 303 XX.
1706 272 1860 304 VERSU
1883 272 1979 304 VIII.

1303 358 1458 389 Custodite
1488 359 1604 389 statuta
1633 368 1716 395 mea,
1742 361 1768 388 et
1789 358 1882 397 facite
1905 368 1957 389 ea.-
1981 358 2048 399 Eyo
2071 359 2185 391 Iehova

1215 402 1415 440 sanctificaris
1437 410 1496 431 vos.

1553 545 1702 577 LEVIT.
1730 545 1845 577 XXII.

1304 614 1353 645 31.
1389 613 1549 645 observate
1575 616 1740 653 praecepta
1763 623 1847 650 mea,
1882 617 1908 645 et
1933 614 2026 654 facite
2055 625 2107 646 ea:
2135 625 2187 655 eqo

1220 657 1341 689 Ielzova.
1388 657 1438 687 32.
1468 655 1511 687 Et
1537 666 1573 686 ne
1594 656 1747 695 polluatis
1775 667 1883 688 nomen
1912 660 2051 689 sanctum
2077 667 2186 697 meum,

1218 701 1271 732 scd
1300 700 1469 738 sanctificer
1498 699 1530 730 in
1558 699 1658 730 medio
1683 699 1793 730 Israel.
1840 699 1909 739 Eyo
1933 699 2047 731 Zeliova
2073 701 2187 732 sancti-

1217 744 1318 783 ficans
1346 753 1406 773 vos.
1452 741 1502 773 33.
1542 742 1601 780 Qui
1632 742 1727 773 eduxi
1755 752 1808 773 vos
1830 752 1845 772 e
1867 745 1952 774 terra
1974 743 2124 784 Aeyypti,
2152 745 2187 775 ut

1219 797 1313 818 essem
1336 786 1418 817 vobis
1441 785 1474 815 in
1497 784 1618 816 Deum.-
1640 796 1691 825 eqo
1714 785 1837 817 Iehova.

1592 955 1726 988 DEUT.
1750 955 1810 987 IV.

1305 1042 1332 1073 1.
1365 1041 1407 1073 Et
1435 1052 1517 1073 mmo
1541 1042 1644 1073 Israel
1667 1042 1744 1073 audi
1763 1044 1880 1074 statuta
1903 1044 1929 1074 et
1951 1042 2083 1081 iudicia,
2110 1053 2188 1083 quae

1218 1096 1269 1125 egyo
1292 1086 1378 1117 doceo
1402 1095 1468 1121 vos,
1492 1087 1524 1115 ut
1545 1085 1690 1124 faciatis.-
1710 1088 1745 1116 ut
1766 1086 1895 1123 vivatis,
1918 1088 2008 1125 atque
2030 1087 2188 1126 inyredia-

1218 1129 1305 1166 mini,
1329 1131 1354 1159 et
1372 1128 1561 1167 possideatis
1578 1131 1694 1159 terram
1712 1138 1807 1167 quam
1826 1128 1939 1159 Iehova
1955 1128 2044 1160 Deus
2056 1132 2188 1168 patrum

1217 1174 1386 1202 vestrorum
1408 1171 1459 1201 dat
1481 1171 1573 1202 vobis.
1610 1172 1637 1201 2.
1663 1171 1734 1202 Nori
1758 1171 1878 1202 addetis
1900 1172 1942 1203 ad
1963 1172 2087 1203 verbum
2109 1173 2188 1212 quod

1219 1224 1270 1254 eqo
1282 1214 1442 1253 praecipio
1455 1214 1546 1249 vobi&
1566 1224 1661 1252 neque
1679 1214 1826 1245 minuetis
1844 1224 1880 1245 ex
1898 1224 1939 1253 eo,
1957 1217 1991 1245 ut
2008 1215 2189 1246 custodiatis

1212 1259 1381 1296 praecepta
1394 1256 1523 1288 Ieleorae
1536 1256 1598 1287 Dei
1616 1257 1719 1294 vestri,
1743 1267 1821 1296 quae
1844 1267 1895 1297 eqo
1912 1258 2075 1296 praecipio
2093 1258 2186 1289 vobis.

1605 1427 1737 1459 DEUT.
1762 1427 1802 1458 V.

1305 1513 1345 1543 32
1361 1515 1391 1553 ¹).
1430 1512 1582 1543 Cremaste
1616 1524 1685 1553 erqo
1713 1516 1747 1543 ut
1778 1513 1906 1552 faciatis
1934 1514 2189 1553 quemadmodum

1214 1558 1371 1596 praecepit
1395 1555 1507 1586 Iehova
1531 1555 1619 1587 Deus
1649 1558 1744 1587 vester
1774 1556 1874 1587 vobis.-
1903 1567 1939 1587 rie
1966 1556 2123 1588 declinetis
2147 1557 2188 1588 ad

1218 1600 1377 1635 dextrarii,
1407 1601 1461 1628 aut
1488 1599 1529 1629 ad
1557 1599 1730 1630 sinistram.
1782 1599 1832 1630 33.
1866 1598 1928 1630 Per
1957 1609 2074 1630 omnem
2103 1599 2189 1631 viam

1218 1652 1312 1682 quam
1330 1641 1488 1681 praecepit
1508 1641 1619 1672 Ielzom
1640 1641 1727 1673 Deus
1745 1645 1843 1673 vester
1864 1641 1955 1680 vobis,
1980 1642 2187 1680 ambulabitis,

1217 1688 1251 1716 ut
1272 1684 1394 1721 vivatis,
1419 1687 1444 1714 et
1467 1684 1536 1715 bene
1560 1685 1600 1715 sit
1618 1684 1713 1722 vobis,
1738 1688 1764 1716 et
1776 1686 1953 1725 prm-oyetis
1972 1686 2037 1716 dies
2053 1685 2087 1716 in
2106 1687 2189 1716 terra

1217 1738 1310 1767 quam
1329 1726 1539 1766 possidebitis.

1378 1897 1509 1928 DEUT.
1535 1897 1633 1929 XIII.
1658 1897 1813 1929 VERSU
1839 1897 2027 1930 ULTIMO.

1308 1983 1388 2023 Quia
1411 1983 1519 2013 ccudies
1542 1993 1641 2013 vocem
1665 1983 1794 2014 Ieltevae
1813 1983 1876 2013 Dei
1899 1984 1953 2021 lui,
1976 1986 2011 2014 ut
2033 1984 2190 2015 custodias

1219 2027 1323 2059 omnia
1347 2028 1511 2064 praecepta
1542 2026 1622 2063 eins,
1652 2037 1729 2065 quae
1755 2037 1806 2066 esso
1826 2026 1987 2065 praecipio
2015 2026 2071 2057 tibi
2091 2026 2187 2064 hodie,

1220 2074 1254 2102 ut
1275 2070 1377 2110 facias
1396 2068 1475 2107 quod
1498 2071 1611 2099 rectum
1633 2071 1677 2099 est
1699 2070 1732 2099 in
1755 2070 1852 2100 oeulis
1876 2069 2006 2100 Ietaovae
2029 2069 2083 2099 tui.

1307 2154 1412 2185 Levit.
1447 2153 1494 2190 19,
1529 2154 1578 2184 36.
1628 2152 1696 2193 Eyo
1731 2154 1852 2185 Ielzovci.
1909 2153 1999 2184 Idem
2035 2154 2103 2194 agit
2136 2155 2188 2186 his

1222 2203 1359 2239 quatuor
1390 2196 1500 2236 primis
1532 2196 1607 2227 locis
1639 2196 1722 2235 quod
1753 2197 1784 2226 in
1816 2196 2013 2236 praefatione
2037 2197 2187 2229 vidimus.

1222 2242 1306 2274 Nam
1341 2239 1459 2280 partim
1495 2239 1533 2269 ab
1565 2239 1737 2269 autoritate
1767 2238 1829 2269 Dei
1862 2239 2090 2277 ratiocinatur,
2126 2239 2189 2280 legi

1222 2283 1408 2315 obedienter
1438 2281 1615 2321 parendum
1651 2292 1735 2318 esse,
1771 2282 1847 2321 quia
1877 2282 1993 2313 merito
2023 2293 2188 2314 summum

1222 2326 1393 2367 imperium
1427 2325 1487 2355 sibi
1523 2324 1669 2355 vendicet
1703 2324 1781 2356 coeli
1816 2331 1846 2355 et
1887 2329 1993 2355 terrae
2034 2325 2188 2364 conditor,

1195 2369 1197 2391 ἶ
1222 2370 1340 2411 partim
1371 2378 1446 2398 vero
1477 2367 1668 2398 beneficium
1698 2367 1929 2407 redemptionis
1958 2369 2123 2408 proponit,
2152 2373 2189 2399 ut

1222 2414 1360 2444 libenter
1379 2421 1412 2441 se
1431 2410 1603 2441 subiiciant
1622 2410 1691 2440 eius
1711 2410 1783 2449 legi,
1805 2421 1823 2441 a
1842 2421 1904 2450 quo
1923 2411 2060 2441 salutem
2080 2410 2188 2451 adepti

1222 2461 1309 2487 sunt.
1345 2453 1479 2492 Quoties
1501 2453 1588 2483 enim
1611 2464 1645 2483 se
1658 2453 1814 2484 Iehovam
1840 2454 1996 2491 nominat,
2019 2464 2188 2485 occurrere

1222 2499 1317 2529 debet
1339 2497 1408 2527 eius
1431 2495 1596 2533 maiestas,
1620 2506 1700 2535 quae
1723 2506 1834 2526 omnes
1857 2497 1889 2526 in
1914 2496 2061 2527 ordinem
2085 2502 2186 2537 cogat.

1220 2539 1414 2579 Redemptio
1449 2544 1556 2569 autem
1593 2540 1661 2579 ipsa
1698 2539 1916 2570 voluntariam
1957 2539 2188 2571 subiectionem

1306 2634 1332 2667 1)
1352 2633 1433 2658 chr.
1454 2642 1477 2658 v.
1497 2632 1537 2657 29.
1556 2632 1596 2657 330.
