2304 3034
127 209 190 240 293

129 312 223 341 neque
240 303 414 333 comedatur
429 302 651 341 fermentatum.
681 300 710 330 4.
732 297 832 330 Hodie
844 310 895 330 vos
906 300 1090 339 eyrcdz'mini

130 354 231 375 mense
266 345 353 376 Abib.
408 344 436 375 5.
474 344 573 382 Quum
606 345 632 373 te
672 343 877 373 introduxerit
912 342 1025 373 Ieleova
1057 343 1089 373 in

128 389 242 418 terram
267 387 454 424 chananaei,
478 385 609 422 Hittaei,
634 384 836 419 Amorrhaei,
860 387 888 415 et
912 385 1041 422 Hivaci,
1064 387 1090 415 et

130 429 281 466 lebusaet
305 431 341 461 de
358 440 418 468 qua
439 429 554 459 iuravit
568 427 712 467 patribus
730 427 795 457 tuis
812 438 842 458 se
861 427 1006 457 daturum
1026 427 1088 463 tibi,

129 474 244 503 terram
263 473 403 511 fluentem
426 471 499 502 lacte
520 473 546 501 et
566 469 659 505 melle,
682 472 745 499 tum
768 469 844 500 coles
862 470 977 500 cultum
996 471 1089 500 istum

131 515 162 545 in
181 525 282 546 mense
299 516 364 546 ¹isto.
401 513 428 544 6.
454 513 571 551 Septem
588 512 693 542 diebus
710 512 844 542 comedes
863 512 1089 551 infermentata,

130 557 181 588 die
203 560 303 588 autem
325 557 449 595 septimo
470 554 635 586 solennitas
663 555 720 584 erit
743 554 878 585 Ielzovae.
926 555 952 585 7.
986 554 1088 593 Infer-

130 602 261 630 mentam
293 599 480 630 comedentur
511 599 622 636 septem
649 596 772 628 diebus:
804 606 856 627 nec
889 597 1091 636 conspicietur

131 642 216 680 apud
244 645 270 673 te
294 642 521 681 fermentatum,
551 649 645 678 neque
674 639 834 678 apparebit
864 640 948 678 apud
977 642 1002 669 te
1030 640 1090 678 fer-

130 687 262 715 mentum
284 684 317 714 in
339 685 481 714 universo
504 682 630 712 termino
652 684 710 712 tuo.
757 681 785 713 8.
815 682 1090 721 Amzzmciabz'sque

128 726 196 765 filio
224 729 274 756 tuo
305 735 336 756 eo
364 725 427 762 dte,
454 724 595 755 dicendo.-
624 723 754 762 Propter
786 723 839 755 lzoc
872 725 950 763 qnod
982 725 1053 763 fecit
1069 724 1089 765 ¹)

131 769 244 800 Ielzova
266 767 342 798 mihi
370 777 464 806 quum
493 767 609 797 exirem
632 767 778 806 Aeyypto.
824 766 851 797 9.
881 766 923 797 Et
950 768 1006 797 erit
1034 766 1089 797 tibi

130 812 164 842 in
186 812 307 851 signum
329 819 421 848 super
442 819 569 840 manum
590 811 685 843 tuam,
709 811 735 839 et
757 809 790 839 in
812 809 988 841 memoriale
1010 810 1090 840 inter

130 854 230 884 oculos
257 855 336 889 tuos,
366 854 399 882 ut
427 852 469 882 sit
496 852 543 882 tex
573 851 701 883 Iehovae
731 851 764 882 in
795 861 844 882 ore
865 855 934 887 tuo,
961 852 1036 891 quia
1057 853 1089 883 tn

129 906 224 926 manu
243 895 318 934 forti
339 895 444 925 educit
466 896 492 925 te
514 894 628 925 Iehova
649 904 686 924 ex
708 894 852 934 Aeyypto.
902 894 949 925 10.
982 894 1089 926 Obser-

129 938 272 977 vabisque
291 939 437 968 statutum
458 936 511 967 hoc
533 937 567 967 in
589 939 720 976 tempore
742 946 797 968 suo
819 937 991 976 quotannis.

212 1022 240 1053 3.
280 1021 364 1052 Tunc
396 1021 477 1052 dizit
513 1020 617 1052 Moses
649 1021 690 1052 ad
722 1022 891 1061 populum.-
929 1021 1088 1053 Memento.

128 1064 258 1104 Repetit
279 1063 362 1103 quod
385 1063 423 1094 de
447 1065 569 1104 azymis
593 1064 716 1103 prolixe
740 1065 865 1095 dixerat
888 1065 991 1104 capite
1015 1075 1088 1104 pro-

128 1107 224 1144 1111110,
248 1117 311 1136 non
336 1114 400 1136 tam
421 1105 554 1137 docendi
575 1117 671 1146 quam
691 1107 841 1138 hortandi
862 1118 968 1138 causa.
1004 1107 1088 1138 Nam

127 1159 195 1179 rem
229 1150 330 1188 ipsam
364 1149 442 1179 satis
476 1148 614 1180 dilucide
643 1149 839 1186 tradiderat,
871 1156 905 1180 ut
934 1161 997 1180 non
1026 1151 1089 1181 alia

128 1191 338 1231 explicatione
368 1202 448 1231 opus
477 1198 578 1229 esset,
609 1191 664 1223 sed
687 1192 835 1223 stimulos
865 1192 982 1223 addere
1011 1193 1089 1224 utile

127 1233 206 1271 fuit,
240 1244 301 1273 quo
332 1234 451 1264 maiore
480 1234 586 1265 studio
616 1234 655 1265 ad
687 1235 918 1274 praestandum
947 1236 1089 1266 officium

127 1276 365 1313 incumberent,
400 1276 540 1308 maxime
570 1287 646 1308 vero
682 1288 722 1308 ne
756 1277 901 1317 longiore
935 1279 1090 1317 temporis

127 1323 230 1350 tractu
254 1318 303 1360 (ut
325 1319 392 1350 fieri
416 1319 511 1360 solet)
535 1320 688 1359 paulatim
720 1320 907 1360 frigesceret
935 1321 1088 1352 studium.
1116 1317 1117 1327 ¹

127 1361 287 1392 Hortatur
316 1372 392 1401 ergo
424 1367 459 1392 ut
488 1361 573 1402 quod
602 1369 677 1393 ante
707 1363 887 1401 mandavit,
917 1363 1090 1403 diligenter

127 1404 297 1435 observent
319 1410 487 1444 postquam
512 1406 662 1435 venerint
686 1405 719 1435 in
743 1412 873 1436 terram.
920 1407 1026 1446 Atque
1050 1417 1089 1437 ex

127 1446 187 1478 hac
220 1448 419 1478 connexione
453 1453 554 1486 patet,
585 1448 618 1478 in
649 1448 789 1479 eundem
823 1449 920 1479 finem
955 1449 1089 1480 tendere

127 1496 298 1530 utrumque
316 1496 530 1529 praeceptum,
555 1489 593 1520 de
612 1489 785 1521 offerendis
806 1491 1038 1531 primogenitis,
1059 1497 1090 1522 et

127 1531 232 1562 Pesah
264 1531 470 1569 celebrando,
509 1537 545 1564 ut
579 1533 726 1564 liberatio
761 1534 918 1573 populum
951 1536 1089 1566 electum

126 1576 287 1605 contineat
310 1575 343 1605 in
367 1575 495 1614 speciali
521 1576 588 1606 veri
613 1575 674 1606 Dei
702 1576 798 1607 cultu.

209 1618 238 1648 4.
265 1616 363 1648 Hodie
385 1628 434 1648 vos
453 1618 644 1658 eyredimz'nz‘.
679 1619 854 1658 Comparat
878 1619 961 1649 diem
981 1620 1089 1650 exitus

126 1670 198 1691 cum
230 1666 295 1691 toto
325 1666 467 1700 tempore
497 1661 705 1691 habitationis
736 1662 769 1691 in
799 1666 885 1692 terra
914 1661 1087 1693 Chanaan:

127 1712 163 1733 ac
186 1703 212 1733 si
236 1702 372 1739 diceret,
399 1714 462 1733 non
488 1703 602 1733 redimi
626 1709 660 1734 ut
684 1704 791 1735 subita
814 1709 941 1735 tantum
966 1705 1089 1736 laetitia

126 1745 282 1783 fruantur,
306 1746 360 1776 sed
385 1751 419 1776 ut
442 1746 591 1777 omnibus
614 1747 750 1778 saeculis
774 1747 918 1778 beneficii
939 1747 1006 1778 sint
1025 1759 1089 1778 me-

127 1798 239 1818 mores.
294 1788 552 1828 Amplitudinem
588 1799 664 1819 vero
700 1796 804 1820 terrae
838 1796 870 1820 et
908 1790 1087 1821 ubertatem

127 1840 237 1861 rursus
259 1831 463 1862 commendat
484 1831 524 1861 ob
547 1831 626 1862 duas
654 1833 795 1863 maxime
826 1843 947 1863 causas.
994 1833 1088 1863 Prior

128 1878 184 1909 est,
204 1883 242 1903 ne
261 1880 332 1913 post
344 1874 487 1913 insignes
500 1874 651 1905 victorias
664 1874 815 1914 superbia
829 1881 963 1914 occupet
975 1886 1086 1906 eorum

129 1915 267 1951 animos,
298 1921 330 1946 et
359 1916 392 1946 in
419 1917 585 1947 affluentia
615 1918 768 1948 bonorum
793 1917 953 1958 pinguedo
977 1929 1085 1948 eorum

128 1958 234 1988 oculos
253 1958 393 1989 hebetet:
415 1959 529 1990 deinde
549 1964 584 1989 ut
602 1960 670 1999 ipsa
690 1960 845 1991 bonorum
864 1961 1087 1999 magnitudine

127 2001 230 2039 magis
264 2001 303 2031 ad
337 2002 544 2041 gratitudinis
578 2002 681 2032 officia
711 2008 742 2033 et
772 2003 831 2033 Dei
866 2003 987 2034 cultum
1018 2005 1085 2034 ani-

129 2050 265 2074 mentur.
315 2044 470 2074 Poterant
504 2045 590 2075 enim
625 2050 672 2075 tot
700 2046 847 2085 gentium
883 2047 1021 2077 victores
1055 2051 1086 2077 et

130 2089 195 2115 tam
218 2086 341 2124 opimae
371 2087 517 2126 lataeque
542 2092 646 2118 terrae
675 2088 794 2118 domini
820 2089 1026 2125 insolescere,
1051 2094 1086 2120 ut

130 2127 168 2157 ad
183 2128 285 2158 Deum
304 2129 471 2160 colendum
492 2130 597 2161 minus
616 2136 722 2161 essent
742 2132 869 2162 attenti:
896 2131 958 2162 nisi
978 2131 1086 2162 admo-

131 2169 188 2199 niti
211 2171 356 2207 fuissent,
381 2172 495 2203 debere
518 2183 552 2203 se
575 2173 633 2203 hoc
657 2178 782 2203 tantum
808 2174 863 2204 uni
888 2175 973 2212 Deo,
1003 2175 1085 2214 quod

132 2211 239 2242 multis
262 2214 384 2253 populis
409 2215 517 2252 victis,
549 2215 678 2246 illorum
703 2216 825 2247 ditione
849 2217 941 2256 potiti
965 2223 1083 2249 essent.

131 2252 297 2285 Caeterum
332 2257 470 2287 ostendit
500 2257 619 2293 Moses,
655 2269 719 2297 quo
754 2260 853 2289 maior
880 2260 977 2290 fuerit
1008 2271 1085 2300 erga

130 2294 214 2333 ipsos
229 2297 285 2326 Dei
308 2297 490 2337 liberalitas,
514 2310 551 2330 eo
576 2301 683 2331 miuus
702 2301 769 2332 fore
791 2302 999 2339 excusabiles,
1024 2303 1084 2333 nisi

131 2338 205 2384 totis
227 2339 346 2370 viribus
365 2341 514 2372 studeant
532 2348 640 2383 gratos
659 2354 692 2374 se
712 2351 883 2383 praestare.
920 2345 990 2375 Hoc
1009 2356 1082 2376 con-

132 2380 202 2409 silio
223 2383 352 2427 'repetit
384 2385 525 2423 gentium
567 2387 709 2423 nomina,
751 2387 866 2426 quibus
906 2389 1085 2428 profligatis

132 2421 229 2452 futuri
253 2430 343 2454 erant
366 2430 468 2456 terrae
498 2427 667 2465 haeredes,
699 2428 813 2460 deiude
844 2430 933 2460 addit
964 2436 1083 2461 terram

131 2464 283 2494 fluentem
307 2466 385 2497 lacte
407 2474 439 2498 et
462 2470 562 2507 melle,
586 2479 623 2501 ut
645 2471 736 2511 larga
755 2483 861 2503 rerum
881 2474 980 2513 copia,
1005 2484 1086 2513 quae

132 2507 313 2555 versabitur
336 2515 408 2540 ante
431 2511 554 2549 oculos,
577 2514 615 2543 ad
635 2515 787 2554 pietatem
808 2517 909 2555 magis
928 2527 964 2547 ac
984 2518 1085 2557 inagis

132 2559 185 2579 eos
214 2556 331 2581 incitet.
377 2552 440 2590 Qui
470 2564 611 2586 mensem
635 2556 720 2587 Abib
750 2559 942 2589 tantundem
979 2560 1085 2590 valere

218 2641 245 2672 1)
266 2641 299 2668 ln
317 2645 450 2677 marqine:
467 2647 517 2679 vel,
536 2648 682 2682 Propterea
701 2651 771 2683 quod
792 2651 841 2677 hoc
860 2653 930 2677 fecit.

852 207 1037 239 PRIMUM
1060 207 1381 243 PRAEOEPTUM.

2044 213 2107 244 294

1142 306 1260 340 putant
1282 306 1377 342 atque
1401 303 1460 339 Ab,
1484 303 1538 342 qui
1562 303 1647 334 Iulio
1670 307 1779 335 nostro
1803 304 1985 345 respondet,
2010 304 2105 344 longe

1143 344 1307 375 falluntur.
1353 344 1491 376 Constat
1513 345 1599 376 enim
1623 357 1733 377 mense
1756 346 1856 377 Nisan
1887 347 1973 378 circa
1995 347 2105 387 aequi-

1142 387 1283 417 noctium
1330 398 1467 418 vernum
1514 398 1659 428 egressos
1711 389 1811 420 fuisse
1856 389 2019 420 Israelitas
2064 400 2104 420 ex

1145 430 1307 469 Aegypto:
1342 431 1433 461 cuius
1467 431 1513 460 rei
1544 431 1677 461 minime
1711 431 1843 462 dubium
1877 439 1926 463 est
1959 432 2105 463 testimo-

1142 471 1231 502 nium
1263 472 1423 511 paschatis
1453 472 1650 511 observatio,
1679 484 1737 514 per
1766 485 1880 505 manus
1910 485 1927 505 a
1958 474 2104 515 patribus

1142 514 1270 545 tradita.
1315 515 1383 545 Iam
1419 526 1518 555 quum
1544 516 1684 546 Hebraei
1714 517 1824 547 omnia
1854 518 2014 547 mensium
2046 527 2104 547 οο-

1142 557 1245 594 mina,
1276 567 1355 595 quac
1386 557 1449 588 illis
1480 563 1551 597 post
1579 558 1642 589 duo
1666 559 1765 589 millia
1796 570 1954 590 annorum
1978 560 2013 590 in
2040 570 2104 590 usu

1143 599 1285 635 fuerunt,
1311 611 1329 630 a
1353 599 1525 630 Chaldaeis
1548 602 1687 631 mutuati
1711 602 1791 639 sint,
1822 601 1995 633 absurdum
2020 606 2105 633 esset

1142 641 1226 672 Abib
1258 642 1317 673 hoc
1348 642 1414 673 loco
1446 648 1599 682 tanquam
1631 644 1798 683 proprium
1827 645 1983 684 accipere,
2013 655 2105 684 prae-

1142 684 1254 714 sertim
1285 695 1381 723 quum
1412 685 1446 715 in
1477 686 1636 724 scriptura
1668 686 1791 717 nullum
1823 687 2003 726 reperiatur
2033 698 2106 727 pro-

1143 727 1247 765 prium
1272 738 1398 758 nomen.
1445 726 1583 766 Quando
1607 733 1714 759 autem
1746 729 1938 769 appellative
1964 730 2023 761 hoc
2048 740 2105 760 no-

1143 779 1215 799 men
1241 770 1379 808 positum
1404 780 1472 800 esse
1495 771 1577 800 ratio
1601 770 1812 809 demonstrat,
1848 771 2021 803 videndum
2046 783 2105 803 cur

1142 812 1305 842 tribuatur
1319 812 1437 842 Martio
1456 813 1506 842 vel
1528 813 1620 843 initio
1636 814 1766 853 Aprilis.
1789 813 1855 853 Qui
1870 814 1952 845 Abib
1974 820 2106 846 vertunt

1143 854 1252 894 fruges
1276 859 1547 892 maturescentes,
1579 856 1658 886 nihil
1684 856 1805 887 habent
1828 857 1980 893 rationis,
2004 868 2104 897 quum

1142 896 1332 935 simpliciter
1351 908 1466 927 nomen
1488 897 1546 928 hoc
1569 898 1738 937 significet,
1763 899 1917 939 quidquid
1940 899 2103 931 adolescit.

1142 939 1237 970 Unde
1270 945 1302 970 et
1336 939 1375 970 ad
1416 940 1538 971 culmos
1578 942 1696 980 segetis
1737 942 1939 973 transfertur.
1994 942 2104 981 Quum

1142 982 1243 1022 igitur
1266 982 1299 1012 in
1330 981 1442 1013 calidis
1472 982 1534 1013 illis
1563 984 1746 1020 regionibus
1775 984 1977 1024 aequinoctio
2005 995 2105 1016 verno

1142 1029 1315 1064 assurgant
1339 1030 1478 1064 segetes,
1502 1025 1540 1055 ab
1564 1026 1680 1056 effectu
1704 1027 1825 1058 mensis
1844 1027 1946 1058 Nisan
1970 1032 2105 1058 vocatur

1142 1067 1333 1098 culmorum.
1369 1067 1551 1098 Probabilis
1569 1069 1665 1099 etiam
1685 1069 1869 1100 coniectura
1889 1076 1937 1101 est
1960 1069 2010 1111 (ut
2029 1074 2106 1101 ante

1115 1122 1117 1141 ς
1143 1108 1298 1151 diximus)
1322 1111 1441 1140 mutari
1464 1111 1538 1140 anni
1562 1111 1739 1148 exordium,
1763 1122 1825 1150 quo
1843 1112 2003 1143 illustrior
2022 1116 2107 1143 esset

1143 1152 1296 1183 ecclesiae
1309 1153 1477 1183 nativitas:
1491 1163 1528 1183 ac
1540 1153 1566 1184 si
1580 1160 1657 1183 tunc
1671 1159 1844 1185 renovatus
1856 1160 1942 1186 esset
1954 1155 2105 1187 mundus.

1143 1194 1239 1233 Quod
1264 1201 1378 1234 putant
1396 1195 1541 1235 quidam,
1571 1196 1681 1227 eodem
1705 1207 1816 1228 mense
1840 1197 1909 1228 Noe
1940 1208 2106 1239 egressum

1143 1248 1214 1268 esse
1238 1248 1278 1268 ex
1301 1248 1391 1274 arca,
1423 1243 1458 1268 ut
1486 1248 1587 1268 verna
1615 1239 1787 1279 temperies
1810 1240 1915 1279 ipsum
1938 1250 2011 1270 cum
2035 1240 2108 1271 aliis

1143 1281 1362 1310 animantibus
1386 1286 1605 1311 renascentem
1630 1282 1801 1320 exciperet,
1824 1283 1858 1312 in
1881 1283 1986 1313 medio
2011 1283 2108 1313 relin-

1143 1333 1215 1362 quo,
1237 1328 1272 1353 ut
1295 1323 1361 1353 dixi
1384 1333 1451 1362 cap.
1476 1323 1494 1354 8
1518 1323 1551 1353 in
1571 1323 1725 1355 Genesin.
1760 1323 1797 1356 Si
1820 1332 1930 1355 tamen
1955 1326 2109 1366 recipitur

1144 1365 1198 1396 illa
1229 1366 1406 1399 sententia.
1442 1365 1597 1405 prolepsis
1626 1367 1688 1396 erit
1711 1367 1742 1396 in
1774 1377 1907 1397 numero
1930 1369 2106 1400 mensium:

1144 1419 1226 1447 quae
1249 1413 1357 1438 tamen
1382 1407 1521 1438 absurda
1540 1419 1605 1438 non
1629 1409 1706 1439 erit:
1731 1409 1807 1449 quia
1827 1410 1906 1440 utile
1928 1410 1987 1441 fuit
2007 1422 2107 1451 popu-

1143 1450 1210 1481 lum
1234 1450 1400 1481 assuefieri
1431 1450 1470 1481 ad
1500 1451 1581 1482 ritus
1611 1451 1739 1492 legales.
1786 1451 1851 1483 Sed
1875 1451 1914 1483 de
1938 1452 2033 1485 rebus
2056 1453 2107 1484 in-

1144 1493 1242 1525 certis
1266 1504 1330 1524 non
1355 1493 1524 1524 contendo.

1229 1536 1257 1567 8.
1300 1535 1572 1575 Annunciabisque
1609 1536 1674 1575 filio
1714 1539 1765 1568 tuo
1796 1547 1828 1568 eo
1867 1537 1929 1576 die,
1969 1538 2103 1569 dicendo.

1144 1579 1276 1618 Repetit
1298 1579 1395 1609 etiam
1418 1579 1500 1618 quod
1524 1585 1598 1609 ante
1622 1578 1778 1616 vidimus,
1810 1581 1955 1619 patribus
1978 1580 2105 1622 iniungi

1143 1621 1276 1652 docendi
1302 1628 1417 1660 partes,
1442 1626 1478 1651 ut
1500 1621 1621 1652 cultum
1638 1622 1697 1652 Dei
1717 1622 1755 1652 ad
1775 1628 1917 1662 posteros
1938 1625 2104 1654 transmit-

1143 1669 1223 1695 tant.
1270 1663 1423 1694 Proximo
1453 1664 1558 1703 capite
1589 1664 1710 1694 dictum
1735 1665 1808 1695 fuit:
1833 1665 1942 1704 Quum
1966 1666 2105 1698 interro-

1142 1707 1292 1745 gaverint
1316 1712 1346 1737 te
1370 1706 1442 1742 filii,
1467 1712 1526 1737 etc.
1552 1717 1637 1737 nunc
1661 1706 1790 1738 brevius
1814 1708 1903 1739 iubet
1926 1709 2105 1748 praedicari

1143 1750 1203 1779 Dei
1219 1749 1416 1785 beneficium,
1437 1750 1585 1788 quamvis
1605 1760 1698 1780 nemo
1718 1750 1908 1790 interroget:
1929 1751 2006 1790 quia
2018 1752 2101 1783 ultro

1142 1792 1181 1822 ad
1212 1792 1329 1822 liberos
1358 1792 1390 1822 in
1421 1792 1534 1822 timore
1558 1792 1618 1822 Dei
1646 1791 1825 1824 educandos
1854 1794 2004 1833 propensi
2032 1805 2109 1826 esse.

1142 1834 1260 1865 debent
1279 1840 1436 1873 parentes.
1472 1834 1603 1873 Repetit
1626 1835 1722 1865 etiam
1746 1835 1830 1874 quod
1854 1842 1928 1866 ante
1953 1837 2101 1876 vidimus,

1142 1877 1360 1908 renovandam
1394 1877 1565 1916 quotannis
1606 1876 1803 1909 liberationis
1837 1879 2026 1909 memoriam
2062 1891 2101 1911 ne

1141 1931 1283 1959 unquam
1323 1920 1446 1955 effluat,
1487 1924 1522 1949 ut
1562 1919 1652 1950 facile
1694 1920 1869 1959 negligitur
1903 1921 2004 1960 pietas
2037 1922 2100 1954 nisi

1141 1962 1268 1993 assidue
1292 1963 1325 1992 in
1349 1962 1417 1992 eius
1440 1962 1546 1992 studio
1570 1969 1780 1993 exerceantur
1804 1963 1959 1995 homines.
2001 1963 2099 1995 Simi-

1141 2005 1275 2035 litudine
1305 2010 1412 2035 autem
1442 2005 1556 2039 utitur,
1587 2015 1683 2044 quum
1715 2004 1791 2035 dicit
1821 2006 1886 2036 fore
1914 2006 1947 2036 in
1970 2007 2099 2047 signum

1140 2058 1237 2087 super
1267 2058 1414 2083 manum,
1445 2052 1476 2077 ct
1508 2047 1691 2077 memoriale
1722 2048 1807 2078 inter
1837 2049 1954 2079 oculos.
2001 2051 2048 2081 Ac
2072 2051 2098 2081 si

1141 2090 1260 2121 diceret
1285 2101 1347 2120 non
1372 2100 1463 2120 secus
1486 2100 1595 2119 eorum
1620 2090 1720 2120 oculis
1744 2091 1879 2129 proponi
1904 2091 2098 2131 redemptio-

1141 2134 1260 2163 nemin
1281 2132 1441 2172 paschate,
1461 2142 1557 2171 quam
1572 2132 1712 2162 annulus
1725 2133 1777 2172 qui
1792 2134 1824 2162 111
1838 2133 1938 2173 digito
1951 2140 2097 2173 gestatur

1138 2176 1273 2206 subinde
1296 2175 1497 2214 conspicitur,
1523 2174 1571 2205 vel
1592 2181 1817 2205 ornamentum
1838 2175 1919 2215 quod
1940 2176 1973 2207 in
1994 2178 2098 2209 fronte

1139 2219 1267 2258 ligatur.
1321 2218 1393 2256 Qua
1422 2218 1517 2247 ctiam
1550 2217 1673 2247 ratione
1705 2218 1792 2256 prius
1827 2218 1929 2248 voluit
1963 2224 2026 2249 tam
2062 2221 2097 2251 in

1138 2261 1242 2301 capite
1261 2271 1355 2301 quam
1376 2261 1407 2290 in
1428 2259 1573 2290 manibus
1595 2265 1627 2290 et
1647 2261 1780 2290 vestium
1808 2261 1942 2291 fimbriis
1961 2261 2097 2294 describi

1138 2304 1218 2343 legis
1242 2310 1420 2343 praecepta.
1466 2302 1600 2333 Summa
1624 2308 1679 2337 cst,
1704 2303 1738 2332 in
1762 2303 1868 2333 Pesah
1892 2303 2005 2335 debere
2029 2316 2097 2336 mo-

1138 2352 1331 2377 numentum
1351 2353 1477 2376 exstare
1496 2345 1614 2383 gratiae
1628 2344 1698 2381 Dei,
1723 2350 1756 2375 ut
1777 2356 1940 2384 nunquam
1965 2346 2098 2387 obrepat

1137 2390 1272 2420 oblivio:
1303 2389 1395 2419 sicuti
1426 2393 1612 2417 ornamenta
1641 2398 1720 2426 quae
1744 2388 1777 2418 in
1801 2388 1908 2419 fronte
1931 2394 1962 2419 et
1986 2389 2096 2429 digitis

1138 2438 1310 2472 apparent„
1340 2431 1490 2461 continuo
1519 2430 1568 2460 sui
1598 2436 1728 2469 aspectu
1758 2436 1882 2461 mentes
1907 2433 2096 2471 expergefa-

1138 2476 1237 2505 ciunt.
1282 2474 1472 2512 Quanquam
1502 2473 1527 2503 si
1559 2473 1628 2511 quis
1653 2473 1754 2512 magis
1782 2474 1894 2512 probet
1918 2474 2031 2504 Mosen
2055 2475 2096 2506 ad

1139 2528 1192 2548 eos
1227 2517 1368 2546 alludere
1402 2516 1454 2554 qui
1490 2515 1649 2545 tarditatis
1679 2526 1756 2545 suae
1785 2516 1920 2554 conscii,
1951 2517 2094 2549 subsidia

1140 2560 1313 2590 memoriae
1353 2558 1413 2589 sibi
1452 2558 1638 2593 conficiunt,
1679 2568 1742 2588 non
1784 2568 1937 2598 repugno.
1993 2559 2094 2598 Quasi

1139 2602 1260 2633 diceret
1289 2602 1438 2641 quoniam
1467 2600 1611 2630 obliviosi
1639 2600 1719 2637 sint,
1750 2600 1904 2631 utendum
1935 2611 2004 2632 esse
2034 2602 2094 2634 1100

1139 2645 1289 2682 remedio,
1313 2644 1396 2684 quod
1420 2653 1473 2674 cos
1496 2643 1533 2673 ad
1558 2642 1787 2683 gratitudinem
1810 2643 1968 2675 sollicitet.
2002 2644 2095 2677 Idem

1839 2694 1887 2720 19*
