2304 3034
126 167 188 198 ‘253

127 261 226 300 eopia,
247 259 302 291 hie
323 266 430 291 tamen
454 260 544 291 nulla
565 260 601 290 fit
623 259 691 289 vini
715 261 747 289 et
776 257 836 288 olei
854 256 981 294 mentio,
1001 256 1084 286 sicut

127 303 198 334 aliis
222 303 316 340 loeis,
348 303 402 334 sed
427 307 551 333 tantum
575 300 728 340 simplicis
754 300 864 335 victus,
891 308 927 329 ae
950 299 976 328 si
1001 298 1083 329 dice-

126 351 184 383 ret,
208 346 389 376 necessaria
412 346 496 376 vitae
520 343 660 375 subsidia
682 342 745 373 illis
769 352 832 372 non
856 341 972 371 defore.

212 389 261 419 27.
289 388 445 419 Terrorem
455 396 562 417 meum.
586 385 647 416 His
665 384 772 415 verbis
792 383 883 415 facile
897 388 982 422 patet
1001 394 1084 414 eom-

126 431 272 462 mendari
301 435 469 470 paternum
495 429 553 459 Dei
582 438 720 458 amorem
748 437 823 466 erga
847 426 1017 466 populum,
1048 430 1084 455 ut

125 477 397 513 praepararentur
426 472 524 502 animi
553 470 591 500 ad
620 468 821 500 subeundum
852 469 962 508 iugum
993 468 1081 507 legis.

126 517 213 556 Ergo
235 526 298 546 non
323 520 388 545 tam
411 514 463 544 hic
485 512 674 552 proponitur
696 511 759 542 illis
778 522 908 547 merces,
933 511 959 541 si
978 511 1081 550 legem

126 559 187 590 Dei
211 557 378 592 servarint,
405 566 500 595 quam
524 554 625 594 pudor
648 554 711 584 11115
734 555 891 585 incutitur
914 554 939 583 si
964 553 1081 593 ingrati

125 602 245 632 fuerint
266 601 335 631 Deo
358 597 528 634 liberatori,
555 598 607 636 (1111
630 601 734 627 terrae
758 597 932 636 promissae
955 596 1078 626 fruitio—

125 654 198 674 nem
227 642 323 682 paulo
357 645 425 680 post.
455 640 517 670 illis
548 639 681 670 daturus
711 644 788 670 erat.
835 639 935 669 Porro
966 638 1082 669 dicitur

125 686 215 717 Deus
239 690 391 716 terrorem
425 693 517 713 suum
551 682 734 719 immittere,
768 692 866 721 quum
891 692 1006 712 arcano
1036 681 1082 711 111-

125 729 244 760 5110010
267 726 361 757 eorda
383 725 549 755 hominum
574 723 726 754 debilitat.
774 724 866 755 Unde
892 724 1080 763 colligimus,

124 776 190 802 tam
214 769 413 801 formidinem
445 777 540 806 quam
572 766 793 797 fortitudinem
823 767 855 797 in
884 777 983 797 manu
1013 767 1080 796 0105

124 824 201 845 esse.
247 812 346 843 Cuius
375 811 420 840 rei
448 810 479 839 10
509 809 658 840 omnibus
684 809 827 840 historiis
856 814 987 839 exstant
1017 820 1079 839 11011

123 856 257 887 obseura
279 852 433 892 exempla,
457 852 482 882 si
506 851 599 881 modo
623 852 673 881 ius
696 862 788 882 suun]
812 851 971 882 obtineret
990 852 1080 882 Deus

123 898 205 938 apud
237 897 391 927 homines.
444 893 547 933 Saepe
577 894 741 934 continget
771 894 904 924 fortium
936 895 1079 924 virorum

122 941 244 971 animos
267 948 383 978 pavore
412 937 591 972 concidere,
621 947 750 967 rursum
775 937 908 977 ignavos
939 941 970 967 et
994 936 1079 966 timi-

123 983 179 1014 dos
203 991 368 1021 erumpere
391 980 422 1010 in
447 979 584 1010 subitam
610 979 785 1010 audaciam.
811 979 873 1010 Ubi
897 990 992 1011 causa
1015 989 1078 1009 11011

121 1026 296 1065 reperitur,
335 1022 459 1062 profani
498 1021 642 1052 homines
681 1022 718 1052 ad
760 1032 890 1053 caecum
932 1022 1079 1052 fortunae

120 1067 289 1107 imperium
314 1064 511 1104 confugiunt,
537 1064 586 1095 vel
611 1075 628 1094 a
648 1064 737 1095 Pane
756 1071 786 1095 et
805 1064 932 1104 Satyris
951 1066 1080 1103 fingunt

121 1110 272 1142 attonitas
302 1107 391 1138 reddi
419 1112 553 1138 mentes.
598 1107 665 1137 Nos
697 1118 771 1137 11010
795 1107 953 1138 diseamus
976 1107 1021 1137 ita
1045 1107 1077 1137 in

119 1152 251 1183 arbitrio
265 1151 324 1181 Dei
341 1160 409 1181 esse
432 1150 559 1180 flectere
582 1150 615 1179 in
639 1155 806 1189 utramque
826 1156 950 1190 partem
976 1149 1077 1180 homi-

116 1205 193 1226 num
217 1193 320 1229 corda,
343 1197 378 1223 ut
402 1198 465 1222 tam
491 1192 651 1223 animosos
675 1198 796 1223 terrore
821 1193 957 1227 deiiciat,
981 1203 1076 1231 quam

117 1238 221 1277 erigat
242 1235 472 1275 pusillanimes.
508 1235 558 1265 Ehz
578 1235 637 1265 hoe
656 1235 723 1266 1000
743 1242 906 1275 sumptum
927 1240 973 1266 est
993 1235 1077 1274 quod

117 1280 235 1320 legitur
248 1278 332 1309 Psal,
352 1278 401 1315 44,
421 1278 456 1307 3:
481 1278 528 1308 Tu
549 1288 647 1308 manu
668 1283 721 1308 tua
735 1284 847 1318 gentes
860 1278 1023 1317 expulisti,
1046 1284 1077 1308 et

117 1322 269 1363 plantasti
292 1326 400 1360 patres
420 1326 558 1351 nostros:
583 1320 657 1359 quia
682 1331 746 1351 non
770 1320 876 1361 gladio
896 1331 953 1351 suo
973 1330 1078 1360 posse-

118 1365 234 1396 derunt
264 1370 400 1401 terram,
435 1368 465 1393 et
500 1362 665 1393 brachium
699 1374 807 1393 eorum
844 1363 979 1394 salutem
1012 1374 1075 1393 11011

118 1407 253 1440 contulit
281 1406 369 1446 ipsis.
419 1405 506 1444 Quin
536 1406 632 1436 etiam
662 1406 777 1437 Rahab
806 1416 886 1445 quae
917 1412 948 1436 et
974 1416 1075 1435 mere-

118 1454 183 1484 trix
208 1454 290 1487 erat,
324 1454 354 1478 ot
378 1459 416 1479 ex
441 1453 535 1488 gente
556 1448 729 1484 incredula,
763 1449 819 1479 1100
847 1454 952 1479 tamen
978 1458 1076 1488 agno-

118 1497 174 1533 vit,
198 1503 293 1535 quum
318 1491 438 1521 diceret
460 1491 731 1530 exploratoribus:
762 1492 853 1528 Eece,
885 1491 1075 1521 dissolutum

120 1546 167 1570 est
189 1549 242 1570 cor
265 1540 424 1565 nostrum:
450 1534 523 1573 quia
536 1534 655 1564 Ieliova
672 1534 760 1564 Deus
784 1542 898 1571 vester,
919 1539 968 1564 est
988 1535 1077 1564 Deus

119 1583 151 1613 in
175 1579 270 1613 coelis
292 1588 429 1613 sursum,
454 1584 487 1606 et
508 1577 541 1606 in
562 1582 647 1607 terra
671 1576 818 1607 deorsum
839 1576 945 1617 (Iosue
965 1577 993 1613 2,
1016 1576 1076 1617 11).

119 1625 190 1656 Non
214 1621 363 1662 exprimit
386 1619 513 1659 quidem
539 1619 620 1658 quod
645 1620 695 1649 Lic
720 1619 883 1657 habemus,
915 1620 1078 1658 perculsos
1104 1654 1105 1657 Ἴ

119 1668 216 1698 fuisse
239 1663 395 1696 divinitus
418 1662 574 1692 intestina
597 1662 776 1696 formidine,
801 1662 855 1693 sed
880 1663 980 1693 solum
1003 1662 1079 1692 dicit

120 1719 271 1750 pavorem
306 1717 345 1736 ex
377 1716 473 1736 sensu
507 1705 668 1744 potentiae
694 1705 752 1735 Dei
788 1705 914 1741 venire,
949 1716 1077 1736 eausam

120 1757 229 1784 tamen
251 1762 307 1782 eur
331 1749 375 1780 ita
398 1753 538 1778 tremant
561 1758 625 1778 non
649 1758 717 1778 esse
752 1747 927 1778 humanam
951 1748 1077 1778 fatetur,

121 1795 226 1826 Altius
249 1791 432 1825 conscendit
451 1791 565 1827 Moses,
591 1790 694 1821 Deum
721 1801 783 1820 non
808 1796 931 1821 tantum
956 1791 1078 1821 obiecto

121 1842 254 1868 externo
283 1841 404 1866 terrore
434 1834 545 1873 fugare
575 1833 623 1863 vel
659 1834 829 1873 profligare
864 1833 971 1863 hostes
996 1844 1078 1865 51105,

122 1879 176 1911 sed
199 1880 285 1918 intus
308 1888 431 1917 quoque
454 1876 577 1915 operari
600 1876 631 1905 in
655 1886 764 1906 corum
790 1876 915 1911 animis,
952 1880 985 1906 ut
1010 1881 1078 1905 tur-

122 1922 187 1953 bati
210 1921 506 1959 tumultuantesque
537 1918 722 1957 diffugiant:
753 1918 848 1949 sicuti
872 1918 1016 1958 sequitur
1045 1918 1077 1948 in

121 1966 185 1996 fine
198 1973 324 1995 versus:
349 1963 440 1993 Dabo
465 1972 518 1992 eos
538 1967 678 2000 tergum:
703 1971 738 1991 ae
758 1962 783 1992 si
807 1961 935 1997 (1100101,
960 1971 993 1991 50
1015 1962 1077 1991 fae-

121 2015 227 2038 turum
247 2011 281 2037 ut
302 2017 375 2037 mox
396 2010 486 2043 terga
505 2010 634 2034 vertant
653 2004 706 2043 qui
728 2015 766 2034 ne
786 2009 991 2043 conspectum
1013 2003 1080 2043 qui·
1103 2035 1105 2043 ¹

121 2050 191 2080 dem
211 2048 316 2088 populi
336 2048 550 2079 sustinebunt.

205 2092 253 2123 28.
276 2091 398 2122 Mittam
416 2089 598 2121 crabroaem.
636 2088 794 2127 Quamvis
810 2089 848 2119 ad
869 2090 978 2128 fugam
998 2088 1077 2119 satis

121 2133 242 2164 valeret
265 2143 376 2164 caecus
398 2133 451 2163 ille
475 2138 578 2162 terror
603 2132 692 2162 euius
712 2132 867 2169 meminit,
891 2132 950 2162 sibi
971 2138 1077 2162 tamen

123 2176 162 2206 ad
185 2187 312 2207 manum
337 2180 461 2215 praesto
483 2176 548 2205 fore
572 2175 650 2204 alias
674 2185 798 2213 (1110(1110
829 2174 969 2205 rationes
992 2174 1078 2212 (11011,

124 2219 236 2257 quibus
258 2219 364 2249 hostes
385 2218 508 2257 abigat,
538 2217 607 2247 sine
636 2217 700 2247 0110
723 2217 923 2253 discrimine,
955 2222 987 2247 et
1010 2217 1078 2246 sine

125 2270 240 2299 magna
262 2260 406 2291 molestia
435 2260 554 2299 populi.
604 2260 715 2299 Neque
744 2264 850 2290 tamen
881 2271 914 2291 50
944 2270 1078 2300 magnos

125 2302 299 2339 bellatores,
323 2308 354 2333 01
381 2302 503 2334 validos
528 2303 701 2333 missurum
726 2302 909 2337 denunciat,
933 2302 986 2333 sed
1013 2308 1078 2332 tan-

126 2349 194 2374 tum
218 2354 340 2375 muscas
363 2350 395 2375 et
417 2345 595 2376 crabrones.
641 2347 689 2376 Ac
719 2346 745 2375 si
776 2344 909 2381 diceret,
940 2356 1078 2383 eousque

126 2386 230 2417 Deum
259 2387 374 2426 populo
401 2398 458 2418 suo
485 2388 552 2418 fore
584 2388 757 2428 propitium
781 2392 817 2418 111
838 2388 972 2418 minima
1002 2398 1077 2426 quo-

125 2439 186 2468 que
218 2429 406 2460 animalcula
438 2431 576 2460 instruat
605 2436 637 2461 et
667 2436 770 2461 armet
800 2430 838 2461 ad
863 2430 1079 2469 dispellendes

124 2471 210 2501 illius
230 2470 345 2502 hostes.
372 2471 423 2502 Ita
441 2472 574 2504 facilitas
596 2474 748 2504 victoriae
769 2479 980 2503 monstratur:
1006 2473 1079 2512 quia

125 2513 322 2544 cessantibus
350 2514 478 2553 gladiis,
516 2515 572 2545 5011
603 2516 774 2547 crabrones
807 2515 1016 2555 profligandis
1048 2520 1080 2545 et

125 2555 377 2587 exterminandis
401 2556 541 2588 hostibus
563 2559 732 2589 sufficient.
778 2558 877 2589 Addit
899 2564 1005 2589 tamen
1026 2568 1079 2588 ex-

126 2599 318 2638 ceptionem,
355 2609 395 2629 ne
428 2605 602 2639 querantur
630 2601 796 2632 Israelitae
831 2602 857 2631 si
892 2606 978 2631 terra
1004 2611 1078 2631 mox

845 162 1108 194 PRAEFATIO
1132 163 1180 192 IN
1205 163 1295 193 LEG
1305 163 1376 193 EM.

2037 161 2098 192 ‘254

1138 266 1238 287 vacua
1267 260 1297 287 et
1326 255 1490 287 veteribus
1520 256 1632 287 incolis
1660 260 1795 295 purgata
1826 264 1887 284 non
1912 258 2034 293 pateat:
2065 259 2097 285 et

1138 298 1289 329 admonet
1319 299 1378 330 1100
1408 299 1522 338 populo
1554 299 1621 328 fore
1651 298 1730 328 utile
1755 302 1786 327 ut
1811 297 1961 337 paulatim
1987 296 2095 328 hostes

1137 346 1311 372 consumat.
1358 341 1514 380 Quamvis
1538 351 1613 380 ergo
1636 341 1740 380 primo
1763 340 1882 370 intuitu
1903 338 2003 369 videri
2022 349 2096 378 pos-

1137 389 1183 413 501
1204 384 1291 414 Deus
1314 384 1420 414 minus
1442 391 1604 423 praestare
1627 394 1721 422 quam
1746 383 1904 422 pollicitus
1927 381 2040 417 fuerat,
2065 385 2096 412 et

1136 426 1180 456 ita
1200 426 1316 465 aliquid
1342 438 1382 457 ex
1406 437 1463 457 sua
1487 427 1589 466 gratia
1609 425 1798 461 rescindere,
1822 425 1871 456 vel
1891 424 2092 460 imminuere,

1136 468 1225 499 docet
1267 474 1373 499 tamen
1415 469 1521 499 Moses
1562 469 1620 500 hoe
1661 478 1783 508 quoque
1824 467 1916 498 modo
1951 467 2095 506 ipsorum

1135 511 1231 541 saluti
1254 512 1387 547 consuli,
1422 522 1462 541 ne
1496 512 1528 541 111
1564 516 1683 542 terram
1719 516 1845 541 vastam
1873 515 1904 540 et
1935 509 2094 540 desertam

1134 553 1316 593 irrumpant
1339 554 1424 584 ferae
1448 553 1582 589 bestiae,
1617 564 1697 593 quae
1721 553 1791 592 plus
1815 563 1972 583 noxarum
1996 562 2094 592 quam

1135 596 1242 626 hostes
1262 597 1406 627 affl-rant.
1453 596 1599 635 Contigit
1622 595 1749 635 quidem
1776 595 1907 635 ignavia
1930 595 2035 634 populi
2059 599 2095 625 ut

1135 638 1188 669 diu
1213 638 1356 669 hostibus
1380 639 1446 669 suis
1466 640 1645 678 permixtus
1669 638 1775 675 fuerit,
1797 639 1871 677 quia
1889 638 1995 667 minus
2014 641 2093 668 stre-

1136 692 1199 711 nue
1231 686 1426 720 exsequutus
1456 682 1559 711 fuerat
1587 682 1647 711 Dei
1678 681 1861 711 vindictam.
1916 680 1985 710 Imo
2015 685 2093 711 tunc

1134 723 1301 763 impletum
1326 729 1374 754 est
1398 723 1480 763 quod
1496 724 1583 754 Deus
1596 724 1736 753 minatus
1749 728 1797 753 est
1809 733 1866 762 per
1879 722 1972 753 Iosue
1986 721 2093 763 (losue

1134 766 1183 801 23,
1210 766 1277 806 13):
1314 765 1347 797 Si
1372 766 1583 797 adhaeseritis
1606 766 1748 805 reliquiis
1779 765 1922 804 gentium
1947 765 2092 801 istarum,

1134 808 1262 839 sciendo
1286 809 1392 839 sciatis
1416 808 1498 847 quod
1523 820 1585 838 11011
1606 808 1733 839 adiiciet
1749 808 1869 838 Iehova
1882 808 1971 838 Deus
1984 812 2108 838 vester«

1134 862 1185 881 eas
1210 851 1342 891 perdere
1366 862 1472 881 coram
1496 851 1573 881 facie
1598 856 1718 881 vestra:
1749 850 1803 881 sed
1828 850 1918 881 vobis
1942 855 2036 880 erunt
2058 850 2092 880 in

1132 896 1282 933 laqueum
1303 898 1334 924 et
1353 893 1590 930 offendiculum,
1614 894 1646 923 in
1668 893 1829 933 flagellum
1850 892 2004 923 lateribus
2023 903 2093 923 ves-

1134 938 1200 972 tris,
1225 943 1255 967 01
1278 937 1310 966 111
1335 937 1444 975 spinas
1467 937 1565 966 oculis
1590 937 1716 966 vestris.
1752 935 1844 974 Quod
1872 945 1948 975 ergo
1969 934 2092 965 tardius

1133 986 1164 1009 et
1194 979 1253 1009 sub
1284 980 1378 1009 tinem
1411 979 1538 1008 demum
1571 980 1660 1018 regni
1692 978 1827 1009 Davidis
1858 978 2092 1008 exterminatae

1132 1027 1207 1052 sunt
1228 1022 1344 1061 impiae
1365 1026 1396 1051 et
1415 1022 1566 1060 profanae
1589 1026 1708 1059 gentes,
1729 1028 1764 1051 ut
1783 1020 1897 1060 populo
1917 1020 2092 1059 tranquilla

1132 1064 1258 1095 cederet
1278 1071 1380 1094 terrae
1403 1065 1569 1103 possessio,
1594 1074 1700 1094 eorum
1726 1064 1837 1102 culpae
1856 1062 2093 1102 imputandum,

1131 1108 1245 1147 quibus
1275 1106 1453 1137 diffidentia
1482 1113 1512 1136 01
1542 1105 1740 1145 ingratitudo
1771 1114 1928 1145 toi-ponem
1952 1105 2091 1143 induxit,

1131 1158 1167 1181 111
1187 1161 1219 1180 se
1243 1150 1274 1179 in
1294 1150 1357 1179 otio
1378 1154 1532 1179 tenerent.
1557 1149 1679 1179 Verum
1700 1148 1725 1178 si
1745 1148 1833 1178 nulla
1852 1148 2004 1187 segnities
2025 1152 2089 1177 tar-

1131 1193 1238 1223 dasset
1257 1192 1404 1222 effectum
1426 1191 1654 1230 promissionis,
1674 1191 1796 1230 experti
1816 1197 1924 1221 essent
1943 1200 2004 1220 uon
2022 1190 2090 1220 lon-

1131 1236 1202 1275 gius
1223 1235 1343 1265 differri
1363 1245 1380 1264 a
1396 1235 1461 1264 Deo
1482 1234 1629 1264 ultimum
1649 1234 1793 1273 gentium
1813 1232 1974 1263 excidium
1993 1243 2089 1272 quam

1130 1278 1194 1309 illis
1217 1277 1392 1317 expediret.

1215 1321 1265 1351 31.
1292 1320 1410 1350 Ponam
1439 1322 1539 1349 aulem
1567 1319 1738 1349 termulnmn.
1792 1318 1926 1348 Minime
1957 1317 2088 1347 dubium

1131 1369 1177 1395 est
1198 1363 1273 1402 quin
1295 1362 1403 1393 foedus
1423 1361 1506 1400 quod
1526 1361 1689 1401 pepigerat
1710 1371 1782 1391 eum
1801 1359 1974 1398 Abraham,
1994 1359 2089 1399 paulo

1131 1407 1201 1437 aliis
1217 1405 1320 1436 verbis
1333 1406 1510 1436 confirmet.
1535 1405 1667 1434 1110111115
1682 1403 1830 1434 Abrahae
1844 1402 1962 1432 dictum
1976 1403 2087 1439 fuerat,

1131 1449 1211 1479 ‹labo
1231 1448 1345 1479 semini
1365 1453 1417 1477 tuo
1438 1452 1554 1477 terram
1575 1446 1655 1477 hanc
1675 1457 1693 1476 a
1712 1446 1810 1476 fluvio
1831 1445 1968 1485 Aegypti
1988 1455 2088 1484 usque

1131 1492 1168 1523 ad
1190 1492 1325 1521 fluvium
1346 1500 1496 1529 magnum
1512 1489 1712 1528 Euphratem
1727 1487 1858 1529 (Genes.
1874 1487 1922 1523 15,
1944 1486 2004 1528 18).
2025 1487 2088 1517 Hic

1131 1540 1268 1574 quatuor
1302 1538 1514 1563 numerantur
1547 1531 1657 1562 mundi
1692 1531 1820 1571 plag-ae,
1854 1536 1884 1560 et
1921 1530 1988 1560 loeo
2019 1529 2086 1560 Nili

1131 1579 1261 1617 ponitur
1291 1576 1425 1606 alterum
1458 1585 1553 1611 mare,
1583 1573 1665 1613 quod
1690 1573 1861 1613 opponitur
1883 1573 1962 1602 mari
1984 1572 2088 1603 Thar-

1131 1620 1183 1650 sis.
1231 1619 1341 1658 Neque
1372 1618 1455 1647 0111111
1489 1628 1608 1647 novum
1643 1616 1762 1655 aliquid
1786 1626 1915 1654 sperare
1938 1615 2089 1645 iubentur

1130 1663 1313 1693 Israelitac:
1345 1662 1398 1692 sed
1430 1661 1460 1690 iu
1492 1659 1677 1700 memoriam
1712 1658 1774 1688 illis
1809 1664 1975 1688 revocatur
2005 1657 2088 1696 quod

1131 1705 1258 1745 quidem
1284 1705 1322 1734 ab
1346 1705 1413 1743 ipso
1438 1713 1537 1741 usque
1563 1701 1724 1732 Abraham
1744 1711 1801 1740 per
1824 1711 1936 1731 manus
1960 1710 2088 1739 aecepe-

1131 1753 1213 1779 rant¹
1260 1747 1354 1778 Unde
1378 1745 1492 1776 melius
1525 1744 1718 1784 perspicitur
1751 1742 1832 1782 quod
1866 1742 1941 1781 dixi,
1977 1742 2088 1773 foedus

1131 1792 1296 1830 antiquum
1320 1790 1383 1820 illis
1406 1788 1551 1829 proponi,
1582 1792 1618 1817 111
1651 1786 1791 1826 gratuito
1816 1786 1877 1816 Dei
1911 1786 2009 1816 favori
2037 1795 2087 1816 re-

1131 1833 1322 1874 spondeant,
1358 1836 1483 1862 0100111
1508 1830 1648 1860 vicissim
1683 1829 1788 1859 colant
1818 1839 1853 1859 ae
1885 1831 2087 1863 venerentur,

1131 1877 1182 1916 (101
1209 1876 1271 1906 iam
1302 1876 1386 1914 ipsos
1415 1877 1640 1904 anteverterat.
1686 1872 1786 1901 Porro
1815 1880 1914 1909 quum
1945 1870 2005 1900 hac
2035 1869 2087 1900 be—

1130 1919 1314 1949 nedictione
1338 1928 1370 1948 se
1394 1917 1477 1956 ipsos
1502 1915 1712 1951 fraudassent,
1742 1913 1917 1943 remedium
1941 1911 2088 1942 adhibuit

1131 1963 1219 1992 Deus
1242 1971 1352 1991 eorum
1376 1959 1463 1995 vitio,
1487 1969 1582 1997 quum
1605 1968 1721 1987 novum
1745 1960 1862 1986 statum
1883 1955 1940 1985 sub
1960 1954 2087 1985 Davide

1131 2005 1241 2037 erexit,
1266 2004 1317 2034 cui
1342 2003 1419 2033 haee
1443 2001 1552 2030 eadem
1583 1999 1750 2039 promissio
1781 1999 1842 2028 fuit
1871 1999 2020 2036 repetita,
2053 2002 2086 2027 ut

1131 2048 1268 2077 habetur
1292 2046 1420 2076 Psalmo
1445 2044 1492 2074 72.
1545 2042 1651 2081 Quum
1687 2052 1762 2081 ergo
1796 2041 1834 2070 ad
1869 2039 1950 2070 illud
1984 2050 2086 2078 usque

1131 2094 1259 2129 teinpus
1294 2092 1440 2118 truncata
1482 2086 1593 2116 fuisset
1627 2082 1860 2124 quodammodo
1895 2082 2086 2119 haereditas,

1130 2138 1284 2163 renovato
1308 2136 1403 2164 statu,
1428 2129 1528 2159 solida.
1551 2132 1582 2158 et
1600 2128 1694 2167 plena
1714 2126 1818 2156 fruitio
1837 2125 1979 2164 contigit.
2006 2124 2087 2155 Cae-

1131 2180 1235 2205 terum
1267 2174 1339 2213 quia
1371 2173 1503 2203 felicitas
1534 2170 1587 2200 illa
1616 2174 1647 2200 et
1676 2169 1799 2208 imperii
1823 2167 1999 2206 amplitudo
2022 2178 2087 2197 non

1131 2218 1284 2248 diuturna
1315 2216 1387 2253 fuit,
1419 2214 1473 2245 sed
1497 2213 1667 2244 Solomone
1691 2212 1840 2242 defuncto
1863 2210 2001 2248 collapsa
2029 2214 2086 2246 051,

1131 2272 1166 2291 ac
1186 2260 1315 2290 tandem
1336 2257 1531 2298 pessundata
1550 2255 1640 2295 regui
1660 2254 1808 2294 dignitas:
1834 2252 1903 2282 ideo
1916 2252 2086 2283 Zacharias

1131 2303 1169 2334 de
1184 2303 1298 2333 ultima
1318 2307 1348 2331 01
1368 2301 1507 2340 perfecta
1530 2297 1760 2328 instauratione
1779 2295 1947 2331 disserens,
1973 2294 2086 2324 iisdem

1131 2345 1237 2377 verbis
1262 2345 1363 2375 11111111·
1385 2342 1483 2384 (Zach
1518 2341 1546 2377 9,
1570 2340 1611 2381 9).
1646 2339 1739 2370 Unde
1762 2338 1939 2375 colligimus
1963 2336 2087 2367 Christi

1131 2389 1259 2419 demum
1302 2386 1444 2417 adventu
1486 2384 1580 2414 1111105
1622 2381 1762 2412 vaticinii
1801 2381 1948 2411 effectum
1989 2379 2086 2409 fuisse

1131 2431 1325 2462 exhibitum:
1347 2440 1408 2459 11011
1433 2426 1515 2467 quod
1539 2436 1640 2465 genus
1662 2423 1810 2454 Abrahae
1834 2422 1990 2452 dominari
2011 2428 2086 2452 tunc

1131 2473 1269 2513 eoeperit
1297 2472 1383 2502 intra
1411 2472 1488 2500 fines
1516 2469 1565 2499 1110
1591 2468 1722 2507 positos:
1754 2465 1809 2495 sed
1834 2465 1907 2504 quia
1937 2464 2087 2495 Christus

1131 2528 1187 2547 suo
1216 2515 1350 2555 imperio
1382 2512 1566 2551 complexus
1596 2514 1643 2540 est
1672 2514 1808 2548 quatuor
1838 2506 1948 2537 mundi
1972 2511 2085 2546 partes,

1131 2558 1169 2589 ab
1193 2563 1263 2588 ortu
1288 2558 1362 2588 solis
1386 2565 1486 2595 usque
1509 2553 1546 2583 ad
1570 2562 1731 2588 oceasum,
1763 2556 1793 2581 et
1821 2561 1838 2580 a
1869 2550 2087 2588 septentrione

1132 2612 1233 2641 usque
1246 2600 1284 2631 ad
1307 2599 1481 2629 meridiem.
1507 2597 1634 2626 Interea
1654 2594 1747 2624 11111115
1761 2593 1985 2623 immensitatis
1999 2602 2088 2631 prae-
