<?xml version="1.0" encoding="UTF-8"?>
<!DOCTYPE html PUBLIC "-//W3C//DTD XHTML 1.0 Transitional//EN"
    "http://www.w3.org/TR/xhtml1/DTD/xhtml1-transitional.dtd">
<html xmlns="http://www.w3.org/1999/xhtml" xml:lang="en" lang="en">
 <head>
  <title>
</title>
<meta http-equiv="Content-Type" content="text/html;charset=utf-8" />
  <meta name='ocr-system' content='tesseract 3.04.00' />
  <meta name='ocr-capabilities' content='ocr_page ocr_carea ocr_par ocr_line ocrx_word'/>
</head>
<body>
  <div class='ocr_page' id='page_1' title='image "./ioanniscalviniop24calv_0324.png"; bbox 0 0 2304 3034; ppageno 0'>
   <div class='ocr_carea' id='block_1_1' title="bbox 186 204 247 236">
    <p class='ocr_par' dir='ltr' id='par_1_1' title="bbox 186 204 247 236">
     <span class='ocr_line' id='line_1_1' title="bbox 186 204 247 236; baseline -0.033 0"><span class='ocrx_word' id='word_1_1' title='bbox 186 204 247 236; x_wconf 81' lang='lat'>627</span> 
     </span>
    </p>
   </div>
   <div class='ocr_carea' id='block_1_2' title="bbox 190 290 1164 1489">
    <p class='ocr_par' dir='ltr' id='par_1_2' title="bbox 190 290 1162 542">
     <span class='ocr_line' id='line_1_2' title="bbox 190 290 1161 339; baseline -0.007 -10"><span class='ocrx_word' id='word_1_2' title='bbox 190 298 330 339; x_wconf 83' lang='lat' dir='ltr'>cognita,</span> <span class='ocrx_word' id='word_1_3' title='bbox 355 297 379 326; x_wconf 80' lang='lat' dir='ltr'>si</span> <span class='ocrx_word' id='word_1_4' title='bbox 401 293 591 334; x_wconf 71' lang='lat' dir='ltr'>simplicitas</span> <span class='ocrx_word' id='word_1_5' title='bbox 614 291 663 322; x_wconf 75' lang='lat' dir='ltr'>ve]</span> <span class='ocrx_word' id='word_1_6' title='bbox 689 290 902 331; x_wconf 84' lang='lat' dir='ltr'>incogitantia</span> <span class='ocrx_word' id='word_1_7' title='bbox 921 290 1086 321; x_wconf 90' lang='lat' dir='ltr'>hominem</span> <span class='ocrx_word' id='word_1_8' title='bbox 1106 301 1161 322; x_wconf 80' lang='lat' dir='ltr'>ex-</span> 
     </span>
     <span class='ocr_line' id='line_1_3' title="bbox 192 333 1162 374; baseline -0.008 -1"><span class='ocrx_word' id='word_1_9' title='bbox 192 345 328 373; x_wconf 77' lang='lat' dir='ltr'>cusaret.</span> <span class='ocrx_word' id='word_1_10' title='bbox 373 338 462 368; x_wconf 83' lang='lat' dir='ltr'>Haec</span> <span class='ocrx_word' id='word_1_11' title='bbox 493 336 602 374; x_wconf 88' lang='lat' dir='ltr'>itaque</span> <span class='ocrx_word' id='word_1_12' title='bbox 633 334 782 374; x_wconf 82' lang='lat' dir='ltr'>specialis</span> <span class='ocrx_word' id='word_1_13' title='bbox 812 338 861 365; x_wconf 89' lang='lat' dir='ltr'>est</span> <span class='ocrx_word' id='word_1_14' title='bbox 890 333 1053 373; x_wconf 82' lang='lat' dir='ltr'>exceptio,</span> <span class='ocrx_word' id='word_1_15' title='bbox 1083 344 1162 373; x_wconf 88' lang='lat' dir='ltr'>quae</span> 
     </span>
     <span class='ocr_line' id='line_1_4' title="bbox 192 377 1161 419; baseline -0.008 -5"><span class='ocrx_word' id='word_1_16' title='bbox 192 383 350 415; x_wconf 86' lang='lat' dir='ltr'>iudicibus</span> <span class='ocrx_word' id='word_1_17' title='bbox 385 379 544 419; x_wconf 73' lang='lat' dir='ltr'>permittit</span> <span class='ocrx_word' id='word_1_18' title='bbox 579 378 780 417; x_wconf 78' lang='lat' dir='ltr'>distinguere</span> <span class='ocrx_word' id='word_1_19' title='bbox 820 387 980 407; x_wconf 76' lang='lat' dir='ltr'>noxarum</span> <span class='ocrx_word' id='word_1_20' title='bbox 1021 377 1161 416; x_wconf 88' lang='lat' dir='ltr'>species:</span> 
     </span>
     <span class='ocr_line' id='line_1_5' title="bbox 192 419 1161 464; baseline -0.007 -8"><span class='ocrx_word' id='word_1_21' title='bbox 192 435 307 464; x_wconf 84' lang='lat' dir='ltr'>nempe</span> <span class='ocrx_word' id='word_1_22' title='bbox 331 423 357 453; x_wconf 87' lang='lat' dir='ltr'>si</span> <span class='ocrx_word' id='word_1_23' title='bbox 382 427 582 461; x_wconf 88' lang='lat' dir='ltr'>compertum</span> <span class='ocrx_word' id='word_1_24' title='bbox 607 420 670 451; x_wconf 87' lang='lat' dir='ltr'>illis</span> <span class='ocrx_word' id='word_1_25' title='bbox 695 420 791 450; x_wconf 77' lang='lat' dir='ltr'>fuerit</span> <span class='ocrx_word' id='word_1_26' title='bbox 815 419 980 450; x_wconf 90' lang='lat' dir='ltr'>hominem</span> <span class='ocrx_word' id='word_1_27' title='bbox 1005 429 1068 449; x_wconf 91' lang='lat' dir='ltr'>non</span> <span class='ocrx_word' id='word_1_28' title='bbox 1093 429 1161 450; x_wconf 85' lang='lat' dir='ltr'>esse</span> 
     </span>
     <span class='ocr_line' id='line_1_6' title="bbox 192 462 1162 502; baseline -0.005 -4"><span class='ocrx_word' id='word_1_29' title='bbox 192 467 304 500; x_wconf 82' lang='lat' dir='ltr'>mortis</span> <span class='ocrx_word' id='word_1_30' title='bbox 334 476 442 500; x_wconf 87' lang='lat' dir='ltr'>reum,</span> <span class='ocrx_word' id='word_1_31' title='bbox 475 470 510 494; x_wconf 85' lang='lat' dir='ltr'>ut</span> <span class='ocrx_word' id='word_1_32' title='bbox 540 464 608 494; x_wconf 89' lang='lat' dir='ltr'>eius</span> <span class='ocrx_word' id='word_1_33' title='bbox 632 468 742 494; x_wconf 83' lang='lat' dir='ltr'>tamen</span> <span class='ocrx_word' id='word_1_34' title='bbox 765 462 1001 502; x_wconf 82' lang='lat' dir='ltr'>negligentiam</span> <span class='ocrx_word' id='word_1_35' title='bbox 1024 462 1162 502; x_wconf 87' lang='lat' dir='ltr'>pecunia</span> 
     </span>
     <span class='ocr_line' id='line_1_7' title="bbox 192 510 357 542; baseline -0.018 0"><span class='ocrx_word' id='word_1_36' title='bbox 192 510 357 542; x_wconf 73' lang='lat' dir='ltr'>mulctent.</span> 
     </span>
    </p>

    <p class='ocr_par' dir='ltr' id='par_1_3' title="bbox 190 546 1161 1020">
     <span class='ocr_line' id='line_1_8' title="bbox 277 546 1159 588; baseline -0.003 -6"><span class='ocrx_word' id='word_1_37' title='bbox 277 552 327 582; x_wconf 84' lang='lat'>31.</span> <span class='ocrx_word' id='word_1_38' title='bbox 355 550 425 581; x_wconf 74' lang='lat' dir='ltr'>Sive</span> <span class='ocrx_word' id='word_1_39' title='bbox 445 549 548 588; x_wconf 76' lang='lat' dir='ltr'>silium</span> <span class='ocrx_word' id='word_1_40' title='bbox 566 558 660 579; x_wconf 80' lang='lat' dir='ltr'>cornu</span> <span class='ocrx_word' id='word_1_41' title='bbox 677 548 812 587; x_wconf 74' lang='lat' dir='ltr'>petierit.</span> <span class='ocrx_word' id='word_1_42' title='bbox 848 546 942 586; x_wconf 79' lang='lat' dir='ltr'>Quod</span> <span class='ocrx_word' id='word_1_43' title='bbox 963 547 1002 578; x_wconf 84' lang='lat' dir='ltr'>ad</span> <span class='ocrx_word' id='word_1_44' title='bbox 1022 551 1159 579; x_wconf 87' lang='lat' dir='ltr'>aetatem</span> 
     </span>
     <span class='ocr_line' id='line_1_9' title="bbox 191 590 1161 635; baseline -0.005 -10"><span class='ocrx_word' id='word_1_45' title='bbox 191 594 321 635; x_wconf 85' lang='lat' dir='ltr'>quidam</span> <span class='ocrx_word' id='word_1_46' title='bbox 354 593 514 629; x_wconf 77' lang='lat' dir='ltr'>referunt,</span> <span class='ocrx_word' id='word_1_47' title='bbox 549 602 585 622; x_wconf 87' lang='lat' dir='ltr'>ac</span> <span class='ocrx_word' id='word_1_48' title='bbox 608 592 634 622; x_wconf 85' lang='lat' dir='ltr'>si</span> <span class='ocrx_word' id='word_1_49' title='bbox 658 591 716 621; x_wconf 90' lang='lat' dir='ltr'>filii</span> <span class='ocrx_word' id='word_1_50' title='bbox 741 597 772 621; x_wconf 89' lang='lat' dir='ltr'>et</span> <span class='ocrx_word' id='word_1_51' title='bbox 794 590 880 621; x_wconf 84' lang='lat' dir='ltr'>filiae</span> <span class='ocrx_word' id='word_1_52' title='bbox 911 591 1161 621; x_wconf 83' lang='lat' dir='ltr'>nominarentur</span> 
     </span>
     <span class='ocr_line' id='line_1_10' title="bbox 190 634 1160 678; baseline -0.005 -10"><span class='ocrx_word' id='word_1_53' title='bbox 190 638 282 678; x_wconf 88' lang='lat' dir='ltr'>pueri</span> <span class='ocrx_word' id='word_1_54' title='bbox 307 643 337 667; x_wconf 87' lang='lat' dir='ltr'>et</span> <span class='ocrx_word' id='word_1_55' title='bbox 362 635 497 676; x_wconf 87' lang='lat' dir='ltr'>puellae,</span> <span class='ocrx_word' id='word_1_56' title='bbox 523 635 630 665; x_wconf 88' lang='lat' dir='ltr'>nescio</span> <span class='ocrx_word' id='word_1_57' title='bbox 653 644 694 664; x_wconf 87' lang='lat' dir='ltr'>an</span> <span class='ocrx_word' id='word_1_58' title='bbox 716 634 903 665; x_wconf 89' lang='lat' dir='ltr'>conveniat:</span> <span class='ocrx_word' id='word_1_59' title='bbox 929 644 1032 673; x_wconf 88' lang='lat' dir='ltr'>neque</span> <span class='ocrx_word' id='word_1_60' title='bbox 1052 639 1160 664; x_wconf 90' lang='lat' dir='ltr'>tamen</span> 
     </span>
     <span class='ocr_line' id='line_1_11' title="bbox 191 675 1160 716; baseline -0.005 -5"><span class='ocrx_word' id='word_1_61' title='bbox 191 681 275 711; x_wconf 87' lang='lat' dir='ltr'>hanc</span> <span class='ocrx_word' id='word_1_62' title='bbox 299 678 493 710; x_wconf 75' lang='lat' dir='ltr'>sententiam</span> <span class='ocrx_word' id='word_1_63' title='bbox 518 678 637 708; x_wconf 87' lang='lat' dir='ltr'>reiicio.</span> <span class='ocrx_word' id='word_1_64' title='bbox 683 676 877 716; x_wconf 81' lang='lat' dir='ltr'>Quanquam</span> <span class='ocrx_word' id='word_1_65' title='bbox 901 675 1030 707; x_wconf 81' lang='lat' dir='ltr'>videtur</span> <span class='ocrx_word' id='word_1_66' title='bbox 1052 676 1160 707; x_wconf 89' lang='lat' dir='ltr'>Moses</span> 
     </span>
     <span class='ocr_line' id='line_1_12' title="bbox 191 719 1159 762; baseline -0.004 -8"><span class='ocrx_word' id='word_1_67' title='bbox 191 722 388 762; x_wconf 83' lang='lat' dir='ltr'>amplificare</span> <span class='ocrx_word' id='word_1_68' title='bbox 418 720 540 760; x_wconf 87' lang='lat' dir='ltr'>legem,</span> <span class='ocrx_word' id='word_1_69' title='bbox 570 721 596 750; x_wconf 86' lang='lat' dir='ltr'>si</span> <span class='ocrx_word' id='word_1_70' title='bbox 626 719 682 750; x_wconf 91' lang='lat' dir='ltr'>bos</span> <span class='ocrx_word' id='word_1_71' title='bbox 712 719 860 759; x_wconf 85' lang='lat' dir='ltr'>petulcus</span> <span class='ocrx_word' id='word_1_72' title='bbox 890 719 1025 749; x_wconf 77' lang='lat' dir='ltr'>herilem</span> <span class='ocrx_word' id='word_1_73' title='bbox 1056 719 1159 750; x_wconf 89' lang='lat' dir='ltr'>filium</span> 
     </span>
     <span class='ocr_line' id='line_1_13' title="bbox 192 761 1159 803; baseline -0.005 -6"><span class='ocrx_word' id='word_1_74' title='bbox 192 765 361 798; x_wconf 80' lang='lat' dir='ltr'>occiderit,</span> <span class='ocrx_word' id='word_1_75' title='bbox 392 770 426 793; x_wconf 92' lang='lat' dir='ltr'>ut</span> <span class='ocrx_word' id='word_1_76' title='bbox 451 768 542 803; x_wconf 83' lang='lat' dir='ltr'>pater</span> <span class='ocrx_word' id='word_1_77' title='bbox 565 763 633 802; x_wconf 92' lang='lat' dir='ltr'>ipse</span> <span class='ocrx_word' id='word_1_78' title='bbox 657 772 778 803; x_wconf 89' lang='lat' dir='ltr'>poenae</span> <span class='ocrx_word' id='word_1_79' title='bbox 802 761 982 799; x_wconf 77' lang='lat' dir='ltr'>subiaceat,</span> <span class='ocrx_word' id='word_1_80' title='bbox 1016 762 1070 801; x_wconf 90' lang='lat' dir='ltr'>qui</span> <span class='ocrx_word' id='word_1_81' title='bbox 1094 772 1159 792; x_wconf 92' lang='lat' dir='ltr'>non</span> 
     </span>
     <span class='ocr_line' id='line_1_14' title="bbox 191 804 1160 846; baseline -0.004 -7"><span class='ocrx_word' id='word_1_82' title='bbox 191 809 307 839; x_wconf 88' lang='lat' dir='ltr'>melius</span> <span class='ocrx_word' id='word_1_83' title='bbox 347 807 456 837; x_wconf 76' lang='lat' dir='ltr'>liboris</span> <span class='ocrx_word' id='word_1_84' title='bbox 497 806 564 836; x_wconf 85' lang='lat' dir='ltr'>suis</span> <span class='ocrx_word' id='word_1_85' title='bbox 598 805 809 846; x_wconf 77' lang='lat' dir='ltr'>prospexerit.</span> <span class='ocrx_word' id='word_1_86' title='bbox 866 804 1017 835; x_wconf 77' lang='lat' dir='ltr'>Dubitari</span> <span class='ocrx_word' id='word_1_87' title='bbox 1051 810 1160 835; x_wconf 83' lang='lat' dir='ltr'>autem</span> 
     </span>
     <span class='ocr_line' id='line_1_15' title="bbox 192 846 1161 891; baseline -0.004 -9"><span class='ocrx_word' id='word_1_88' title='bbox 192 852 308 891; x_wconf 86' lang='lat' dir='ltr'>potuit,</span> <span class='ocrx_word' id='word_1_89' title='bbox 332 860 514 889; x_wconf 75' lang='lat' dir='ltr'>aequumne</span> <span class='ocrx_word' id='word_1_90' title='bbox 537 856 619 879; x_wconf 83' lang='lat' dir='ltr'>esset</span> <span class='ocrx_word' id='word_1_91' title='bbox 644 855 767 888; x_wconf 85' lang='lat' dir='ltr'>patrem</span> <span class='ocrx_word' id='word_1_92' title='bbox 792 848 855 878; x_wconf 87' lang='lat' dir='ltr'>iam</span> <span class='ocrx_word' id='word_1_93' title='bbox 881 847 1030 878; x_wconf 77' lang='lat' dir='ltr'>orbitatis</span> <span class='ocrx_word' id='word_1_94' title='bbox 1053 846 1161 878; x_wconf 82' lang='lat' dir='ltr'>dolore</span> 
     </span>
     <span class='ocr_line' id='line_1_16' title="bbox 190 890 1160 930; baseline -0.005 -5"><span class='ocrx_word' id='word_1_95' title='bbox 190 894 369 925; x_wconf 82' lang='lat' dir='ltr'>confectum</span> <span class='ocrx_word' id='word_1_96' title='bbox 395 891 433 922; x_wconf 83' lang='lat' dir='ltr'>ad</span> <span class='ocrx_word' id='word_1_97' title='bbox 454 897 590 922; x_wconf 91' lang='lat' dir='ltr'>mortem</span> <span class='ocrx_word' id='word_1_98' title='bbox 610 891 754 922; x_wconf 86' lang='lat' dir='ltr'>trahere:</span> <span class='ocrx_word' id='word_1_99' title='bbox 780 901 894 921; x_wconf 88' lang='lat' dir='ltr'>verum</span> <span class='ocrx_word' id='word_1_100' title='bbox 918 890 957 921; x_wconf 85' lang='lat' dir='ltr'>ad</span> <span class='ocrx_word' id='word_1_101' title='bbox 977 890 1160 930; x_wconf 78' lang='lat' dir='ltr'>exemplum</span> 
     </span>
     <span class='ocr_line' id='line_1_17' title="bbox 191 932 1161 977; baseline -0.003 -10"><span class='ocrx_word' id='word_1_102' title='bbox 191 937 346 977; x_wconf 73' lang='lat' dir='ltr'>pertinet,</span> <span class='ocrx_word' id='word_1_103' title='bbox 379 946 443 965; x_wconf 90' lang='lat' dir='ltr'>non</span> <span class='ocrx_word' id='word_1_104' title='bbox 475 935 607 974; x_wconf 86' lang='lat' dir='ltr'>impune</span> <span class='ocrx_word' id='word_1_105' title='bbox 631 934 743 965; x_wconf 82' lang='lat' dir='ltr'>cedere</span> <span class='ocrx_word' id='word_1_106' title='bbox 774 932 963 974; x_wconf 85' lang='lat' dir='ltr'>parent-ibus</span> <span class='ocrx_word' id='word_1_107' title='bbox 994 934 1020 964; x_wconf 88' lang='lat' dir='ltr'>si</span> <span class='ocrx_word' id='word_1_108' title='bbox 1049 943 1161 964; x_wconf 85' lang='lat' dir='ltr'>eorum</span> 
     </span>
     <span class='ocr_line' id='line_1_18' title="bbox 191 978 714 1020; baseline -0.008 -9"><span class='ocrx_word' id='word_1_109' title='bbox 191 980 282 1020; x_wconf 79' lang='lat' dir='ltr'>culpa</span> <span class='ocrx_word' id='word_1_110' title='bbox 308 979 365 1009; x_wconf 87' lang='lat' dir='ltr'>filii</span> <span class='ocrx_word' id='word_1_111' title='bbox 389 978 437 1008; x_wconf 82' lang='lat' dir='ltr'>vel</span> <span class='ocrx_word' id='word_1_112' title='bbox 463 978 547 1008; x_wconf 85' lang='lat' dir='ltr'>filiae</span> <span class='ocrx_word' id='word_1_113' title='bbox 570 982 714 1017; x_wconf 88' lang='lat' dir='ltr'>pereant.</span> 
     </span>
    </p>

    <p class='ocr_par' dir='ltr' id='par_1_4' title="bbox 191 1019 1164 1489">
     <span class='ocr_line' id='line_1_19' title="bbox 277 1019 1163 1058; baseline -0.003 -6"><span class='ocrx_word' id='word_1_114' title='bbox 277 1022 327 1052; x_wconf 83' lang='lat'>32.</span> <span class='ocrx_word' id='word_1_115' title='bbox 362 1020 397 1051; x_wconf 83' lang='lat' dir='ltr'>Si</span> <span class='ocrx_word' id='word_1_116' title='bbox 420 1031 550 1051; x_wconf 73' lang='lat' dir='ltr'>servum.</span> <span class='ocrx_word' id='word_1_117' title='bbox 597 1019 690 1058; x_wconf 84' lang='lat' dir='ltr'>Quod</span> <span class='ocrx_word' id='word_1_118' title='bbox 718 1020 782 1050; x_wconf 90' lang='lat' dir='ltr'>iam</span> <span class='ocrx_word' id='word_1_119' title='bbox 807 1019 944 1050; x_wconf 83' lang='lat' dir='ltr'>minoris</span> <span class='ocrx_word' id='word_1_120' title='bbox 974 1019 1163 1050; x_wconf 86' lang='lat' dir='ltr'>aestimatur</span> 
     </span>
     <span class='ocr_line' id='line_1_20' title="bbox 191 1061 1162 1103; baseline -0.003 -8"><span class='ocrx_word' id='word_1_121' title='bbox 191 1065 277 1096; x_wconf 82' lang='lat' dir='ltr'>servi</span> <span class='ocrx_word' id='word_1_122' title='bbox 303 1064 397 1095; x_wconf 73' lang='lat' dir='ltr'>occisi</span> <span class='ocrx_word' id='word_1_123' title='bbox 423 1074 523 1103; x_wconf 86' lang='lat' dir='ltr'>poena</span> <span class='ocrx_word' id='word_1_124' title='bbox 548 1073 642 1102; x_wconf 90' lang='lat' dir='ltr'>quam</span> <span class='ocrx_word' id='word_1_125' title='bbox 670 1062 808 1093; x_wconf 85' lang='lat' dir='ltr'>hominis</span> <span class='ocrx_word' id='word_1_126' title='bbox 827 1061 930 1099; x_wconf 85' lang='lat' dir='ltr'>liberi,</span> <span class='ocrx_word' id='word_1_127' title='bbox 954 1062 1080 1092; x_wconf 87' lang='lat' dir='ltr'>ratione</span> <span class='ocrx_word' id='word_1_128' title='bbox 1100 1071 1162 1092; x_wconf 90' lang='lat' dir='ltr'>nou</span> 
     </span>
     <span class='ocr_line' id='line_1_21' title="bbox 191 1105 1164 1145; baseline -0.004 -6"><span class='ocrx_word' id='word_1_129' title='bbox 191 1114 289 1140; x_wconf 86' lang='lat' dir='ltr'>caret.</span> <span class='ocrx_word' id='word_1_130' title='bbox 325 1107 493 1145; x_wconf 78' lang='lat' dir='ltr'>Quantum</span> <span class='ocrx_word' id='word_1_131' title='bbox 516 1105 554 1136; x_wconf 88' lang='lat' dir='ltr'>ad</span> <span class='ocrx_word' id='word_1_132' title='bbox 574 1106 698 1137; x_wconf 79' lang='lat' dir='ltr'>crimen</span> <span class='ocrx_word' id='word_1_133' title='bbox 722 1105 829 1136; x_wconf 89' lang='lat' dir='ltr'>caedis</span> <span class='ocrx_word' id='word_1_134' title='bbox 852 1105 1067 1142; x_wconf 86' lang='lat' dir='ltr'>voluntariae,</span> <span class='ocrx_word' id='word_1_135' title='bbox 1091 1105 1164 1135; x_wconf 90' lang='lat' dir='ltr'>nul-</span> 
     </span>
     <span class='ocr_line' id='line_1_22' title="bbox 191 1146 1164 1181; baseline -0.003 0"><span class='ocrx_word' id='word_1_136' title='bbox 191 1151 257 1181; x_wconf 88' lang='lat' dir='ltr'>lum</span> <span class='ocrx_word' id='word_1_137' title='bbox 282 1150 344 1181; x_wconf 84' lang='lat' dir='ltr'>fuit</span> <span class='ocrx_word' id='word_1_138' title='bbox 368 1150 541 1180; x_wconf 71' lang='lat' dir='ltr'>discrimen</span> <span class='ocrx_word' id='word_1_139' title='bbox 566 1149 650 1179; x_wconf 87' lang='lat' dir='ltr'>inter</span> <span class='ocrx_word' id='word_1_140' title='bbox 673 1159 783 1179; x_wconf 84' lang='lat' dir='ltr'>servos</span> <span class='ocrx_word' id='word_1_141' title='bbox 807 1159 843 1179; x_wconf 84' lang='lat' dir='ltr'>ac</span> <span class='ocrx_word' id='word_1_142' title='bbox 867 1148 1030 1179; x_wconf 83' lang='lat' dir='ltr'>dominos:</span> <span class='ocrx_word' id='word_1_143' title='bbox 1053 1148 1086 1178; x_wconf 90' lang='lat' dir='ltr'>in</span> <span class='ocrx_word' id='word_1_144' title='bbox 1110 1146 1164 1178; x_wconf 89' lang='lat' dir='ltr'>de-</span> 
     </span>
     <span class='ocr_line' id='line_1_23' title="bbox 191 1190 1162 1232; baseline -0.004 -8"><span class='ocrx_word' id='word_1_145' title='bbox 191 1194 265 1224; x_wconf 90' lang='lat' dir='ltr'>licto</span> <span class='ocrx_word' id='word_1_146' title='bbox 301 1199 409 1223; x_wconf 83' lang='lat' dir='ltr'>autem</span> <span class='ocrx_word' id='word_1_147' title='bbox 447 1192 552 1232; x_wconf 87' lang='lat' dir='ltr'>potuit</span> <span class='ocrx_word' id='word_1_148' title='bbox 586 1191 706 1231; x_wconf 85' lang='lat' dir='ltr'>aliquid</span> <span class='ocrx_word' id='word_1_149' title='bbox 743 1191 780 1221; x_wconf 90' lang='lat' dir='ltr'>de</span> <span class='ocrx_word' id='word_1_150' title='bbox 816 1192 990 1222; x_wconf 86' lang='lat' dir='ltr'>severitate</span> <span class='ocrx_word' id='word_1_151' title='bbox 1025 1190 1162 1221; x_wconf 85' lang='lat' dir='ltr'>remitti:</span> 
     </span>
     <span class='ocr_line' id='line_1_24' title="bbox 191 1233 1163 1276; baseline -0.002 -10"><span class='ocrx_word' id='word_1_152' title='bbox 191 1236 381 1276; x_wconf 79' lang='lat' dir='ltr'>praesertim</span> <span class='ocrx_word' id='word_1_153' title='bbox 413 1246 510 1274; x_wconf 88' lang='lat' dir='ltr'>quum</span> <span class='ocrx_word' id='word_1_154' title='bbox 542 1234 633 1265; x_wconf 87' lang='lat' dir='ltr'>bovis</span> <span class='ocrx_word' id='word_1_155' title='bbox 664 1233 820 1274; x_wconf 85' lang='lat' dir='ltr'>lapidatio</span> <span class='ocrx_word' id='word_1_156' title='bbox 851 1234 890 1264; x_wconf 85' lang='lat' dir='ltr'>ad</span> <span class='ocrx_word' id='word_1_157' title='bbox 915 1233 1163 1264; x_wconf 85' lang='lat' dir='ltr'>detestationem</span> 
     </span>
     <span class='ocr_line' id='line_1_25' title="bbox 191 1276 1163 1317; baseline -0.003 -8"><span class='ocrx_word' id='word_1_158' title='bbox 191 1279 297 1310; x_wconf 73' lang='lat' dir='ltr'>caedis</span> <span class='ocrx_word' id='word_1_159' title='bbox 319 1278 491 1309; x_wconf 74' lang='lat' dir='ltr'>sufficet-ct.</span> <span class='ocrx_word' id='word_1_160' title='bbox 527 1276 660 1316; x_wconf 83' lang='lat' dir='ltr'>Optima</span> <span class='ocrx_word' id='word_1_161' title='bbox 680 1288 756 1317; x_wconf 84' lang='lat' dir='ltr'>ergo</span> <span class='ocrx_word' id='word_1_162' title='bbox 776 1276 998 1307; x_wconf 80' lang='lat' dir='ltr'>moderatione</span> <span class='ocrx_word' id='word_1_163' title='bbox 1017 1287 1095 1307; x_wconf 89' lang='lat' dir='ltr'>usus</span> <span class='ocrx_word' id='word_1_164' title='bbox 1114 1280 1163 1306; x_wconf 85' lang='lat' dir='ltr'>est</span> 
     </span>
     <span class='ocr_line' id='line_1_26' title="bbox 192 1319 1161 1361; baseline -0.004 -8"><span class='ocrx_word' id='word_1_165' title='bbox 192 1323 282 1353; x_wconf 90' lang='lat' dir='ltr'>Deus</span> <span class='ocrx_word' id='word_1_166' title='bbox 316 1332 414 1361; x_wconf 88' lang='lat' dir='ltr'>quum</span> <span class='ocrx_word' id='word_1_167' title='bbox 451 1321 585 1360; x_wconf 84' lang='lat' dir='ltr'>triginta</span> <span class='ocrx_word' id='word_1_168' title='bbox 614 1320 701 1351; x_wconf 87' lang='lat' dir='ltr'>siclis</span> <span class='ocrx_word' id='word_1_169' title='bbox 732 1320 900 1351; x_wconf 84' lang='lat' dir='ltr'>damnavit</span> <span class='ocrx_word' id='word_1_170' title='bbox 929 1319 1161 1359; x_wconf 74' lang='lat' dir='ltr'>negligentiam</span> 
     </span>
     <span class='ocr_line' id='line_1_27' title="bbox 192 1362 1162 1402; baseline -0.003 -7"><span class='ocrx_word' id='word_1_171' title='bbox 192 1365 329 1395; x_wconf 88' lang='lat' dir='ltr'>domini:</span> <span class='ocrx_word' id='word_1_172' title='bbox 354 1365 468 1395; x_wconf 85' lang='lat' dir='ltr'>bovem</span> <span class='ocrx_word' id='word_1_173' title='bbox 494 1374 567 1393; x_wconf 81' lang='lat' dir='ltr'>vero</span> <span class='ocrx_word' id='word_1_174' title='bbox 592 1364 624 1393; x_wconf 93' lang='lat' dir='ltr'>in</span> <span class='ocrx_word' id='word_1_175' title='bbox 650 1363 833 1402; x_wconf 76' lang='lat' dir='ltr'>exemplum</span> <span class='ocrx_word' id='word_1_176' title='bbox 859 1362 1037 1402; x_wconf 75' lang='lat' dir='ltr'>proposuit,</span> <span class='ocrx_word' id='word_1_177' title='bbox 1072 1363 1162 1392; x_wconf 86' lang='lat' dir='ltr'>cuius</span> 
     </span>
     <span class='ocr_line' id='line_1_28' title="bbox 191 1405 1163 1446; baseline -0.003 -8"><span class='ocrx_word' id='word_1_178' title='bbox 191 1419 269 1439; x_wconf 80' lang='lat' dir='ltr'>nece</span> <span class='ocrx_word' id='word_1_179' title='bbox 289 1418 402 1438; x_wconf 85' lang='lat' dir='ltr'>omncs</span> <span class='ocrx_word' id='word_1_180' title='bbox 422 1407 708 1437; x_wconf 83' lang='lat' dir='ltr'>comnionefierent</span> <span class='ocrx_word' id='word_1_181' title='bbox 727 1411 925 1446; x_wconf 85' lang='lat' dir='ltr'>quantopere</span> <span class='ocrx_word' id='word_1_182' title='bbox 945 1405 1106 1445; x_wconf 86' lang='lat' dir='ltr'>pretiosus</span> <span class='ocrx_word' id='word_1_183' title='bbox 1121 1405 1163 1435; x_wconf 83' lang='lat' dir='ltr'>sit</span> 
     </span>
     <span class='ocr_line' id='line_1_29' title="bbox 191 1449 618 1489; baseline -0.007 -7"><span class='ocrx_word' id='word_1_184' title='bbox 191 1450 263 1482; x_wconf 82' lang='lat' dir='ltr'>Deo</span> <span class='ocrx_word' id='word_1_185' title='bbox 288 1451 451 1481; x_wconf 83' lang='lat' dir='ltr'>humanus</span> <span class='ocrx_word' id='word_1_186' title='bbox 475 1449 618 1489; x_wconf 84' lang='lat' dir='ltr'>sanguis.</span> 
     </span>
    </p>
   </div>
   <div class='ocr_carea' id='block_1_3' title="bbox 500 1619 855 1652">
    <p class='ocr_par' dir='ltr' id='par_1_5' title="bbox 500 1619 855 1652">
     <span class='ocr_line' id='line_1_30' title="bbox 500 1619 855 1652; baseline -0.003 -1"><span class='ocrx_word' id='word_1_187' title='bbox 500 1621 564 1651; x_wconf 88' lang='lat' dir='ltr'>EX</span> <span class='ocrx_word' id='word_1_188' title='bbox 585 1620 716 1652; x_wconf 84' lang='lat' dir='ltr'>DEUT.</span> <span class='ocrx_word' id='word_1_189' title='bbox 740 1619 855 1651; x_wconf 84' lang='lat' dir='ltr'>XVII.</span> 
     </span>
    </p>
   </div>
   <div class='ocr_carea' id='block_1_4' title="bbox 190 1704 1164 1825">
    <p class='ocr_par' dir='ltr' id='par_1_6' title="bbox 190 1704 1164 1825">
     <span class='ocr_line' id='line_1_31' title="bbox 278 1704 1164 1743; baseline -0.003 -5"><span class='ocrx_word' id='word_1_190' title='bbox 278 1708 306 1739; x_wconf 86' lang='lat'>6.</span> <span class='ocrx_word' id='word_1_191' title='bbox 341 1707 379 1738; x_wconf 81' lang='lat' dir='ltr'>In</span> <span class='ocrx_word' id='word_1_192' title='bbox 410 1718 460 1738; x_wconf 87' lang='lat' dir='ltr'>ore</span> <span class='ocrx_word' id='word_1_193' title='bbox 482 1707 615 1738; x_wconf 75' lang='lat' dir='ltr'>duorum</span> <span class='ocrx_word' id='word_1_194' title='bbox 637 1706 683 1737; x_wconf 79' lang='lat' dir='ltr'>vel</span> <span class='ocrx_word' id='word_1_195' title='bbox 705 1706 800 1736; x_wconf 75' lang='lat' dir='ltr'>trium</span> <span class='ocrx_word' id='word_1_196' title='bbox 823 1705 945 1736; x_wconf 82' lang='lat' dir='ltr'>testium</span> <span class='ocrx_word' id='word_1_197' title='bbox 967 1704 1164 1743; x_wconf 76' lang='lat' dir='ltr'>interficietur</span> 
     </span>
     <span class='ocr_line' id='line_1_32' title="bbox 191 1748 1164 1790; baseline -0.002 -9"><span class='ocrx_word' id='word_1_198' title='bbox 191 1752 245 1790; x_wconf 80' lang='lat' dir='ltr'>qui</span> <span class='ocrx_word' id='word_1_199' title='bbox 279 1751 451 1781; x_wconf 72' lang='lat' dir='ltr'>moriturus</span> <span class='ocrx_word' id='word_1_200' title='bbox 485 1753 544 1787; x_wconf 78' lang='lat' dir='ltr'>est,</span> <span class='ocrx_word' id='word_1_201' title='bbox 585 1760 643 1780; x_wconf 82' lang='lat' dir='ltr'>non</span> <span class='ocrx_word' id='word_1_202' title='bbox 683 1749 881 1788; x_wconf 73' lang='lat' dir='ltr'>interficietur</span> <span class='ocrx_word' id='word_1_203' title='bbox 923 1748 956 1779; x_wconf 82' lang='lat' dir='ltr'>in</span> <span class='ocrx_word' id='word_1_204' title='bbox 989 1757 1038 1778; x_wconf 88' lang='lat' dir='ltr'>ore</span> <span class='ocrx_word' id='word_1_205' title='bbox 1069 1748 1164 1779; x_wconf 83' lang='lat' dir='ltr'>unius</span> 
     </span>
     <span class='ocr_line' id='line_1_33' title="bbox 190 1794 283 1825; baseline 0.011 -1"><span class='ocrx_word' id='word_1_206' title='bbox 190 1794 283 1825; x_wconf 76' lang='lat' dir='ltr'>testis.</span> 
     </span>
    </p>
   </div>
   <div class='ocr_carea' id='block_1_5' title="bbox 509 1961 851 1994">
    <p class='ocr_par' dir='ltr' id='par_1_7' title="bbox 509 1961 851 1994">
     <span class='ocr_line' id='line_1_34' title="bbox 509 1961 851 1994; baseline -0.003 -1"><span class='ocrx_word' id='word_1_207' title='bbox 509 1962 572 1993; x_wconf 88' lang='lat' dir='ltr'>EX</span> <span class='ocrx_word' id='word_1_208' title='bbox 596 1962 729 1994; x_wconf 88' lang='lat' dir='ltr'>DEUT.</span> <span class='ocrx_word' id='word_1_209' title='bbox 754 1961 851 1993; x_wconf 85' lang='lat' dir='ltr'>XIX.</span> 
     </span>
    </p>
   </div>
   <div class='ocr_carea' id='block_1_6' title="bbox 192 2048 1166 2208">
    <p class='ocr_par' dir='ltr' id='par_1_8' title="bbox 192 2048 1166 2208">
     <span class='ocr_line' id='line_1_35' title="bbox 281 2048 1164 2087; baseline 0 -9"><span class='ocrx_word' id='word_1_210' title='bbox 281 2050 329 2079; x_wconf 74' lang='lat'>15.</span> <span class='ocrx_word' id='word_1_211' title='bbox 367 2049 437 2080; x_wconf 80' lang='lat' dir='ltr'>Non</span> <span class='ocrx_word' id='word_1_212' title='bbox 466 2048 558 2079; x_wconf 61' lang='lat' dir='ltr'>stabit</span> <span class='ocrx_word' id='word_1_213' title='bbox 587 2049 672 2079; x_wconf 76' lang='lat' dir='ltr'>testis</span> <span class='ocrx_word' id='word_1_214' title='bbox 694 2058 776 2078; x_wconf 80' lang='lat' dir='ltr'>unus</span> <span class='ocrx_word' id='word_1_215' title='bbox 800 2050 904 2079; x_wconf 81' lang='lat' dir='ltr'>contra</span> <span class='ocrx_word' id='word_1_216' title='bbox 927 2057 1109 2087; x_wconf 76' lang='lat' dir='ltr'>quemquam</span> <span class='ocrx_word' id='word_1_217' title='bbox 1133 2048 1164 2078; x_wconf 83' lang='lat' dir='ltr'>in</span> 
     </span>
     <span class='ocr_line' id='line_1_36' title="bbox 195 2090 1166 2132; baseline 0.001 -12"><span class='ocrx_word' id='word_1_218' title='bbox 195 2102 376 2132; x_wconf 75' lang='lat' dir='ltr'>quacunque</span> <span class='ocrx_word' id='word_1_219' title='bbox 409 2092 588 2131; x_wconf 65' lang='lat' dir='ltr'>iniquitate,</span> <span class='ocrx_word' id='word_1_220' title='bbox 618 2094 645 2122; x_wconf 86' lang='lat' dir='ltr'>et</span> <span class='ocrx_word' id='word_1_221' title='bbox 672 2091 705 2121; x_wconf 84' lang='lat' dir='ltr'>in</span> <span class='ocrx_word' id='word_1_222' title='bbox 736 2101 913 2130; x_wconf 76' lang='lat' dir='ltr'>quocunque</span> <span class='ocrx_word' id='word_1_223' title='bbox 937 2093 1058 2129; x_wconf 75' lang='lat' dir='ltr'>peccato</span> <span class='ocrx_word' id='word_1_224' title='bbox 1086 2090 1166 2129; x_wconf 79' lang='lat' dir='ltr'>quod</span> 
     </span>
     <span class='ocr_line' id='line_1_37' title="bbox 192 2134 1165 2174; baseline 0 -10"><span class='ocrx_word' id='word_1_225' title='bbox 192 2136 377 2174; x_wconf 70' lang='lat' dir='ltr'>peccat-erit:</span> <span class='ocrx_word' id='word_1_226' title='bbox 408 2135 438 2165; x_wconf 78' lang='lat' dir='ltr'>in</span> <span class='ocrx_word' id='word_1_227' title='bbox 469 2145 518 2165; x_wconf 81' lang='lat' dir='ltr'>ore</span> <span class='ocrx_word' id='word_1_228' title='bbox 545 2135 676 2165; x_wconf 79' lang='lat' dir='ltr'>duorum</span> <span class='ocrx_word' id='word_1_229' title='bbox 704 2134 827 2164; x_wconf 75' lang='lat' dir='ltr'>testium</span> <span class='ocrx_word' id='word_1_230' title='bbox 854 2134 901 2165; x_wconf 66' lang='lat' dir='ltr'>vet</span> <span class='ocrx_word' id='word_1_231' title='bbox 930 2134 963 2164; x_wconf 66' lang='lat' dir='ltr'>‘in</span> <span class='ocrx_word' id='word_1_232' title='bbox 993 2143 1043 2164; x_wconf 80' lang='lat' dir='ltr'>ore</span> <span class='ocrx_word' id='word_1_233' title='bbox 1069 2134 1165 2164; x_wconf 81' lang='lat' dir='ltr'>trium</span> 
     </span>
     <span class='ocr_line' id='line_1_38' title="bbox 195 2177 586 2208; baseline -0.003 0"><span class='ocrx_word' id='word_1_234' title='bbox 195 2179 315 2208; x_wconf 66' lang='lat' dir='ltr'>testium</span> <span class='ocrx_word' id='word_1_235' title='bbox 339 2178 429 2208; x_wconf 67' lang='lat' dir='ltr'>stabit</span> <span class='ocrx_word' id='word_1_236' title='bbox 453 2177 586 2208; x_wconf 79' lang='lat' dir='ltr'>verbum.</span> 
     </span>
    </p>
   </div>
   <div class='ocr_carea' id='block_1_7' title="bbox 197 2260 1164 2687">
    <p class='ocr_par' dir='ltr' id='par_1_9' title="bbox 197 2260 1164 2687">
     <span class='ocr_line' id='line_1_39' title="bbox 282 2260 1163 2302; baseline -0.002 -9"><span class='ocrx_word' id='word_1_237' title='bbox 282 2264 386 2294; x_wconf 58' lang='lat' dir='ltr'>Sicuti</span> <span class='ocrx_word' id='word_1_238' title='bbox 411 2264 567 2294; x_wconf 63' lang='lat' dir='ltr'>severitus</span> <span class='ocrx_word' id='word_1_239' title='bbox 587 2263 618 2293; x_wconf 91' lang='lat' dir='ltr'>in</span> <span class='ocrx_word' id='word_1_240' title='bbox 640 2262 801 2296; x_wconf 68' lang='lat' dir='ltr'>exigenda</span> <span class='ocrx_word' id='word_1_241' title='bbox 820 2272 932 2302; x_wconf 84' lang='lat' dir='ltr'>poena,</span> <span class='ocrx_word' id='word_1_242' title='bbox 958 2260 1009 2291; x_wconf 90' lang='lat' dir='ltr'>ubi</span> <span class='ocrx_word' id='word_1_243' title='bbox 1033 2260 1163 2292; x_wconf 87' lang='lat' dir='ltr'>caedem</span> 
     </span>
     <span class='ocr_line' id='line_1_40' title="bbox 198 2303 1164 2345; baseline -0.002 -9"><span class='ocrx_word' id='word_1_244' title='bbox 198 2307 312 2337; x_wconf 81' lang='lat' dir='ltr'>factum</span> <span class='ocrx_word' id='word_1_245' title='bbox 339 2318 409 2337; x_wconf 74' lang='lat' dir='ltr'>esse</span> <span class='ocrx_word' id='word_1_246' title='bbox 433 2312 575 2341; x_wconf 70' lang='lat' dir='ltr'>constat,</span> <span class='ocrx_word' id='word_1_247' title='bbox 600 2305 740 2336; x_wconf 75' lang='lat' dir='ltr'>ostendit</span> <span class='ocrx_word' id='word_1_248' title='bbox 764 2305 877 2345; x_wconf 87' lang='lat' dir='ltr'>quanti</span> <span class='ocrx_word' id='word_1_249' title='bbox 902 2305 1050 2335; x_wconf 85' lang='lat' dir='ltr'>aestimet</span> <span class='ocrx_word' id='word_1_250' title='bbox 1075 2303 1164 2334; x_wconf 83' lang='lat' dir='ltr'>Deus</span> 
     </span>
     <span class='ocr_line' id='line_1_41' title="bbox 198 2346 1163 2385; baseline -0.003 -6"><span class='ocrx_word' id='word_1_251' title='bbox 198 2349 363 2379; x_wconf 83' lang='lat' dir='ltr'>hominum</span> <span class='ocrx_word' id='word_1_252' title='bbox 400 2350 517 2385; x_wconf 77' lang='lat' dir='ltr'>vitam,</span> <span class='ocrx_word' id='word_1_253' title='bbox 554 2350 596 2378; x_wconf 81' lang='lat' dir='ltr'>ita</span> <span class='ocrx_word' id='word_1_254' title='bbox 624 2348 759 2378; x_wconf 71' lang='lat' dir='ltr'>candem</span> <span class='ocrx_word' id='word_1_255' title='bbox 791 2346 1005 2379; x_wconf 86' lang='lat' dir='ltr'>conservandi</span> <span class='ocrx_word' id='word_1_256' title='bbox 1039 2346 1163 2376; x_wconf 81' lang='lat' dir='ltr'>innoxii</span> 
     </span>
     <span class='ocr_line' id='line_1_42' title="bbox 197 2388 1162 2430; baseline -0.002 -9"><span class='ocrx_word' id='word_1_257' title='bbox 197 2393 364 2425; x_wconf 54' lang='lat' dir='ltr'>sanguinis</span> <span class='ocrx_word' id='word_1_258' title='bbox 388 2403 495 2422; x_wconf 75' lang='lat' dir='ltr'>curam</span> <span class='ocrx_word' id='word_1_259' title='bbox 529 2392 669 2421; x_wconf 59' lang='lat' dir='ltr'>declarat</span> <span class='ocrx_word' id='word_1_260' title='bbox 702 2401 782 2430; x_wconf 83' lang='lat' dir='ltr'>quae</span> <span class='ocrx_word' id='word_1_261' title='bbox 812 2391 864 2421; x_wconf 79' lang='lat' dir='ltr'>hic</span> <span class='ocrx_word' id='word_1_262' title='bbox 895 2391 1026 2430; x_wconf 82' lang='lat' dir='ltr'>ponitur</span> <span class='ocrx_word' id='word_1_263' title='bbox 1056 2388 1162 2419; x_wconf 82' lang='lat' dir='ltr'>mode-</span> 
     </span>
     <span class='ocr_line' id='line_1_43' title="bbox 199 2430 1162 2472; baseline -0.003 -8"><span class='ocrx_word' id='word_1_264' title='bbox 199 2436 288 2464; x_wconf 78' lang='lat' dir='ltr'>ratio.</span> <span class='ocrx_word' id='word_1_265' title='bbox 336 2436 420 2472; x_wconf 73' lang='lat' dir='ltr'>Quia</span> <span class='ocrx_word' id='word_1_266' title='bbox 451 2436 536 2464; x_wconf 88' lang='lat' dir='ltr'>enim</span> <span class='ocrx_word' id='word_1_267' title='bbox 568 2435 668 2464; x_wconf 75' lang='lat' dir='ltr'>nimia</span> <span class='ocrx_word' id='word_1_268' title='bbox 699 2433 875 2464; x_wconf 71' lang='lat' dir='ltr'>crudelitas</span> <span class='ocrx_word' id='word_1_269' title='bbox 908 2443 1002 2472; x_wconf 79' lang='lat' dir='ltr'>saepe</span> <span class='ocrx_word' id='word_1_270' title='bbox 1026 2430 1162 2462; x_wconf 88' lang='lat' dir='ltr'>iudicem</span> 
     </span>
     <span class='ocr_line' id='line_1_44' title="bbox 198 2475 1163 2516; baseline -0.003 -10"><span class='ocrx_word' id='word_1_271' title='bbox 198 2478 373 2516; x_wconf 58' lang='lat' dir='ltr'>impl-llorvt</span> <span class='ocrx_word' id='word_1_272' title='bbox 394 2478 433 2508; x_wconf 82' lang='lat' dir='ltr'>ad</span> <span class='ocrx_word' id='word_1_273' title='bbox 459 2479 601 2507; x_wconf 60' lang='lat' dir='ltr'>insontes</span> <span class='ocrx_word' id='word_1_274' title='bbox 626 2476 834 2513; x_wconf 77' lang='lat' dir='ltr'>damnandos,</span> <span class='ocrx_word' id='word_1_275' title='bbox 860 2476 934 2506; x_wconf 88' lang='lat' dir='ltr'>huic</span> <span class='ocrx_word' id='word_1_276' title='bbox 954 2475 1037 2505; x_wconf 84' lang='lat' dir='ltr'>malo</span> <span class='ocrx_word' id='word_1_277' title='bbox 1062 2484 1163 2504; x_wconf 81' lang='lat' dir='ltr'>remc-</span> 
     </span>
     <span class='ocr_line' id='line_1_45' title="bbox 197 2517 1163 2555; baseline -0.002 -7"><span class='ocrx_word' id='word_1_278' title='bbox 197 2520 283 2549; x_wconf 80' lang='lat' dir='ltr'>‹liuin</span> <span class='ocrx_word' id='word_1_279' title='bbox 311 2520 398 2550; x_wconf 60' lang='lat' dir='ltr'>Deus</span> <span class='ocrx_word' id='word_1_280' title='bbox 424 2521 569 2553; x_wconf 68' lang='lat' dir='ltr'>adhibet,</span> <span class='ocrx_word' id='word_1_281' title='bbox 600 2520 652 2549; x_wconf 83' lang='lat' dir='ltr'>ubi</span> <span class='ocrx_word' id='word_1_282' title='bbox 681 2520 820 2555; x_wconf 77' lang='lat' dir='ltr'>crimen,</span> <span class='ocrx_word' id='word_1_283' title='bbox 853 2519 911 2549; x_wconf 79' lang='lat' dir='ltr'>nisi</span> <span class='ocrx_word' id='word_1_284' title='bbox 944 2518 1045 2548; x_wconf 81' lang='lat' dir='ltr'>firmis</span> <span class='ocrx_word' id='word_1_285' title='bbox 1074 2517 1163 2547; x_wconf 87' lang='lat' dir='ltr'>testi-</span> 
     </span>
     <span class='ocr_line' id='line_1_46' title="bbox 198 2559 1161 2602; baseline -0.002 -11"><span class='ocrx_word' id='word_1_286' title='bbox 198 2564 314 2593; x_wconf 60' lang='lat' dir='ltr'>moniis</span> <span class='ocrx_word' id='word_1_287' title='bbox 347 2563 533 2602; x_wconf 69' lang='lat' dir='ltr'>probatum,</span> <span class='ocrx_word' id='word_1_288' title='bbox 566 2562 672 2602; x_wconf 80' lang='lat' dir='ltr'>puniri</span> <span class='ocrx_word' id='word_1_289' title='bbox 706 2566 801 2593; x_wconf 77' lang='lat' dir='ltr'>vetut.</span> <span class='ocrx_word' id='word_1_290' title='bbox 849 2562 919 2592; x_wconf 76' lang='lat' dir='ltr'>Etsi</span> <span class='ocrx_word' id='word_1_291' title='bbox 953 2571 1028 2590; x_wconf 85' lang='lat' dir='ltr'>vero</span> <span class='ocrx_word' id='word_1_292' title='bbox 1060 2559 1161 2599; x_wconf 84' lang='lat' dir='ltr'>legem</span> 
     </span>
     <span class='ocr_line' id='line_1_47' title="bbox 197 2603 1162 2644; baseline -0.002 -10"><span class='ocrx_word' id='word_1_293' title='bbox 197 2605 279 2635; x_wconf 70' lang='lat' dir='ltr'>hunc</span> <span class='ocrx_word' id='word_1_294' title='bbox 305 2607 495 2635; x_wconf 67' lang='lat' dir='ltr'>naturaliter</span> <span class='ocrx_word' id='word_1_295' title='bbox 527 2606 697 2644; x_wconf 67' lang='lat' dir='ltr'>insculpsit</span> <span class='ocrx_word' id='word_1_296' title='bbox 727 2604 870 2635; x_wconf 89' lang='lat' dir='ltr'>omnium</span> <span class='ocrx_word' id='word_1_297' title='bbox 901 2603 1066 2639; x_wconf 76' lang='lat' dir='ltr'>cordibus,</span> <span class='ocrx_word' id='word_1_298' title='bbox 1100 2612 1162 2641; x_wconf 89' lang='lat' dir='ltr'>quo</span> 
     </span>
     <span class='ocr_line' id='line_1_48' title="bbox 197 2645 1162 2687; baseline -0.002 -11"><span class='ocrx_word' id='word_1_299' title='bbox 197 2653 302 2677; x_wconf 68' lang='lat' dir='ltr'>tamen</span> <span class='ocrx_word' id='word_1_300' title='bbox 338 2650 479 2679; x_wconf 56' lang='lat' dir='ltr'>sanctior</span> <span class='ocrx_word' id='word_1_301' title='bbox 520 2655 603 2678; x_wconf 72' lang='lat' dir='ltr'>essct</span> <span class='ocrx_word' id='word_1_302' title='bbox 645 2648 826 2678; x_wconf 68' lang='lat' dir='ltr'>observatio</span> <span class='ocrx_word' id='word_1_303' title='bbox 866 2646 951 2687; x_wconf 90' lang='lat' dir='ltr'>apud</span> <span class='ocrx_word' id='word_1_304' title='bbox 988 2645 1162 2683; x_wconf 56' lang='lat' dir='ltr'>hmilitas,</span> 
     </span>
    </p>
   </div>
   <div class='ocr_carea' id='block_1_8' title="bbox 919 196 1452 230">
    <p class='ocr_par' dir='ltr' id='par_1_10' title="bbox 919 196 1452 230">
     <span class='ocr_line' id='line_1_49' title="bbox 919 196 1452 230; baseline 0.004 -2"><span class='ocrx_word' id='word_1_305' title='bbox 919 196 1109 229; x_wconf 82' lang='lat' dir='ltr'>SEXTUM</span> <span class='ocrx_word' id='word_1_306' title='bbox 1132 197 1452 230; x_wconf 82' lang='lat' dir='ltr'>PRAECEPTUM.</span> 
     </span>
    </p>
   </div>
   <div class='ocr_carea' id='block_1_9' title="bbox 1189 1544 1193 2668">
    <p class='ocr_par' dir='ltr' id='par_1_11' title="bbox 1189 1544 1193 2668">
     <span class='ocr_line' id='line_1_50' title="bbox 1189 1544 1193 2668; baseline 0 0"><span class='ocrx_word' id='word_1_307' title='bbox 1189 1544 1193 2668; x_wconf 95' lang='lat' dir='ltr'> </span> 
     </span>
    </p>
   </div>
   <div class='ocr_carea' id='block_1_10' title="bbox 2119 197 2182 229">
    <p class='ocr_par' dir='ltr' id='par_1_12' title="bbox 2119 197 2182 229">
     <span class='ocr_line' id='line_1_51' title="bbox 2119 197 2182 229; baseline 0 0"><span class='ocrx_word' id='word_1_308' title='bbox 2119 197 2182 229; x_wconf 81' lang='lat'>628</span> 
     </span>
    </p>
   </div>
   <div class='ocr_carea' id='block_1_11' title="bbox 1212 291 2183 674">
    <p class='ocr_par' dir='ltr' id='par_1_13' title="bbox 1212 291 2183 674">
     <span class='ocr_line' id='line_1_52' title="bbox 1213 291 2182 333; baseline 0.001 -11"><span class='ocrx_word' id='word_1_309' title='bbox 1213 292 1309 323; x_wconf 80' lang='lat' dir='ltr'>scribi</span> <span class='ocrx_word' id='word_1_310' title='bbox 1334 292 1454 324; x_wconf 84' lang='lat' dir='ltr'>voluit:</span> <span class='ocrx_word' id='word_1_311' title='bbox 1485 293 1560 333; x_wconf 88' lang='lat' dir='ltr'>quia</span> <span class='ocrx_word' id='word_1_312' title='bbox 1590 293 1673 324; x_wconf 91' lang='lat' dir='ltr'>nihil</span> <span class='ocrx_word' id='word_1_313' title='bbox 1704 291 1809 332; x_wconf 87' lang='lat' dir='ltr'>magis</span> <span class='ocrx_word' id='word_1_314' title='bbox 1839 291 2055 331; x_wconf 88' lang='lat' dir='ltr'>periculosum</span> <span class='ocrx_word' id='word_1_315' title='bbox 2085 302 2182 332; x_wconf 88' lang='lat' dir='ltr'>quam</span> 
     </span>
     <span class='ocr_line' id='line_1_53' title="bbox 1214 334 2182 376; baseline 0.001 -11"><span class='ocrx_word' id='word_1_316' title='bbox 1214 335 1310 366; x_wconf 85' lang='lat' dir='ltr'>unius</span> <span class='ocrx_word' id='word_1_317' title='bbox 1343 334 1486 366; x_wconf 90' lang='lat' dir='ltr'>hominis</span> <span class='ocrx_word' id='word_1_318' title='bbox 1520 336 1652 376; x_wconf 85' lang='lat' dir='ltr'>linguae</span> <span class='ocrx_word' id='word_1_319' title='bbox 1686 334 1844 366; x_wconf 85' lang='lat' dir='ltr'>subiicere</span> <span class='ocrx_word' id='word_1_320' title='bbox 1876 334 2032 375; x_wconf 85' lang='lat' dir='ltr'>cuiusque</span> <span class='ocrx_word' id='word_1_321' title='bbox 2065 335 2182 366; x_wconf 80' lang='lat' dir='ltr'>vitam:</span> 
     </span>
     <span class='ocr_line' id='line_1_54' title="bbox 1213 376 2182 410; baseline 0.001 -2"><span class='ocrx_word' id='word_1_322' title='bbox 1213 377 1269 408; x_wconf 90' lang='lat' dir='ltr'>ubi</span> <span class='ocrx_word' id='word_1_323' title='bbox 1293 382 1400 409; x_wconf 88' lang='lat' dir='ltr'>autem</span> <span class='ocrx_word' id='word_1_324' title='bbox 1425 389 1603 410; x_wconf 83' lang='lat' dir='ltr'>consensus</span> <span class='ocrx_word' id='word_1_325' title='bbox 1633 378 1771 409; x_wconf 87' lang='lat' dir='ltr'>duorum</span> <span class='ocrx_word' id='word_1_326' title='bbox 1804 376 1853 407; x_wconf 89' lang='lat' dir='ltr'>vel</span> <span class='ocrx_word' id='word_1_327' title='bbox 1877 376 1976 408; x_wconf 89' lang='lat' dir='ltr'>trium</span> <span class='ocrx_word' id='word_1_328' title='bbox 2000 377 2083 408; x_wconf 86' lang='lat' dir='ltr'>serio</span> <span class='ocrx_word' id='word_1_329' title='bbox 2106 388 2182 409; x_wconf 83' lang='lat' dir='ltr'>exa-</span> 
     </span>
     <span class='ocr_line' id='line_1_55' title="bbox 1213 419 2183 461; baseline 0.002 -11"><span class='ocrx_word' id='word_1_330' title='bbox 1213 421 1372 457; x_wconf 88' lang='lat' dir='ltr'>minatur,</span> <span class='ocrx_word' id='word_1_331' title='bbox 1408 425 1444 451; x_wconf 87' lang='lat' dir='ltr'>ut</span> <span class='ocrx_word' id='word_1_332' title='bbox 1478 421 1655 461; x_wconf 88' lang='lat' dir='ltr'>plurimum</span> <span class='ocrx_word' id='word_1_333' title='bbox 1687 419 1887 460; x_wconf 86' lang='lat' dir='ltr'>deprehendi</span> <span class='ocrx_word' id='word_1_334' title='bbox 1919 424 2026 459; x_wconf 82' lang='lat' dir='ltr'>potest</span> <span class='ocrx_word' id='word_1_335' title='bbox 2059 420 2087 451; x_wconf 89' lang='lat' dir='ltr'>si</span> <span class='ocrx_word' id='word_1_336' title='bbox 2119 431 2183 460; x_wconf 85' lang='lat' dir='ltr'>qua</span> 
     </span>
     <span class='ocr_line' id='line_1_56' title="bbox 1213 462 2181 504; baseline 0.001 -11"><span class='ocrx_word' id='word_1_337' title='bbox 1213 462 1291 493; x_wconf 89' lang='lat' dir='ltr'>latet</span> <span class='ocrx_word' id='word_1_338' title='bbox 1315 463 1446 495; x_wconf 85' lang='lat' dir='ltr'>falsitas.</span> <span class='ocrx_word' id='word_1_339' title='bbox 1492 464 1582 504; x_wconf 86' lang='lat' dir='ltr'>Ergo</span> <span class='ocrx_word' id='word_1_340' title='bbox 1606 474 1646 494; x_wconf 87' lang='lat' dir='ltr'>ne</span> <span class='ocrx_word' id='word_1_341' title='bbox 1670 463 1720 494; x_wconf 93' lang='lat' dir='ltr'>vel</span> <span class='ocrx_word' id='word_1_342' title='bbox 1745 462 1871 494; x_wconf 90' lang='lat' dir='ltr'>levibus</span> <span class='ocrx_word' id='word_1_343' title='bbox 1894 462 2104 501; x_wconf 89' lang='lat' dir='ltr'>coniecturis,</span> <span class='ocrx_word' id='word_1_344' title='bbox 2130 463 2181 494; x_wconf 89' lang='lat' dir='ltr'>vel</span> 
     </span>
     <span class='ocr_line' id='line_1_57' title="bbox 1213 504 2183 546; baseline 0 -10"><span class='ocrx_word' id='word_1_345' title='bbox 1213 515 1328 545; x_wconf 85' lang='lat' dir='ltr'>parum</span> <span class='ocrx_word' id='word_1_346' title='bbox 1353 505 1479 537; x_wconf 87' lang='lat' dir='ltr'>idoneis</span> <span class='ocrx_word' id='word_1_347' title='bbox 1503 506 1734 544; x_wconf 78' lang='lat' dir='ltr'>delationibus,</span> <span class='ocrx_word' id='word_1_348' title='bbox 1760 505 1810 536; x_wconf 89' lang='lat' dir='ltr'>vel</span> <span class='ocrx_word' id='word_1_349' title='bbox 1834 505 1953 545; x_wconf 89' lang='lat' dir='ltr'>iniquis</span> <span class='ocrx_word' id='word_1_350' title='bbox 1976 504 2183 546; x_wconf 86' lang='lat' dir='ltr'>praeiudiciis</span> 
     </span>
     <span class='ocr_line' id='line_1_58' title="bbox 1213 548 2182 589; baseline 0.001 -11"><span class='ocrx_word' id='word_1_351' title='bbox 1213 554 1335 580; x_wconf 88' lang='lat' dir='ltr'>temere</span> <span class='ocrx_word' id='word_1_352' title='bbox 1353 550 1522 589; x_wconf 89' lang='lat' dir='ltr'>quisquam</span> <span class='ocrx_word' id='word_1_353' title='bbox 1543 549 1724 586; x_wconf 80' lang='lat' dir='ltr'>damnetur,</span> <span class='ocrx_word' id='word_1_354' title='bbox 1749 559 1785 579; x_wconf 89' lang='lat' dir='ltr'>ac</span> <span class='ocrx_word' id='word_1_355' title='bbox 1804 548 1850 578; x_wconf 89' lang='lat' dir='ltr'>ita</span> <span class='ocrx_word' id='word_1_356' title='bbox 1868 549 2072 588; x_wconf 85' lang='lat' dir='ltr'>opprimatur</span> <span class='ocrx_word' id='word_1_357' title='bbox 2089 548 2182 579; x_wconf 90' lang='lat' dir='ltr'>inno-</span> 
     </span>
     <span class='ocr_line' id='line_1_59' title="bbox 1213 591 2183 631; baseline 0.001 -10"><span class='ocrx_word' id='word_1_358' title='bbox 1213 592 1326 629; x_wconf 86' lang='lat' dir='ltr'>centia,</span> <span class='ocrx_word' id='word_1_359' title='bbox 1350 591 1442 623; x_wconf 90' lang='lat' dir='ltr'>Deus</span> <span class='ocrx_word' id='word_1_360' title='bbox 1461 602 1495 623; x_wconf 89' lang='lat' dir='ltr'>se</span> <span class='ocrx_word' id='word_1_361' title='bbox 1514 592 1656 622; x_wconf 87' lang='lat' dir='ltr'>medium</span> <span class='ocrx_word' id='word_1_362' title='bbox 1680 591 1822 631; x_wconf 84' lang='lat' dir='ltr'>opponit,</span> <span class='ocrx_word' id='word_1_363' title='bbox 1847 601 1906 622; x_wconf 88' lang='lat' dir='ltr'>nec</span> <span class='ocrx_word' id='word_1_364' title='bbox 1928 591 2050 631; x_wconf 86' lang='lat' dir='ltr'>patitur</span> <span class='ocrx_word' id='word_1_365' title='bbox 2072 600 2183 631; x_wconf 86' lang='lat' dir='ltr'>quem-</span> 
     </span>
     <span class='ocr_line' id='line_1_60' title="bbox 1212 633 2029 674; baseline -0.001 -9"><span class='ocrx_word' id='word_1_366' title='bbox 1212 644 1308 673; x_wconf 89' lang='lat' dir='ltr'>quam</span> <span class='ocrx_word' id='word_1_367' title='bbox 1333 634 1445 666; x_wconf 90' lang='lat' dir='ltr'>durius</span> <span class='ocrx_word' id='word_1_368' title='bbox 1469 635 1601 666; x_wconf 85' lang='lat' dir='ltr'>tractari</span> <span class='ocrx_word' id='word_1_369' title='bbox 1626 635 1687 666; x_wconf 83' lang='lat' dir='ltr'>nisi</span> <span class='ocrx_word' id='word_1_370' title='bbox 1711 634 1811 674; x_wconf 84' lang='lat' dir='ltr'>probe</span> <span class='ocrx_word' id='word_1_371' title='bbox 1834 633 2029 665; x_wconf 80' lang='lat' dir='ltr'>convictum.</span> 
     </span>
    </p>
   </div>
   <div class='ocr_carea' id='block_1_12' title="bbox 1519 802 1878 835">
    <p class='ocr_par' dir='ltr' id='par_1_14' title="bbox 1519 802 1878 835">
     <span class='ocr_line' id='line_1_61' title="bbox 1519 802 1878 835; baseline -0.006 0"><span class='ocrx_word' id='word_1_372' title='bbox 1519 804 1583 835; x_wconf 87' lang='lat' dir='ltr'>EX</span> <span class='ocrx_word' id='word_1_373' title='bbox 1606 802 1739 834; x_wconf 82' lang='lat' dir='ltr'>DEUT.</span> <span class='ocrx_word' id='word_1_374' title='bbox 1763 802 1878 834; x_wconf 86' lang='lat' dir='ltr'>XXII.</span> 
     </span>
    </p>
   </div>
   <div class='ocr_carea' id='block_1_13' title="bbox 1213 888 2183 1014">
    <p class='ocr_par' dir='ltr' id='par_1_15' title="bbox 1213 888 2183 1014">
     <span class='ocr_line' id='line_1_62' title="bbox 1300 888 2183 928; baseline 0.002 -7"><span class='ocrx_word' id='word_1_375' title='bbox 1300 890 1328 921; x_wconf 88' lang='lat'>8.</span> <span class='ocrx_word' id='word_1_376' title='bbox 1354 889 1391 921; x_wconf 84' lang='lat' dir='ltr'>Si</span> <span class='ocrx_word' id='word_1_377' title='bbox 1414 889 1630 924; x_wconf 72' lang='lat' dir='ltr'>aedificaveris</span> <span class='ocrx_word' id='word_1_378' title='bbox 1652 888 1775 919; x_wconf 81' lang='lat' dir='ltr'>domum</span> <span class='ocrx_word' id='word_1_379' title='bbox 1797 898 1923 926; x_wconf 82' lang='lat' dir='ltr'>novam,</span> <span class='ocrx_word' id='word_1_380' title='bbox 1945 888 2043 928; x_wconf 80' lang='lat' dir='ltr'>facies</span> <span class='ocrx_word' id='word_1_381' title='bbox 2064 890 2183 923; x_wconf 76' lang='lat' dir='ltr'>tabula-</span> 
     </span>
     <span class='ocr_line' id='line_1_63' title="bbox 1213 932 2182 974; baseline 0.003 -11"><span class='ocrx_word' id='word_1_382' title='bbox 1213 934 1278 964; x_wconf 82' lang='lat' dir='ltr'>tum</span> <span class='ocrx_word' id='word_1_383' title='bbox 1295 943 1356 972; x_wconf 79' lang='lat' dir='ltr'>per</span> <span class='ocrx_word' id='word_1_384' title='bbox 1377 932 1541 964; x_wconf 68' lang='lat' dir='ltr'>circuitum</span> <span class='ocrx_word' id='word_1_385' title='bbox 1564 932 1596 962; x_wconf 76' lang='lat' dir='ltr'>in</span> <span class='ocrx_word' id='word_1_386' title='bbox 1620 934 1690 962; x_wconf 80' lang='lat' dir='ltr'>tecto</span> <span class='ocrx_word' id='word_1_387' title='bbox 1713 934 1778 963; x_wconf 86' lang='lat' dir='ltr'>tuo:</span> <span class='ocrx_word' id='word_1_388' title='bbox 1807 941 1859 963; x_wconf 81' lang='lat' dir='ltr'>nec</span> <span class='ocrx_word' id='word_1_389' title='bbox 1881 941 1979 971; x_wconf 73' lang='lat' dir='ltr'>pones</span> <span class='ocrx_word' id='word_1_390' title='bbox 2000 933 2182 974; x_wconf 72' lang='lat' dir='ltr'>sanquinem</span> 
     </span>
     <span class='ocr_line' id='line_1_64' title="bbox 1213 974 1960 1014; baseline -0.001 -8"><span class='ocrx_word' id='word_1_391' title='bbox 1213 975 1247 1006; x_wconf 80' lang='lat' dir='ltr'>in</span> <span class='ocrx_word' id='word_1_392' title='bbox 1269 976 1356 1007; x_wconf 75' lang='lat' dir='ltr'>domo</span> <span class='ocrx_word' id='word_1_393' title='bbox 1378 978 1441 1013; x_wconf 79' lang='lat' dir='ltr'>tua,</span> <span class='ocrx_word' id='word_1_394' title='bbox 1465 975 1493 1005; x_wconf 70' lang='lat' dir='ltr'>si</span> <span class='ocrx_word' id='word_1_395' title='bbox 1516 975 1676 1014; x_wconf 71' lang='lat' dir='ltr'>quispiam</span> <span class='ocrx_word' id='word_1_396' title='bbox 1698 974 1838 1005; x_wconf 83' lang='lat' dir='ltr'>ceciderit</span> <span class='ocrx_word' id='word_1_397' title='bbox 1861 984 1897 1005; x_wconf 71' lang='lat' dir='ltr'>ex</span> <span class='ocrx_word' id='word_1_398' title='bbox 1920 984 1960 1005; x_wconf 90' lang='lat' dir='ltr'>eo.</span> 
     </span>
    </p>
   </div>
   <div class='ocr_carea' id='block_1_14' title="bbox 1215 1059 2185 1659">
    <p class='ocr_par' dir='ltr' id='par_1_16' title="bbox 1215 1059 2185 1659">
     <span class='ocr_line' id='line_1_65' title="bbox 1301 1059 2182 1100; baseline 0.001 -9"><span class='ocrx_word' id='word_1_399' title='bbox 1301 1060 1372 1092; x_wconf 87' lang='lat' dir='ltr'>Hoc</span> <span class='ocrx_word' id='word_1_400' title='bbox 1395 1070 1520 1100; x_wconf 88' lang='lat' dir='ltr'>quoque</span> <span class='ocrx_word' id='word_1_401' title='bbox 1539 1062 1747 1100; x_wconf 87' lang='lat' dir='ltr'>praeceptum</span> <span class='ocrx_word' id='word_1_402' title='bbox 1767 1059 1806 1090; x_wconf 90' lang='lat' dir='ltr'>ad</span> <span class='ocrx_word' id='word_1_403' title='bbox 1827 1059 1988 1092; x_wconf 83' lang='lat' dir='ltr'>humanae</span> <span class='ocrx_word' id='word_1_404' title='bbox 2006 1061 2091 1092; x_wconf 85' lang='lat' dir='ltr'>vitae</span> <span class='ocrx_word' id='word_1_405' title='bbox 2109 1072 2182 1093; x_wconf 87' lang='lat' dir='ltr'>con-</span> 
     </span>
     <span class='ocr_line' id='line_1_66' title="bbox 1216 1102 2182 1144; baseline 0.002 -10"><span class='ocrx_word' id='word_1_406' title='bbox 1216 1103 1434 1134; x_wconf 83' lang='lat' dir='ltr'>servationem</span> <span class='ocrx_word' id='word_1_407' title='bbox 1463 1108 1594 1143; x_wconf 84' lang='lat' dir='ltr'>spectat.</span> <span class='ocrx_word' id='word_1_408' title='bbox 1639 1102 1769 1133; x_wconf 78' lang='lat' dir='ltr'>Scimus</span> <span class='ocrx_word' id='word_1_409' title='bbox 1797 1102 1927 1135; x_wconf 83' lang='lat' dir='ltr'>Iudaeis</span> <span class='ocrx_word' id='word_1_410' title='bbox 1956 1103 2052 1144; x_wconf 85' lang='lat' dir='ltr'>plana</span> <span class='ocrx_word' id='word_1_411' title='bbox 2080 1103 2182 1136; x_wconf 87' lang='lat' dir='ltr'>fuisse</span> 
     </span>
     <span class='ocr_line' id='line_1_67' title="bbox 1216 1145 2182 1185; baseline 0.001 -8"><span class='ocrx_word' id='word_1_412' title='bbox 1216 1152 1308 1185; x_wconf 86' lang='lat' dir='ltr'>tecta,</span> <span class='ocrx_word' id='word_1_413' title='bbox 1328 1152 1364 1177; x_wconf 89' lang='lat' dir='ltr'>ut</span> <span class='ocrx_word' id='word_1_414' title='bbox 1376 1147 1494 1177; x_wconf 83' lang='lat' dir='ltr'>liberae</span> <span class='ocrx_word' id='word_1_415' title='bbox 1508 1146 1572 1177; x_wconf 92' lang='lat' dir='ltr'>illic</span> <span class='ocrx_word' id='word_1_416' title='bbox 1585 1151 1692 1177; x_wconf 88' lang='lat' dir='ltr'>essent</span> <span class='ocrx_word' id='word_1_417' title='bbox 1712 1145 1955 1177; x_wconf 84' lang='lat' dir='ltr'>ambulationes.</span> <span class='ocrx_word' id='word_1_418' title='bbox 1986 1145 2022 1178; x_wconf 78' lang='lat' dir='ltr'>Si</span> <span class='ocrx_word' id='word_1_419' title='bbox 2042 1146 2182 1179; x_wconf 85' lang='lat' dir='ltr'>claustra</span> 
     </span>
     <span class='ocr_line' id='line_1_68' title="bbox 1216 1187 2182 1230; baseline 0.001 -10"><span class='ocrx_word' id='word_1_420' title='bbox 1216 1200 1281 1220; x_wconf 90' lang='lat' dir='ltr'>non</span> <span class='ocrx_word' id='word_1_421' title='bbox 1312 1190 1449 1220; x_wconf 89' lang='lat' dir='ltr'>fuissent</span> <span class='ocrx_word' id='word_1_422' title='bbox 1478 1190 1640 1229; x_wconf 84' lang='lat' dir='ltr'>opposita,</span> <span class='ocrx_word' id='word_1_423' title='bbox 1674 1187 1804 1220; x_wconf 86' lang='lat' dir='ltr'>lethalis</span> <span class='ocrx_word' id='word_1_424' title='bbox 1834 1188 1948 1221; x_wconf 85' lang='lat' dir='ltr'>fuisset</span> <span class='ocrx_word' id='word_1_425' title='bbox 1977 1189 2104 1230; x_wconf 84' lang='lat' dir='ltr'>lapsus:</span> <span class='ocrx_word' id='word_1_426' title='bbox 2136 1190 2182 1221; x_wconf 81' lang='lat' dir='ltr'>ita</span> 
     </span>
     <span class='ocr_line' id='line_1_69' title="bbox 1216 1231 2184 1274; baseline 0.002 -11"><span class='ocrx_word' id='word_1_427' title='bbox 1216 1242 1312 1272; x_wconf 84' lang='lat' dir='ltr'>saepe</span> <span class='ocrx_word' id='word_1_428' title='bbox 1336 1232 1449 1263; x_wconf 90' lang='lat' dir='ltr'>domus</span> <span class='ocrx_word' id='word_1_429' title='bbox 1473 1242 1585 1263; x_wconf 85' lang='lat' dir='ltr'>omnes</span> <span class='ocrx_word' id='word_1_430' title='bbox 1608 1231 1745 1262; x_wconf 85' lang='lat' dir='ltr'>fuissent</span> <span class='ocrx_word' id='word_1_431' title='bbox 1780 1232 1934 1263; x_wconf 85' lang='lat' dir='ltr'>funestae.</span> <span class='ocrx_word' id='word_1_432' title='bbox 1980 1232 2077 1264; x_wconf 87' lang='lat' dir='ltr'>Iubet</span> <span class='ocrx_word' id='word_1_433' title='bbox 2107 1243 2184 1274; x_wconf 87' lang='lat' dir='ltr'>ergo</span> 
     </span>
     <span class='ocr_line' id='line_1_70' title="bbox 1217 1274 2184 1307; baseline 0.002 -2"><span class='ocrx_word' id='word_1_434' title='bbox 1217 1276 1305 1306; x_wconf 86' lang='lat' dir='ltr'>Dens</span> <span class='ocrx_word' id='word_1_435' title='bbox 1329 1275 1480 1306; x_wconf 84' lang='lat' dir='ltr'>claustris</span> <span class='ocrx_word' id='word_1_436' title='bbox 1504 1275 1555 1306; x_wconf 89' lang='lat' dir='ltr'>vel</span> <span class='ocrx_word' id='word_1_437' title='bbox 1584 1274 1737 1306; x_wconf 87' lang='lat' dir='ltr'>cancellis</span> <span class='ocrx_word' id='word_1_438' title='bbox 1759 1274 1810 1306; x_wconf 85' lang='lat' dir='ltr'>vel</span> <span class='ocrx_word' id='word_1_439' title='bbox 1835 1275 1906 1306; x_wconf 87' lang='lat' dir='ltr'>aliis</span> <span class='ocrx_word' id='word_1_440' title='bbox 1929 1274 2089 1307; x_wconf 88' lang='lat' dir='ltr'>clausuris</span> <span class='ocrx_word' id='word_1_441' title='bbox 2112 1286 2184 1307; x_wconf 92' lang='lat' dir='ltr'>mu-</span> 
     </span>
     <span class='ocr_line' id='line_1_71' title="bbox 1216 1317 2184 1357; baseline 0.002 -9"><span class='ocrx_word' id='word_1_442' title='bbox 1216 1318 1280 1348; x_wconf 89' lang='lat' dir='ltr'>niri</span> <span class='ocrx_word' id='word_1_443' title='bbox 1320 1318 1506 1356; x_wconf 86' lang='lat' dir='ltr'>circuitum,</span> <span class='ocrx_word' id='word_1_444' title='bbox 1546 1322 1577 1348; x_wconf 83' lang='lat' dir='ltr'>et</span> <span class='ocrx_word' id='word_1_445' title='bbox 1617 1317 1747 1357; x_wconf 91' lang='lat' dir='ltr'>quidem</span> <span class='ocrx_word' id='word_1_446' title='bbox 1788 1327 1903 1349; x_wconf 86' lang='lat' dir='ltr'>severa</span> <span class='ocrx_word' id='word_1_447' title='bbox 1937 1317 2184 1350; x_wconf 84' lang='lat' dir='ltr'>denunciatione</span> 
     </span>
     <span class='ocr_line' id='line_1_72' title="bbox 1216 1360 2184 1401; baseline 0.002 -10"><span class='ocrx_word' id='word_1_448' title='bbox 1216 1361 1424 1400; x_wconf 85' lang='lat' dir='ltr'>interposita:</span> <span class='ocrx_word' id='word_1_449' title='bbox 1449 1360 1557 1392; x_wconf 89' lang='lat' dir='ltr'>domos</span> <span class='ocrx_word' id='word_1_450' title='bbox 1581 1361 1668 1391; x_wconf 89' lang='lat' dir='ltr'>enim</span> <span class='ocrx_word' id='word_1_451' title='bbox 1691 1360 1852 1400; x_wconf 87' lang='lat' dir='ltr'>sanguine</span> <span class='ocrx_word' id='word_1_452' title='bbox 1877 1361 2092 1392; x_wconf 88' lang='lat' dir='ltr'>contaminari</span> <span class='ocrx_word' id='word_1_453' title='bbox 2110 1372 2184 1401; x_wconf 90' lang='lat' dir='ltr'>pro—</span> 
     </span>
     <span class='ocr_line' id='line_1_73' title="bbox 1216 1403 2184 1444; baseline 0.002 -10"><span class='ocrx_word' id='word_1_454' title='bbox 1216 1404 1350 1435; x_wconf 83' lang='lat' dir='ltr'>nunciat</span> <span class='ocrx_word' id='word_1_455' title='bbox 1373 1404 1398 1435; x_wconf 85' lang='lat' dir='ltr'>si</span> <span class='ocrx_word' id='word_1_456' title='bbox 1423 1404 1493 1444; x_wconf 87' lang='lat' dir='ltr'>quis</span> <span class='ocrx_word' id='word_1_457' title='bbox 1513 1414 1551 1434; x_wconf 84' lang='lat' dir='ltr'>ex</span> <span class='ocrx_word' id='word_1_458' title='bbox 1572 1407 1656 1435; x_wconf 86' lang='lat' dir='ltr'>tecto</span> <span class='ocrx_word' id='word_1_459' title='bbox 1677 1413 1741 1433; x_wconf 92' lang='lat' dir='ltr'>non</span> <span class='ocrx_word' id='word_1_460' title='bbox 1761 1403 1871 1434; x_wconf 84' lang='lat' dir='ltr'>clauso</span> <span class='ocrx_word' id='word_1_461' title='bbox 1891 1403 2054 1436; x_wconf 86' lang='lat' dir='ltr'>deciderit.</span> <span class='ocrx_word' id='word_1_462' title='bbox 2089 1403 2184 1443; x_wconf 80' lang='lat' dir='ltr'>Quod</span> 
     </span>
     <span class='ocr_line' id='line_1_74' title="bbox 1216 1445 2185 1488; baseline 0.001 -11"><span class='ocrx_word' id='word_1_463' title='bbox 1216 1447 1241 1477; x_wconf 88' lang='lat' dir='ltr'>si</span> <span class='ocrx_word' id='word_1_464' title='bbox 1265 1447 1332 1477; x_wconf 87' lang='lat' dir='ltr'>sola</span> <span class='ocrx_word' id='word_1_465' title='bbox 1355 1447 1480 1478; x_wconf 88' lang='lat' dir='ltr'>incuria</span> <span class='ocrx_word' id='word_1_466' title='bbox 1503 1450 1686 1477; x_wconf 84' lang='lat' dir='ltr'>contractus</span> <span class='ocrx_word' id='word_1_467' title='bbox 1710 1445 1771 1477; x_wconf 86' lang='lat' dir='ltr'>fuit</span> <span class='ocrx_word' id='word_1_468' title='bbox 1795 1451 1920 1484; x_wconf 86' lang='lat' dir='ltr'>reatus,</span> <span class='ocrx_word' id='word_1_469' title='bbox 1952 1446 2027 1479; x_wconf 83' lang='lat' dir='ltr'>hinc</span> <span class='ocrx_word' id='word_1_470' title='bbox 2049 1450 2185 1488; x_wconf 84' lang='lat' dir='ltr'>apparet</span> 
     </span>
     <span class='ocr_line' id='line_1_75' title="bbox 1215 1488 2183 1529; baseline 0.001 -9"><span class='ocrx_word' id='word_1_471' title='bbox 1215 1495 1412 1529; x_wconf 89' lang='lat' dir='ltr'>quantopere</span> <span class='ocrx_word' id='word_1_472' title='bbox 1432 1490 1521 1520; x_wconf 84' lang='lat' dir='ltr'>Deus</span> <span class='ocrx_word' id='word_1_473' title='bbox 1544 1490 1747 1520; x_wconf 88' lang='lat' dir='ltr'>abominetur</span> <span class='ocrx_word' id='word_1_474' title='bbox 1771 1488 1978 1521; x_wconf 84' lang='lat' dir='ltr'>deliberatam</span> <span class='ocrx_word' id='word_1_475' title='bbox 2003 1490 2183 1521; x_wconf 85' lang='lat' dir='ltr'>saevitiam.</span> 
     </span>
     <span class='ocr_line' id='line_1_76' title="bbox 1215 1532 2184 1573; baseline 0.003 -11"><span class='ocrx_word' id='word_1_476' title='bbox 1215 1533 1258 1563; x_wconf 89' lang='lat' dir='ltr'>Et</span> <span class='ocrx_word' id='word_1_477' title='bbox 1282 1533 1308 1563; x_wconf 88' lang='lat' dir='ltr'>si</span> <span class='ocrx_word' id='word_1_478' title='bbox 1331 1542 1595 1572; x_wconf 86' lang='lat' dir='ltr'>unumquemque</span> <span class='ocrx_word' id='word_1_479' title='bbox 1622 1533 1668 1563; x_wconf 87' lang='lat' dir='ltr'>ita</span> <span class='ocrx_word' id='word_1_480' title='bbox 1691 1532 1864 1563; x_wconf 89' lang='lat' dir='ltr'>sollicitum</span> <span class='ocrx_word' id='word_1_481' title='bbox 1887 1543 1957 1564; x_wconf 87' lang='lat' dir='ltr'>esse</span> <span class='ocrx_word' id='word_1_482' title='bbox 1980 1533 2122 1573; x_wconf 87' lang='lat' dir='ltr'>oportuit</span> <span class='ocrx_word' id='word_1_483' title='bbox 2145 1532 2184 1565; x_wconf 84' lang='lat' dir='ltr'>de</span> 
     </span>
     <span class='ocr_line' id='line_1_77' title="bbox 1215 1574 2184 1615; baseline 0.002 -10"><span class='ocrx_word' id='word_1_484' title='bbox 1215 1576 1351 1606; x_wconf 86' lang='lat' dir='ltr'>fratrum</span> <span class='ocrx_word' id='word_1_485' title='bbox 1377 1585 1509 1606; x_wconf 86' lang='lat' dir='ltr'>suorum</span> <span class='ocrx_word' id='word_1_486' title='bbox 1535 1575 1616 1613; x_wconf 85' lang='lat' dir='ltr'>vita,</span> <span class='ocrx_word' id='word_1_487' title='bbox 1647 1574 1723 1606; x_wconf 87' lang='lat' dir='ltr'>hinc</span> <span class='ocrx_word' id='word_1_488' title='bbox 1747 1581 1883 1615; x_wconf 87' lang='lat' dir='ltr'>apparet</span> <span class='ocrx_word' id='word_1_489' title='bbox 1911 1581 2068 1615; x_wconf 85' lang='lat' dir='ltr'>quantum</span> <span class='ocrx_word' id='word_1_490' title='bbox 2092 1576 2184 1607; x_wconf 88' lang='lat' dir='ltr'>nefas</span> 
     </span>
     <span class='ocr_line' id='line_1_78' title="bbox 1215 1617 1960 1659; baseline 0.001 -11"><span class='ocrx_word' id='word_1_491' title='bbox 1215 1618 1312 1649; x_wconf 85' lang='lat' dir='ltr'>fuerit</span> <span class='ocrx_word' id='word_1_492' title='bbox 1335 1628 1388 1649; x_wconf 86' lang='lat' dir='ltr'>eos</span> <span class='ocrx_word' id='word_1_493' title='bbox 1412 1618 1487 1649; x_wconf 87' lang='lat' dir='ltr'>data</span> <span class='ocrx_word' id='word_1_494' title='bbox 1510 1628 1608 1658; x_wconf 84' lang='lat' dir='ltr'>opera</span> <span class='ocrx_word' id='word_1_495' title='bbox 1632 1617 1794 1649; x_wconf 87' lang='lat' dir='ltr'>hostiliter</span> <span class='ocrx_word' id='word_1_496' title='bbox 1818 1618 1960 1659; x_wconf 86' lang='lat' dir='ltr'>aggredi.</span> 
     </span>
    </p>
   </div>
   <div class='ocr_carea' id='block_1_15' title="bbox 1509 1788 1885 1821">
    <p class='ocr_par' dir='ltr' id='par_1_17' title="bbox 1509 1788 1885 1821">
     <span class='ocr_line' id='line_1_79' title="bbox 1509 1788 1885 1821; baseline 0.003 -1"><span class='ocrx_word' id='word_1_497' title='bbox 1509 1789 1572 1820; x_wconf 89' lang='lat' dir='ltr'>EX</span> <span class='ocrx_word' id='word_1_498' title='bbox 1595 1788 1729 1821; x_wconf 81' lang='lat' dir='ltr'>DEUT.</span> <span class='ocrx_word' id='word_1_499' title='bbox 1754 1788 1885 1821; x_wconf 88' lang='lat' dir='ltr'>XXIV.</span> 
     </span>
    </p>
   </div>
   <div class='ocr_carea' id='block_1_16' title="bbox 1216 1873 2185 1992">
    <p class='ocr_par' dir='ltr' id='par_1_18' title="bbox 1216 1873 2185 1992">
     <span class='ocr_line' id='line_1_80' title="bbox 1303 1873 2185 1916; baseline 0.005 -13"><span class='ocrx_word' id='word_1_500' title='bbox 1303 1873 1330 1904; x_wconf 83' lang='lat'>7.</span> <span class='ocrx_word' id='word_1_501' title='bbox 1358 1873 1393 1904; x_wconf 79' lang='lat' dir='ltr'>Si</span> <span class='ocrx_word' id='word_1_502' title='bbox 1411 1874 1482 1913; x_wconf 79' lang='lat' dir='ltr'>quis</span> <span class='ocrx_word' id='word_1_503' title='bbox 1498 1875 1626 1913; x_wconf 74' lang='lat' dir='ltr'>furatus</span> <span class='ocrx_word' id='word_1_504' title='bbox 1642 1875 1738 1914; x_wconf 85' lang='lat' dir='ltr'>fuerit</span> <span class='ocrx_word' id='word_1_505' title='bbox 1757 1876 1896 1907; x_wconf 83' lang='lat' dir='ltr'>animam</span> <span class='ocrx_word' id='word_1_506' title='bbox 1915 1886 1931 1907; x_wconf 89' lang='lat' dir='ltr'>e</span> <span class='ocrx_word' id='word_1_507' title='bbox 1948 1875 2100 1916; x_wconf 78' lang='lat' dir='ltr'>fratribus</span> <span class='ocrx_word' id='word_1_508' title='bbox 2116 1875 2185 1907; x_wconf 78' lang='lat' dir='ltr'>suis</span> 
     </span>
     <span class='ocr_line' id='line_1_81' title="bbox 1216 1916 2185 1961; baseline 0.003 -15"><span class='ocrx_word' id='word_1_509' title='bbox 1216 1927 1230 1947; x_wconf 88' lang='lat' dir='ltr'>e</span> <span class='ocrx_word' id='word_1_510' title='bbox 1246 1916 1325 1955; x_wconf 75' lang='lat' dir='ltr'>filiis</span> <span class='ocrx_word' id='word_1_511' title='bbox 1339 1916 1448 1953; x_wconf 67' lang='lat' dir='ltr'>Iso-ael,</span> <span class='ocrx_word' id='word_1_512' title='bbox 1468 1919 1494 1947; x_wconf 85' lang='lat' dir='ltr'>et</span> <span class='ocrx_word' id='word_1_513' title='bbox 1512 1918 1698 1949; x_wconf 77' lang='lat' dir='ltr'>vendiderit:</span> <span class='ocrx_word' id='word_1_514' title='bbox 1717 1918 1866 1950; x_wconf 82' lang='lat' dir='ltr'>morietur</span> <span class='ocrx_word' id='word_1_515' title='bbox 1876 1919 1926 1950; x_wconf 85' lang='lat' dir='ltr'>vir</span> <span class='ocrx_word' id='word_1_516' title='bbox 1943 1918 2003 1957; x_wconf 84' lang='lat' dir='ltr'>ille,</span> <span class='ocrx_word' id='word_1_517' title='bbox 2022 1921 2050 1950; x_wconf 82' lang='lat' dir='ltr'>et</span> <span class='ocrx_word' id='word_1_518' title='bbox 2061 1921 2185 1961; x_wconf 78' lang='lat' dir='ltr'>auferes</span> 
     </span>
     <span class='ocr_line' id='line_1_82' title="bbox 1216 1959 1569 1992; baseline 0.006 -3"><span class='ocrx_word' id='word_1_519' title='bbox 1216 1959 1334 1990; x_wconf 77' lang='lat' dir='ltr'>rnatum</span> <span class='ocrx_word' id='word_1_520' title='bbox 1358 1970 1372 1989; x_wconf 83' lang='lat' dir='ltr'>e</span> <span class='ocrx_word' id='word_1_521' title='bbox 1395 1960 1492 1990; x_wconf 77' lang='lat' dir='ltr'>medio</span> <span class='ocrx_word' id='word_1_522' title='bbox 1515 1961 1569 1992; x_wconf 77' lang='lat' dir='ltr'>tui.</span> 
     </span>
    </p>
   </div>
   <div class='ocr_carea' id='block_1_17' title="bbox 1215 2044 2185 2515">
    <p class='ocr_par' dir='ltr' id='par_1_19' title="bbox 1215 2044 2185 2515">
     <span class='ocr_line' id='line_1_83' title="bbox 1303 2044 2184 2094; baseline 0.006 -20"><span class='ocrx_word' id='word_1_523' title='bbox 1303 2044 1372 2075; x_wconf 86' lang='lat' dir='ltr'>Iam</span> <span class='ocrx_word' id='word_1_524' title='bbox 1407 2046 1444 2093; x_wconf 42' lang='lat' dir='ltr'>in.</span> <span class='ocrx_word' id='word_1_525' title='bbox 1474 2046 1647 2094; x_wconf 81' lang='lat' dir='ltr'>plagiarios</span> <span class='ocrx_word' id='word_1_526' title='bbox 1681 2046 1793 2078; x_wconf 89' lang='lat' dir='ltr'>eadem</span> <span class='ocrx_word' id='word_1_527' title='bbox 1828 2057 1908 2086; x_wconf 87' lang='lat' dir='ltr'>quae</span> <span class='ocrx_word' id='word_1_528' title='bbox 1943 2047 1978 2078; x_wconf 88' lang='lat' dir='ltr'>in</span> <span class='ocrx_word' id='word_1_529' title='bbox 2007 2048 2184 2080; x_wconf 85' lang='lat' dir='ltr'>homicidas</span> 
     </span>
     <span class='ocr_line' id='line_1_84' title="bbox 1219 2090 2185 2127; baseline 0.005 -10"><span class='ocrx_word' id='word_1_530' title='bbox 1219 2097 1321 2127; x_wconf 84' lang='lat' dir='ltr'>poena</span> <span class='ocrx_word' id='word_1_531' title='bbox 1344 2094 1567 2126; x_wconf 82' lang='lat' dir='ltr'>constltuitur,</span> <span class='ocrx_word' id='word_1_532' title='bbox 1597 2094 1629 2120; x_wconf 90' lang='lat' dir='ltr'>et</span> <span class='ocrx_word' id='word_1_533' title='bbox 1658 2090 1791 2120; x_wconf 85' lang='lat' dir='ltr'>merito:</span> <span class='ocrx_word' id='word_1_534' title='bbox 1816 2100 1892 2120; x_wconf 88' lang='lat' dir='ltr'>nam</span> <span class='ocrx_word' id='word_1_535' title='bbox 1916 2095 1951 2121; x_wconf 89' lang='lat' dir='ltr'>ut</span> <span class='ocrx_word' id='word_1_536' title='bbox 1974 2091 2092 2122; x_wconf 85' lang='lat' dir='ltr'>misera</span> <span class='ocrx_word' id='word_1_537' title='bbox 2114 2096 2185 2122; x_wconf 84' lang='lat' dir='ltr'>erat</span> 
     </span>
     <span class='ocr_line' id='line_1_85' title="bbox 1218 2131 2185 2172; baseline 0.005 -12"><span class='ocrx_word' id='word_1_538' title='bbox 1218 2141 1385 2161; x_wconf 89' lang='lat' dir='ltr'>servorum</span> <span class='ocrx_word' id='word_1_539' title='bbox 1414 2131 1570 2170; x_wconf 83' lang='lat' dir='ltr'>conditio,</span> <span class='ocrx_word' id='word_1_540' title='bbox 1601 2132 1673 2172; x_wconf 90' lang='lat' dir='ltr'>plus</span> <span class='ocrx_word' id='word_1_541' title='bbox 1696 2143 1793 2172; x_wconf 87' lang='lat' dir='ltr'>quam</span> <span class='ocrx_word' id='word_1_542' title='bbox 1818 2132 1990 2163; x_wconf 87' lang='lat' dir='ltr'>dimidium</span> <span class='ocrx_word' id='word_1_543' title='bbox 2013 2134 2099 2164; x_wconf 86' lang='lat' dir='ltr'>vitae</span> <span class='ocrx_word' id='word_1_544' title='bbox 2121 2133 2185 2165; x_wconf 88' lang='lat' dir='ltr'>fuit</span> 
     </span>
     <span class='ocr_line' id='line_1_86' title="bbox 1218 2172 2184 2217; baseline 0.005 -15"><span class='ocrx_word' id='word_1_545' title='bbox 1218 2172 1358 2204; x_wconf 82' lang='lat' dir='ltr'>libertas.</span> <span class='ocrx_word' id='word_1_546' title='bbox 1410 2174 1582 2205; x_wconf 85' lang='lat' dir='ltr'>Hominem</span> <span class='ocrx_word' id='word_1_547' title='bbox 1614 2186 1690 2216; x_wconf 86' lang='lat' dir='ltr'>ergo</span> <span class='ocrx_word' id='word_1_548' title='bbox 1718 2175 1847 2215; x_wconf 83' lang='lat' dir='ltr'>privare</span> <span class='ocrx_word' id='word_1_549' title='bbox 1878 2180 1968 2207; x_wconf 87' lang='lat' dir='ltr'>tanto</span> <span class='ocrx_word' id='word_1_550' title='bbox 1999 2176 2082 2207; x_wconf 87' lang='lat' dir='ltr'>bono</span> <span class='ocrx_word' id='word_1_551' title='bbox 2110 2187 2184 2217; x_wconf 89' lang='lat' dir='ltr'>pro-</span> 
     </span>
     <span class='ocr_line' id='line_1_87' title="bbox 1217 2216 2184 2260; baseline 0.005 -15"><span class='ocrx_word' id='word_1_552' title='bbox 1217 2216 1388 2255; x_wconf 86' lang='lat' dir='ltr'>pemodum</span> <span class='ocrx_word' id='word_1_553' title='bbox 1412 2217 1558 2257; x_wconf 86' lang='lat' dir='ltr'>iugulare</span> <span class='ocrx_word' id='word_1_554' title='bbox 1586 2218 1659 2250; x_wconf 80' lang='lat' dir='ltr'>fuit.</span> <span class='ocrx_word' id='word_1_555' title='bbox 1703 2218 1797 2249; x_wconf 90' lang='lat' dir='ltr'>Adde</span> <span class='ocrx_word' id='word_1_556' title='bbox 1828 2217 1912 2258; x_wconf 91' lang='lat' dir='ltr'>quod</span> <span class='ocrx_word' id='word_1_557' title='bbox 1944 2229 2009 2250; x_wconf 89' lang='lat' dir='ltr'>non</span> <span class='ocrx_word' id='word_1_558' title='bbox 2040 2219 2184 2260; x_wconf 88' lang='lat' dir='ltr'>plagium</span> 
     </span>
     <span class='ocr_line' id='line_1_88' title="bbox 1217 2258 2185 2301; baseline 0.005 -13"><span class='ocrx_word' id='word_1_559' title='bbox 1217 2258 1311 2289; x_wconf 90' lang='lat' dir='ltr'>modo</span> <span class='ocrx_word' id='word_1_560' title='bbox 1335 2259 1387 2289; x_wconf 91' lang='lat' dir='ltr'>hic</span> <span class='ocrx_word' id='word_1_561' title='bbox 1411 2259 1590 2298; x_wconf 88' lang='lat' dir='ltr'>damnatur,</span> <span class='ocrx_word' id='word_1_562' title='bbox 1615 2260 1671 2292; x_wconf 88' lang='lat' dir='ltr'>sed</span> <span class='ocrx_word' id='word_1_563' title='bbox 1695 2266 1861 2301; x_wconf 87' lang='lat' dir='ltr'>praeterea</span> <span class='ocrx_word' id='word_1_564' title='bbox 1885 2262 2023 2293; x_wconf 81' lang='lat' dir='ltr'>accessio</span> <span class='ocrx_word' id='word_1_565' title='bbox 2047 2261 2185 2294; x_wconf 88' lang='lat' dir='ltr'>crudeli-</span> 
     </span>
     <span class='ocr_line' id='line_1_89' title="bbox 1218 2301 2185 2344; baseline 0.005 -13"><span class='ocrx_word' id='word_1_566' title='bbox 1218 2301 1293 2332; x_wconf 86' lang='lat' dir='ltr'>tatis</span> <span class='ocrx_word' id='word_1_567' title='bbox 1316 2306 1347 2331; x_wconf 86' lang='lat' dir='ltr'>et</span> <span class='ocrx_word' id='word_1_568' title='bbox 1370 2301 1449 2333; x_wconf 86' lang='lat' dir='ltr'>doli:</span> <span class='ocrx_word' id='word_1_569' title='bbox 1473 2303 1499 2333; x_wconf 91' lang='lat' dir='ltr'>si</span> <span class='ocrx_word' id='word_1_570' title='bbox 1524 2304 1549 2334; x_wconf 84' lang='lat' dir='ltr'>is</span> <span class='ocrx_word' id='word_1_571' title='bbox 1572 2305 1626 2344; x_wconf 92' lang='lat' dir='ltr'>qui</span> <span class='ocrx_word' id='word_1_572' title='bbox 1650 2305 1774 2335; x_wconf 85' lang='lat' dir='ltr'>furatus</span> <span class='ocrx_word' id='word_1_573' title='bbox 1798 2308 1847 2335; x_wconf 85' lang='lat' dir='ltr'>est</span> <span class='ocrx_word' id='word_1_574' title='bbox 1874 2304 2056 2342; x_wconf 89' lang='lat' dir='ltr'>hominem,</span> <span class='ocrx_word' id='word_1_575' title='bbox 2087 2305 2185 2336; x_wconf 86' lang='lat' dir='ltr'>simul</span> 
     </span>
     <span class='ocr_line' id='line_1_90' title="bbox 1217 2343 2184 2388; baseline 0.005 -14"><span class='ocrx_word' id='word_1_576' title='bbox 1217 2343 1407 2375; x_wconf 84' lang='lat' dir='ltr'>vendiderit.</span> <span class='ocrx_word' id='word_1_577' title='bbox 1465 2346 1618 2377; x_wconf 86' lang='lat' dir='ltr'>Venditio</span> <span class='ocrx_word' id='word_1_578' title='bbox 1654 2352 1761 2377; x_wconf 83' lang='lat' dir='ltr'>autem</span> <span class='ocrx_word' id='word_1_579' title='bbox 1796 2348 1851 2377; x_wconf 83' lang='lat' dir='ltr'>vix</span> <span class='ocrx_word' id='word_1_580' title='bbox 1886 2348 1954 2379; x_wconf 91' lang='lat' dir='ltr'>fieri</span> <span class='ocrx_word' id='word_1_581' title='bbox 1988 2352 2117 2388; x_wconf 81' lang='lat' dir='ltr'>poterat</span> <span class='ocrx_word' id='word_1_582' title='bbox 2149 2348 2184 2379; x_wconf 89' lang='lat' dir='ltr'>in</span> 
     </span>
     <span class='ocr_line' id='line_1_91' title="bbox 1217 2387 2183 2430; baseline 0.006 -14"><span class='ocrx_word' id='word_1_583' title='bbox 1217 2387 1335 2427; x_wconf 90' lang='lat' dir='ltr'>populo</span> <span class='ocrx_word' id='word_1_584' title='bbox 1359 2388 1437 2427; x_wconf 90' lang='lat' dir='ltr'>quin</span> <span class='ocrx_word' id='word_1_585' title='bbox 1461 2399 1536 2419; x_wconf 79' lang='lat' dir='ltr'>mox</span> <span class='ocrx_word' id='word_1_586' title='bbox 1561 2392 1682 2421; x_wconf 86' lang='lat' dir='ltr'>crimen</span> <span class='ocrx_word' id='word_1_587' title='bbox 1714 2389 1935 2430; x_wconf 83' lang='lat' dir='ltr'>detegeretur:</span> <span class='ocrx_word' id='word_1_588' title='bbox 1964 2390 2046 2422; x_wconf 92' lang='lat' dir='ltr'>nihil</span> <span class='ocrx_word' id='word_1_589' title='bbox 2075 2395 2183 2422; x_wconf 87' lang='lat' dir='ltr'>autem</span> 
     </span>
     <span class='ocr_line' id='line_1_92' title="bbox 1216 2429 2184 2472; baseline 0.005 -13"><span class='ocrx_word' id='word_1_590' title='bbox 1216 2430 1319 2468; x_wconf 80' lang='lat' dir='ltr'>magis</span> <span class='ocrx_word' id='word_1_591' title='bbox 1343 2429 1485 2461; x_wconf 81' lang='lat' dir='ltr'>odiosum</span> <span class='ocrx_word' id='word_1_592' title='bbox 1510 2443 1606 2471; x_wconf 77' lang='lat' dir='ltr'>quam</span> <span class='ocrx_word' id='word_1_593' title='bbox 1629 2433 1711 2464; x_wconf 88' lang='lat' dir='ltr'>filios</span> <span class='ocrx_word' id='word_1_594' title='bbox 1731 2433 1795 2464; x_wconf 88' lang='lat' dir='ltr'>Dei</span> <span class='ocrx_word' id='word_1_595' title='bbox 1814 2433 1948 2465; x_wconf 83' lang='lat' dir='ltr'>alienari</span> <span class='ocrx_word' id='word_1_596' title='bbox 1972 2433 2012 2465; x_wconf 86' lang='lat' dir='ltr'>ab</span> <span class='ocrx_word' id='word_1_597' title='bbox 2041 2434 2184 2472; x_wconf 82' lang='lat' dir='ltr'>ecclesia,</span> 
     </span>
     <span class='ocr_line' id='line_1_93' title="bbox 1215 2472 1719 2515; baseline 0.008 -12"><span class='ocrx_word' id='word_1_598' title='bbox 1215 2478 1247 2503; x_wconf 90' lang='lat' dir='ltr'>ct</span> <span class='ocrx_word' id='word_1_599' title='bbox 1270 2472 1373 2503; x_wconf 89' lang='lat' dir='ltr'>addici</span> <span class='ocrx_word' id='word_1_600' title='bbox 1397 2474 1538 2513; x_wconf 81' lang='lat' dir='ltr'>profanis</span> <span class='ocrx_word' id='word_1_601' title='bbox 1561 2475 1719 2515; x_wconf 88' lang='lat' dir='ltr'>gentibus.</span> 
     </span>
    </p>
   </div>
  </div>
 </body>
</html>
