2304 3034
201 212 266 244 493

206 306 314 344 offeres
336 304 484 335 decimam
506 303 626 341 partem
656 298 732 337 epha
759 298 880 329 similae
910 301 937 328 ct
967 298 998 328 in
1025 296 1163 327 mintium

198 348 369 388 permistae
381 346 441 377 oleo
459 347 586 379 contuso,
605 351 672 373 eum
690 343 804 379 quarta
817 343 909 378 parte
927 340 990 370 liin.
1022 340 1051 371 6.
1073 339 1163 369 Istud

206 393 249 421 est
271 389 477 420 holocaustum
499 387 566 425 iuye
587 384 667 423 quod
687 383 804 421 factum
826 386 868 414 est
891 383 921 413 iu
945 385 1041 413 monte
1062 382 1162 418 Sinai,

204 433 239 463 in
251 429 502 469 odoremquielis,
515 427 692 458 oblationem
707 425 834 465 iquitam
847 425 985 456 Iehovae.
1016 425 1043 454 7.
1066 423 1164 454 Porro

208 474 340 506 libamen
362 474 428 503 eius
449 472 589 510 quartam
606 469 729 508 partem
752 467 804 497 liinv
832 477 891 506 per
913 466 1049 506 stimulos
1071 476 1163 505 (cynos

207 518 241 547 in
263 515 438 547 sanctuario
457 512 519 543 liba
537 511 666 541 libamen
685 509 792 540 secliar
811 509 948 540 Iehorae.
985 509 1012 540 8.
1036 509 1164 548 Ayniim

207 561 309 590 autem
331 557 458 588 alterum
478 554 575 593 facies
600 553 680 583 iuter
700 552 782 583 duas
811 561 968 591 vesperas,
998 551 1164 582 secuudum

207 601 382 633 oblationem
399 596 587 633 matutinam,
607 597 633 625 et
650 595 816 625 secuudum
834 594 963 625 libamen
984 595 1050 624 eius
1067 593 1164 632 facies

208 643 384 674 oblationem
406 639 541 679 iyn'itam,
565 637 597 667 in
620 637 739 668 odorem
758 637 868 676 quietis
880 636 1018 667 Ieleovae.
1053 635 1081 666 9.
1101 634 1164 666 Die

208 695 278 717 vero
295 681 432 715 sabbathi
448 680 544 720 facies
561 680 639 711 duos
653 689 746 719 aynos
765 679 924 710 anniculos
942 678 1163 715 immaculatos,

210 730 236 758 et
258 727 337 758 duas
365 724 496 756 decimas
525 721 594 761 ephi
621 722 743 753 similae
771 723 803 752 in
832 721 970 752 quirillum
994 721 1164 759 permistae

208 770 283 805 oleo,
306 770 331 799 et
352 766 481 797 libamen
501 765 576 796 eius.
624 764 670 795 10.
696 765 786 795 Istud
808 767 851 795 est
871 763 1076 795 holocaustum
1098 762 1166 793 sal»-

209 811 300 849 batlii,
322 810 353 840 iu
372 806 512 839 sabbatho
533 817 589 838 suo
611 807 694 838 ultra
717 807 922 838 holocaustum
947 807 1015 846 iuye
1039 806 1068 836 iu
1088 805 1164 836 liba-

207 864 275 885 meri
296 853 370 883 eius.
406 850 453 880 11.
480 849 631 880 Similiter
652 850 685 880 in
708 849 861 888 capitibus
883 849 1033 879 meusium
1055 850 1164 879 vestro-

207 905 276 927 rum
294 893 420 933 offeretis
436 891 641 923 holocaustum
654 891 798 923 Ieleovae:
820 892 962 922 iuvencos
982 890 1065 929 filios
1082 890 1165 920 boris

208 939 299 973 duos,
322 938 348 967 et
369 935 494 965 arietem
516 945 627 971 unum,
651 944 744 974 aynos
765 933 923 965 anniculos
952 932 1164 964 immaculatos

206 982 324 1019 septem.
361 977 408 1008 12.
433 976 475 1007 Et
497 979 558 1007 tres
579 977 712 1008 decimas
734 976 802 1015 eplzi
824 976 947 1007 similae
970 976 1002 1006 in
1025 975 1164 1006 mzssnham

199 1022 370 1063 permistae
393 1019 452 1051 oleo
475 1020 508 1049 in
531 1020 671 1050 iuvencos
692 1019 845 1059 singulos,
867 1021 894 1050 et
918 1019 999 1049 duas
1028 1018 1163 1049 decimas

206 1064 273 1104 ephi
297 1063 419 1094 similae
449 1062 480 1092 in
510 1061 647 1092 minliam
670 1062 846 1100 permistae
875 1061 936 1092 olco
963 1061 996 1091 in
1025 1060 1163 1100 singulos

205 1107 322 1138 arietes.
370 1104 416 1135 13.
444 1104 487 1134 Et
505 1105 649 1144 sinyulas
671 1105 818 1141 decimas,
844 1104 1020 1135 oblationem
1042 1102 1164 1133 similae

205 1150 239 1180 in
260 1147 366 1179 miiffia
383 1147 556 1186 permixtae
578 1147 646 1183 oleo,
670 1148 704 1177 in
725 1147 863 1187 singulos
882 1156 984 1186 ayizos,
1008 1145 1163 1177 holocaus-

204 1194 267 1223 tum
288 1190 390 1221 odoris
411 1190 537 1228 quietis,
572 1189 680 1220 oblatio
701 1190 799 1229 iqnita
824 1189 959 1220 Ielzovae.

206 1236 305 1265 autem
327 1232 477 1263 libamina
500 1242 604 1263 eorum
621 1242 636 1263 e
654 1233 735 1263 eino.-
757 1232 923 1263 ‹Iimiclium
945 1231 999 1261 liin
1022 1231 1114 1261 etiam
1130 1231 1163 1260 in

204 1275 343 1315 sinyulos
365 1275 518 1312 iuvencos,
547 1277 573 1305 et
598 1275 689 1305 tertia
712 1285 794 1314 pars
823 1274 878 1305 liiii
904 1275 938 1304 in
965 1274 1105 1309 arietem,
1136 1275 1163 1303 et

204 1320 316 1357 quarta
339 1327 420 1356 pars
445 1316 500 1347 hin
527 1317 560 1347 in
591 1317 729 1357 sinyulos
761 1327 863 1357 aynos.
916 1316 981 1347 Hoc
1010 1319 1052 1346 est
1085 1315 1164 1346 lzolo-

204 1362 342 1392 caustum
374 1359 567 1399 siuyulorum
600 1361 750 1391 meusium
783 1370 843 1398 per
879 1359 1016 1399 sinyulos
1048 1368 1165 1389 menses

205 1403 289 1434 amii.
337 1402 384 1433 15.
409 1401 451 1432 Et
477 1401 583 1432 hircus
610 1412 777 1441 caprarum
802 1412 883 1432 uuus
914 1403 946 1432 in
975 1401 1165 1440 sacrificium

199 1455 261 1485 pro
277 1448 398 1485 peccato
419 1444 470 1483 fiet
493 1444 634 1483 Iehovae,
652 1448 777 1484 praeter
799 1444 1006 1476 holocaustum
1029 1445 1114 1484 iuye,
1138 1446 1165 1473 et

204 1488 334 1520 libamen
358 1488 433 1518 eius,

291 1572 318 1603 1.
342 1572 384 1603 Et
404 1573 547 1611 loquutus
568 1575 612 1603 est
630 1572 750 1603 Ieliova.
796 1572 905 1603 Moses
928 1573 1043 1602 iterum
1068 1571 1166 1602 verba

204 1616 347 1646 facturus
371 1615 409 1646 de
432 1614 583 1646 continuo
606 1615 772 1653 sacrificio,
795 1616 959 1655 praefatur
981 1615 1015 1645 in
1039 1624 1166 1654 genere,

205 1663 241 1689 ut
264 1657 434 1697 diligenter
457 1662 609 1697 sequatur
631 1658 769 1698 populus
792 1659 823 1688 iu
857 1657 1071 1688 oblationibus
1099 1657 1166 1687 suis

205 1699 361 1741 quidquid
394 1701 480 1731 Deus
511 1701 688 1740 praecepit:
722 1711 797 1731 nam
829 1701 926 1731 verbo
956 1699 1165 1736 custodiendi,

204 1753 270 1774 non
294 1743 446 1773 sedulitas
470 1742 572 1781 modo,
596 1743 651 1774 sed
675 1743 856 1774 obedientia
879 1747 1018 1774 notatur.
1064 1743 1166 1773 Porro

205 1794 268 1825 quo
292 1786 447 1816 attentius
478 1785 517 1816 ab
547 1787 633 1816 omni
664 1786 744 1817 vitio
774 1786 834 1816 sibi
864 1790 1015 1823 caveant,
1050 1795 1166 1825 panem

205 1838 299 1859 suum
323 1834 416 1859 vocat
438 1828 544 1865 Deus,
575 1829 627 1868 qui
657 1828 710 1859 vel
739 1828 880 1868 quotidie
910 1828 1021 1868 reponi
1045 1827 1167 1858 solebat

205 1870 239 1901 in
268 1881 395 1908 mensa,
430 1871 480 1901 vel
516 1871 649 1911 adiungi
679 1872 818 1902 victimis
848 1871 975 1911 ignit-is,
1007 1881 1043 1901 ac
1073 1870 1100 1901 si
1130 1880 1166 1901 eo

206 1918 388 1944 vesceretur
410 1923 499 1943 more
523 1913 699 1944 hominum.
745 1914 806 1944 Est.
826 1914 953 1954 quidem
985 1923 1098 1953 aspera
1121 1912 1166 1943 lo-

206 1957 332 1996 quutio:
356 1955 410 1986 sed
434 1966 490 1995 pro
514 1956 632 1987 veteris
655 1957 763 1997 populi
787 1956 936 1994 ruditate,
958 1966 1089 1987 necesse
1107 1955 1167 1986 fuit

206 2002 274 2029 tam
297 2009 400 2029 erasse
423 1998 526 2038 loqui,
555 2003 592 2029 ut
614 1999 652 2029 ab
676 2010 741 2030 una
764 2004 854 2039 parte
885 1999 1044 2030 discerent
1068 1999 1165 2029 ritum

206 2041 298 2072 illum
308 2041 440 2081 perinde
454 2042 523 2072 Deo
535 2046 702 2081 acceptum
716 2052 793 2079 esse,
813 2046 850 2073 ut
862 2042 1009 2072 homines
1029 2041 1167 2072 oblectat

208 2083 309 2115 cibus:
335 2083 448 2114 deinde
471 2090 508 2114 ut
530 2084 643 2124 purius
666 2089 697 2115 et
720 2085 839 2115 castius
862 2086 977 2115 offerre
1000 2083 1165 2115 studerent

209 2135 266 2156 sua
287 2127 449 2157 sacrificia.

293 2168 321 2199 3.
343 2168 436 2200 Dices
459 2171 621 2208 praeterea
645 2170 717 2201 illis.
763 2170 894 2210 Repetit
920 2169 1001 2209 quod
1028 2168 1167 2200 vidimus

210 2210 245 2240 in
262 2210 383 2248 Exodo,
405 2217 441 2242 ut>
458 2211 599 2251 quotidie
618 2223 716 2253 agnos
735 2212 813 2243 duos
831 2213 1008 2250 immolent,
1029 2212 1164 2243 alterum

211 2262 313 2289 mane,
337 2253 472 2284 alterum
492 2256 626 2294 vesperi,
650 2255 704 2286 sed
724 2255 870 2295 pluribus
889 2255 996 2286 verbis
1015 2255 1167 2285 accessio-

212 2304 269 2324 nes
293 2297 440 2335 exprimit
463 2297 587 2328 similae
611 2302 641 2329 et
665 2298 746 2328 vini:
772 2298 887 2329 deinde
911 2298 972 2329 hoe
994 2308 1097 2338 genus
1120 2308 1168 2328 sa—

211 2337 321 2368 crificii
354 2338 393 2369 ab
425 2340 615 2379 antiquitate
648 2340 865 2378 commendat,
895 2341 968 2380 quia
996 2341 1028 2370 in
1058 2345 1167 2371 monte

213 2378 303 2410 Sinai
337 2380 440 2411 offerri
475 2382 544 2413 Deo
578 2384 733 2423 coeperit,
770 2389 801 2414 et
835 2384 933 2413 fuerit
966 2384 999 2413 in
1035 2383 1165 2413 odorem

212 2421 336 2461 quietis.
369 2423 526 2455 Libamen
546 2425 622 2462 vini,
645 2426 737 2457 cuius
756 2427 792 2457 fit
811 2426 940 2463 mentio,
962 2426 1057 2456 etiam
1082 2425 1166 2465 apud

211 2464 361 2511 profanas
383 2471 493 2504 gentes
514 2468 546 2498 in
570 2479 630 2499 usu
661 2469 736 2499 fuit:
771 2468 824 2499 sed
855 2469 930 2508 quia
959 2468 1112 2498 mandato
1136 2473 1167 2498 et

211 2507 420 2547 promissione
442 2508 502 2539 Dei
525 2510 665 2549 carebat,
697 2522 759 2542 non
785 2512 888 2550 potuit
910 2522 973 2542 non
997 2521 1065 2541 esse
1088 2510 1167 2541 insi-

211 2549 332 2589 pidum.
378 2549 420 2579 Et.
439 2551 602 2597 probabile
635 2559 683 2584 est
713 2553 762 2595 (ut
792 2554 868 2585 alibi
900 2552 1056 2594 vidimus)
1085 2553 1167 2584 ritus

212 2591 330 2622 multos
358 2597 500 2630 gentium
530 2605 548 2624 a
576 2597 694 2627 sanetis
724 2595 870 2636 patribus
899 2606 968 2626 esse
998 2595 1165 2635 profectos,

211 2634 266 2664 sed
291 2634 369 2664 falsa
393 2640 424 2664 et
446 2635 532 2666 inani
555 2636 747 2670 imitatione:
779 2649 854 2670 nam
885 2649 984 2679 quum
1007 2638 1164 2669 rationem

889 204 1140 237 SECUNDUM
1168 203 1485 236 PRAECEPTUM.

1006 1189 1053 1218 14.
1079 1188 1164 1218 Haec
1198 1223 1203 1229 r

2112 206 2176 236 494

1215 307 1279 327 non
1305 301 1460 335 tenerent,
1484 297 1638 337 quidquid
1657 297 1793 337 agebant
1813 308 1875 328 non
1896 297 1982 329 aliud
2000 298 2060 329 fuit
2077 309 2174 338 quam

1214 339 1334 370 lusoria
1353 350 1478 380 pompa.
1515 340 1667 371 Diximus
1685 344 1793 370 autem
1813 340 1856 370 ita
1876 340 2055 371 admonitos
2074 341 2173 372 fnisse

1216 381 1376 419 homiues,
1407 389 1442 413 ut
1466 383 1497 413 in
1521 382 1705 422 quotidiano
1727 383 1815 414 victu
1839 383 1944 413 Deum
1967 393 2094 423 semper
2116 383 2172 414 ha-

1217 424 1329 454 berent
1351 435 1426 464 prae
1450 424 1563 456 oculis:
1589 429 1683 465 atque
1706 425 1750 455 ita
1773 425 1874 456 modis
1898 426 2046 457 omnibus
2064 436 2172 457 assue-

1216 466 1329 497 fierent
1352 466 1391 497 ad
1415 467 1580 498 colendam
1604 468 1817 498 sanctitatem.

1300 509 1328 539 9.
1358 509 1420 540 Die
1448 520 1518 541 vero
1548 509 1700 540 Sabbatlii.
1746 510 1840 540 Nune
1870 511 2060 549 exprimitur
2089 511 2172 550 quod

1216 551 1379 590 superiore
1407 552 1475 583 loco
1504 553 1656 583 omissum
1686 552 1807 589 fuerat,
1839 552 1994 583 sabbatho
2018 553 2173 593 duplicari

1215 593 1288 633 iuge
1319 594 1525 630 sacrificinm,
1560 601 1589 626 et
1619 595 1685 626 loeo
1716 595 1789 634 agni
1820 595 1916 625 nnius
1947 595 2026 626 duos
2054 596 2171 627 offerri.

1215 635 1365 675 Aequum
1385 637 1471 667 enim
1494 636 1563 674 fuit,
1587 648 1684 676 quum
1708 637 1910 677 peculiariter
1924 637 1993 668 Deo
2016 639 2173 677 septimus

1217 677 1284 708 dies
1307 683 1390 709 esset
1413 678 1552 716 dicatus,
1583 680 1701 720 insigni
1732 680 1837 719 aliqua
1865 679 2067 711 discretionis
2098 686 2173 712 nota

1216 720 1370 759 praeferri
1389 721 1458 751 aliis
1478 721 1596 752 diebus.
1626 723 1766 753 Maiores
1785 723 1880 752 etiam
1900 723 2046 753 victimas
2064 724 2173 754 offerri

1216 763 1304 793 iubet
1326 763 1359 793 in
1383 763 1541 803 capitibus
1564 765 1740 802 mensium,
1771 764 1822 795 vel
1847 765 2035 802 noviluniis,
2060 776 2175 806 nempe

1216 805 1295 835 duos
1324 807 1492 842 iuvencos,
1527 812 1558 836 et
1588 807 1719 837 arietem
1749 818 1869 845 unum,
1900 812 1931 837 et
1961 807 2086 839 hircum
2117 818 2175 848 pro

1216 852 1354 887 peccato.
1415 847 1542 879 Scimus
1575 850 1659 879 enim
1694 850 1833 889 primum
1868 850 2022 889 cuiusque
2055 851 2174 882 mensis

1216 890 1299 921 diem
1324 891 1392 921 Deo
1416 891 1513 921 fuisse
1537 901 1670 927 sacrum,
1696 897 1731 922 ut
1754 892 1881 931 saepius
1905 892 2020 932 populo
2044 903 2177 924 renova-

1216 938 1305 963 retur
1328 934 1481 963 memoria
1505 934 1572 964 eius
1595 934 1732 965 colendi:
1765 938 1797 965 et
1829 934 1936 965 hircus
1964 934 2092 966 additus
2115 935 2176 966 fnit

1215 975 1384 1014 expiandis
1414 976 1570 1014 peccatis,
1608 982 1643 1006 nt
1671 977 1702 1007 in
1738 977 1880 1017 singulos
1915 988 2040 1008 menses
2074 988 2107 1008 se
2135 978 2174 1008 ad

1215 1017 1452 1057 deprecandum
1477 1028 1583 1049 coram
1608 1019 1676 1049 Deo
1700 1030 1769 1050 reos
1793 1020 1954 1051 sisterent.

1471 1162 1533 1193 EX
1558 1162 1719 1193 EODEM
1743 1163 1916 1194 OAPITE.

1302 1231 1350 1261 16.
1376 1231 1482 1261 Mense
1501 1232 1601 1261 autem
1613 1231 1716 1269 primo
1734 1231 1852 1262 decima
1868 1233 1978 1270 quarta
1990 1231 2039 1262 die
2050 1233 2173 1269 mensis,

1219 1273 1317 1304 Pesalt
1341 1273 1534 1303 estIeltovac.
1570 1273 1617 1304 17.
1642 1272 1683 1303 Et
1707 1274 1735 1303 in
1759 1273 1873 1304 decimo
1895 1274 2000 1312 qllinto
2023 1273 2072 1304 die
2094 1284 2174 1304 meri-

1215 1317 1262 1346 sis
1289 1316 1384 1347 liuius
1412 1316 1594 1347 solennitas:
1621 1318 1732 1354 septem
1759 1316 1864 1346 (liebus
1885 1317 1985 1354 pariis
2011 1316 2174 1355 infermen-

1217 1361 1346 1390 tatorum
1370 1359 1548 1390 comedetur.
1595 1358 1644 1389 18.
1667 1358 1729 1389 Dic
1746 1359 1850 1396 primo
1875 1359 2044 1390 convocatio
2065 1361 2173 1390 sancta

1217 1402 1289 1433 erit:
1308 1411 1394 1431 omne
1406 1410 1482 1439 opus
1493 1401 1602 1431 servile
1616 1411 1672 1431 non
1683 1400 1812 1439 facietis.
1846 1401 1892 1432 19.
1917 1401 2057 1440 Offeretis
2074 1404 2173 1432 autem

1217 1444 1393 1475 oblationem
1423 1444 1560 1483 amitam,
1591 1446 1617 1474 et
1645 1442 1851 1474 holocaustum
1881 1443 2009 1474 Ieleovae
2035 1444 2174 1475 iuvencos

1215 1487 1298 1526 filios
1327 1486 1410 1517 bovis
1438 1486 1524 1522 «lues,
1554 1488 1581 1515 et
1603 1485 1727 1516 arietem
1756 1496 1865 1523 unum,
1897 1489 1924 1516 ct
1946 1489 2058 1525 septem
2080 1496 2174 1526 agmos

1217 1529 1391 1560 (iiiiiicu7035
1427 1528 1615 1559 immaculati
1650 1532 1737 1558 crunt
1771 1528 1860 1559 vobis.
1917 1528 1967 1559 20.
1996 1528 2039 1559 Et
2066 1528 2174 1559 mirilia

1217 1582 1321 1603 eorum
1344 1572 1401 1602 erit
1421 1571 1525 1602 simila
1543 1571 1700 1609 pcrmizta
1722 1570 1791 1608 oleo,
1813 1573 1874 1602 tres
1896 1571 2030 1602 decimae
2051 1571 2086 1602 iri
2109 1572 2173 1602 siri-

1215 1615 1304 1655 9ul0s
1331 1614 1484 1650 iuvencos,
1514 1616 1540 1644 ct
1567 1613 1646 1644 duas
1668 1613 1802 1644 decimas
1831 1614 1864 1644 in
1891 1614 2031 1653 siiiyulos
2064 1614 2174 1644 arietes

1215 1657 1345 1697 facietis.
1391 1657 1440 1687 21.
1472 1656 1616 1696 Sinyalas
1645 1655 1779 1687 decimas
1806 1656 1902 1694 facies
1930 1657 1963 1686 iii
1991 1665 2086 1696 ayiios
2108 1656 2173 1686 siri-

1215 1700 1304 1741 yulos
1326 1700 1357 1729 iu
1380 1701 1490 1738 septem
1513 1698 1609 1738 (tyriis
1656 1698 1705 1728 22.
1731 1698 1772 1728 Et
1794 1698 1911 1729 liircum
1931 1699 1963 1729 in
1985 1698 2174 1736 sacrificium

1211 1744 1399 1782 propeccato
1412 1751 1514 1778 unum,
1537 1741 1578 1772 ad
1600 1741 1787 1780 expiandum
1809 1751 1869 1772 vos.
1904 1741 1954 1772 23.
1981 1740 2108 1772 Praeter
2125 1741 2174 1772 lio-

1215 1786 1383 1817 locaustum
1406 1785 1603 1821 matutinum,
1632 1783 1711 1822 quod
1732 1786 1776 1814 est
1797 1782 2002 1814 holocaustum
2024 1783 2102 1823 iuqe,
2125 1783 2174 1821 fa-

1217 1829 1302 1860 cietis
1321 1828 1389 1858 ista.
1435 1827 1483 1857 24.
1510 1826 1684 1857 Secundum
1711 1825 1783 1856 llaec
1808 1826 1929 1865 facietis
1957 1826 2091 1866 sinyulis
2111 1826 2174 1857 elie-

1217 1871 1273 1902 bus
1297 1875 1408 1908 septem
1437 1870 1571 1906 (liemon,
1595 1878 1711 1907 panem
1741 1868 1902 1899 oblationis
1931 1869 2045 1908 iquitae
2074 1868 2175 1899 odoris

1217 1913 1329 1953 quietis
1353 1912 1499 1943 lelna-ae:
1529 1912 1611 1942 ultra
1635 1911 1842 1941 holocaustum
1865 1912 1933 1951 iuye
1954 1910 2014 1949 fiet,
2045 1913 2071 1941 et
2097 1910 2175 1941 liba-

1218 1966 1285 1986 men
1314 1955 1387 1985 eius.
1442 1954 1491 1985 25.
1518 1954 1650 1994 Septimo
1681 1956 1779 1984 autem
1808 1954 1857 1984 (lic
1880 1953 2046 1984 convocatio
2069 1955 2175 1984 saneta

1217 1999 1276 2029 erit
1296 1997 1395 2028 robis.-
1418 2007 1502 2027 omne
1524 2007 1600 2035 opus
1622 1996 1730 2027 seruile
1752 2006 1811 2026 riou
1832 1996 1962 2034 facietis.
2002 1995 2052 2026 26.
2075 1995 2174 2026 Porro

1218 2042 1268 2072 ilie
1288 2041 1502 2080 primitiarum
1530 2039 1651 2078 quando
1681 2039 1811 2077 offeretis
1836 2038 1974 2069 miriliam
1996 2048 2103 2069 novam
2127 2037 2176 2068 Ie-

1218 2083 1311 2114 lzovae
1333 2084 1364 2113 in
1389 2082 1624 2113 hebdomadibus
1650 2081 1772 2116 vestris,
1801 2082 1967 2111 convocatio
1989 2084 2096 2112 sancta
2118 2081 2177 2112 erit

1219 2126 1316 2157 vobis.-
1339 2136 1424 2156 omzze
1443 2135 1518 2164 opus
1539 2124 1648 2155 servile
1666 2133 1725 2153 uon
1744 2123 1874 2162 facietis.
1909 2123 1959 2154 27.
1983 2122 2026 2153 Et
2045 2123 2177 2162 offeretis

1219 2169 1423 2200 holocaustum
1446 2168 1478 2198 iu.
1500 2167 1619 2197 oderem
1639 2166 1749 2205 quictis
1769 2165 1912 2196 Iehovae:
1935 2166 2074 2196 iuvencos
2093 2166 2176 2204 filios

1219 2211 1302 2242 bovis
1324 2211 1408 2247 (lues,
1432 2211 1555 2240 arietem
1578 2219 1681 2243 unum,
1712 2211 1736 2238 et
1759 2210 1869 2247 septem
1891 2218 1985 2248 aynos
2007 2208 2175 2239 anniculos.

1220 2254 1270 2285 28.
1295 2253 1337 2284 Et
1354 2253 1531 2284 oblationem
1548 2261 1650 2282 eorum
1668 2250 1805 2281 similam
1818 2251 2006 2290 peririixtam
2026 2251 2096 2288 oleo,
2116 2253 2177 2282 tres

1218 2297 1351 2328 decimas
1369 2297 1400 2326 iii
1420 2294 1556 2335 siuyulos
1574 2294 1723 2331 iiiveucOS,
1746 2293 1827 2324 duas
1845 2294 1978 2324 decimas
1992 2303 2050 2333 per
2067 2293 2177 2324 arietes

1219 2339 1364 2378 sinyulos.
1415 2338 1464 2369 29.
1496 2336 1642 2376 Sinyulas
1671 2336 1803 2366 ‹leciinas
1826 2346 1884 2375 per
1913 2346 2006 2376 aynos
2028 2336 2175 2376 siim-ulos,

1217 2385 1329 2420 septem
1359 2381 1456 2421 aquis.
1506 2380 1554 2409 30.
1587 2378 1717 2408 Hircum
1747 2387 1912 2417 caprarum
1940 2388 2035 2409 unum
2065 2379 2106 2410 acl
2125 2388 2177 2409 ex-

1212 2425 1369 2463 piandum
1391 2434 1450 2454 vos.
1496 2423 1545 2452 31.
1574 2420 1699 2451 Praeter
1729 2420 1933 2452 holocaustum
1960 2421 2030 2461 iuye
2052 2424 2079 2452 et
2099 2421 2177 2451 irrin-

1217 2467 1289 2498 lzam
1311 2467 1378 2497 eius
1398 2466 1527 2505 facietis,
1551 2463 1741 2494 immaculati
1763 2466 1851 2494 erunt
1868 2464 1960 2502 vobis,
1983 2466 2010 2494 et
2027 2463 2176 2494 libamina

1218 2520 1329 2541 corum.

1306 2595 1353 2625 16.
1379 2592 1484 2623 Mense
1513 2594 1613 2622 autem
1637 2591 1750 2630 primo.
1796 2591 1942 2622 Pertinet
1965 2590 2093 2631 quidem
2118 2591 2176 2621 ali-

1218 2648 1280 2677 qua
1303 2649 1341 2668 ex
1367 2643 1457 2676 parte
1482 2636 1560 2665 haee
1582 2633 1727 2664 doctrina
1750 2632 1789 2664 ad
1814 2633 1896 2664 diem
1921 2634 2040 2665 festum
2055 2633 2175 2665 Pesah:
