2304 3034
227 206 289 237 335

224 311 266 331 er
267 306 314 330 int
333 308 432 336 usque
451 296 489 327 ad
512 306 690 335 vesperam,
716 306 780 326 non
800 295 915 326 leviter
934 296 1089 335 populum
1110 308 1190 337 pun—

223 353 298 383 gere
333 341 450 375 (hbuit,
482 346 517 369 ut
547 349 632 378 pecc
627 344 715 369 itum
745 339 848 377 magis
878 339 1057 369 abominari
1088 340 1189 371 disce-

223 377 282 415 {et
336 382 399 414 Sed
431 392 530 421 quum
562 382 685 412 eineres
719 381 872 421 colligere
906 382 1035 412 nonnisi
1069 383 1190 413 mundo

223 426 343 458 homini
368 428 414 455 1115
437 431 536 461 esset,
572 435 630 455 nec
654 424 728 454 111101
754 435 909 463 reponere
933 434 1028 463 quam
1059 425 1092 455 in
1122 426 1191 457 1000

223 469 352 504 mundo,
379 468 436 498 1100
459 467 605 508 symbolo
630 466 886 497 demonstratum
911 466 987 503 fuit,
1021 478 1082 498 non
1118 468 1187 499 sub>

222 514 334 543 sistere
358 511 456 540 ullam
482 510 640 541 maculam
664 510 695 539 in
721 510 788 549 ipso
812 510 978 546 sacrificio,
1003 510 1057 541 sed
1078 510 1117 541 ab
1136 522 1190 541 ex-

223 563 333 585 tranea
364 560 393 583 et
429 553 609 583 adventitia
634 553 703 582 labe
727 553 850 583 censeri
875 552 1109 592 quodammodo
1134 554 1191 584 im·

222 605 355 637 purum:
380 596 456 636 quia
479 595 703 635 abstergendis
727 595 876 626 sordibus
896 595 1092 626 destinatum
1112 602 1190 627 erat.

222 640 316 671 Unde
346 646 377 670 et
407 650 489 678 aqna
518 650 551 668 in
590 649 685 677 quain
724 637 956 669 coniiciebatur
993 639 1090 676 ciuis,
1126 647 1190 669 tam

223 694 305 722 aqua
328 682 541 722 separationis
571 692 666 721 quam
699 681 840 720 expiatio
871 680 956 711 dicta
985 681 1053 712 fuit.
1101 682 1191 713 Haec

222 726 308 757 enim
335 726 426 755 lectio
450 734 544 763 quam
571 723 695 754 reddidi
720 725 861 764 genuina
885 730 944 755 est:
968 734 1004 754 ac
1023 735 1189 764 perperam

222 775 353 799 vertunt
366 769 434 798 alii:
460 767 499 797 In
513 778 612 807 aquas
625 767 847 807 sepirationis‚
868 775 897 797 et
912 766 950 797 ad
964 768 1189 806 expiationem.

223 812 326 842 Vetus
355 812 531 849 interpres,
563 811 666 849 quoad
695 810 777 840 bane
809 820 936 845 vocem,
967 821 1098 841 sensum
1129 822 1190 841 non

223 854 306 884 male
330 853 478 891 reddidit,
502 852 586 892 quod
610 864 708 883 vacca
727 853 767 883 sit
788 853 956 884 combusta
976 863 1033 892 pro
1054 860 1190 893 peccato

223 896 287 929 Sed
313 897 462 936 quonian]
486 896 626 926 Hebraei
651 902 746 928 ἢΝὮΠ
776 902 840 926 tam
871 896 976 926 scelus
1007 896 1057 926 vel
1082 907 1191 936 pecca-

223 945 301 976 tum,
325 950 420 979 quam
447 940 585 970 bostiam
606 939 657 970 0111
677 939 857 978 imponitur
875 938 1067 975 maledictio,
1092 939 1192 979 signi-

224 984 311 1014 fieat:
338 984 452 1013 melius
476 982 673 1022 exprimitur
696 981 780 1021 quod
806 982 907 1012 voluit
930 982 1037 1012 Moses
1064 984 1192 1012 nomine

222 1026 426 1065 expiationis.
475 1024 644 1065 Separatio
668 1032 777 1055 autem
802 1024 840 1055 ad
868 1025 1013 1056 homines
1042 1025 1190 1061 refertur,

224 1080 300 1108 quos
325 1068 473 1108 propriae
497 1068 606 1098 sordes
630 1068 784 1098 arcebant
807 1078 825 1098 a
848 1078 938 1098 sacro
957 1074 1059 1098 coetu.
1084 1067 1192 1106 Quae—

222 1112 305 1142 ritur
336 1117 444 1141 tamen
478 1121 536 1141 cui·
570 1117 729 1141 statutum
765 1111 825 1141 hoe
859 1121 1032 1141 commune
1068 1110 1192 1141 dicatur

222 1163 288 1185 tam
319 1154 455 1185 advenis
480 1153 772 1202 peregrinantibus
800 1154 833 1183 in
858 1159 944 1184 terra
968 1153 1068 1184 Israel
1095 1164 1191 1193 quam

222 1197 397 1237 indigenis:
434 1197 508 1245 quia
535 1197 667 1227 minime
691 1204 942 1227 consentancum
966 1197 1079 1227 fuisset
1103 1207 1193 1227 mun-

224 1224 311 1271 dariD
321 1240 571 1271 incircumcisos.
623 1239 751 1270 50111110
784 1240 885 1270 facilis
911 1246 975 1276 est,
1007 1239 1193 1279 peregrinos

222 1283 360 1318 intelligi
386 1294 448 1313 non
473 1284 526 1322 qui
553 1293 683 1322 prorsus
702 1283 798 1313 alieni
822 1289 931 1313 essent
951 1292 969 1312 a
987 1282 1112 1322 populo,
1137 1281 1191 1312 sed

224 1326 277 1366 qui
312 1325 439 1356 oriundi
473 1337 512 1356 ex
547 1326 697 1365 gentibus
737 1326 878 1365 profanis
920 1326 1062 1365 amplexi
1102 1331 1193 1355 erant

223 1369 344 1408 legem:
369 1369 465 1399 005111
487 1369 652 1400 sacrificiis
673 1374 705 1399 et
724 1369 847 1408 reliquo
866 1369 954 1400 cultu
971 1368 1058 1399 Deus
1079 1374 1194 1408 aequat

225 1412 377 1443 Abrabae
396 1412 484 1443 filiis:
506 1423 555 1449 ne,
575 1413 600 1442 si
625 1411 735 1451 dispar
755 1420 840 1442 esset
858 1411 1010 1448 conditio,
1035 1411 1194 1442 scindere-

224 1460 278 1486 tur
297 1455 439 1489 ecelesia.
465 1456 497 1485 in
522 1455 612 1486 cuius
636 1465 752 1494 corpus
776 1455 864 1485 insiti
889 1461 991 1485 erant.

312 1498 361 1528 11.
390 1498 448 1537 Qui
470 1498 601 1538 tempserit
623 1498 763 1529 cadaver.
790 1497 883 1528 Nunc
896 1498 1019 1537 species
1039 1496 1193 1536 quasdam

226 1541 439 1581 pollutionum
472 1542 585 1571 recitat
614 1542 647 1571 in
675 1540 790 1580 quibus
815 1541 997 1571 necessaria
1019 1540 1080 1571 fuit
1103 1540 1192 1570 lotio:

226 1595 337 1615 omnes
362 1591 470 1614 tamen
495 1583 536 1614 ad
559 1595 662 1614 unum
684 1590 781 1623 caput
804 1583 948 1619 redeunt,
980 1593 1095 1631 nempe
1118 1593 1192 1613 con-

227 1627 538 1664 tactumca‹lavei·‚is
565 1628 696 1663 ossium,
720 1626 869 1666 sepulcri,
893 1626 1114 1657 contaminare
1138 1626 1194 1656 ho-

226 1670 340 1700 mines.
386 1669 497 1709 Neque
528 1652 578 1700 [iic
609 1652 773 1700 distinctio
797 1671 928 1709 ponitur
951 1670 1034 1700 inter
1057 1668 1195 1699 hominis

227 1713 322 1744 occisi
353 1713 508 1749 cadav‚er
543 1719 575 1743 et
605 1713 673 1743 01115
704 1713 757 1752 (1111
787 1713 821 1743 in
851 1713 932 1744 lecto
962 1718 1109 1742 mortuus
1137 1717 1194 1742 est.

227 1755 321 1787 Unde
345 1756 491 1795 sequitur
514 1762 650 1786 mortem
676 1756 728 1786 hic
751 1756 886 1795 proponi
919 1762 1074 1803 tanquam
1099 1754 1195 1784 male-

228 1799 377 1830 (1101101115
409 1800 467 1829 Dei
498 1799 673 1838 speculum.
722 1799 764 1829 Et
798 1805 884 1830 certe
918 1799 944 1829 si
974 1797 1197 1829 consideratur

227 1842 297 1872 0105
321 1843 412 1881 origo
436 1848 467 1871 et
490 1853 595 1878 0110511,
632 1843 664 1872 in
689 1841 829 1881 quolibet
853 1841 984 1872 homine
1015 1846 1141 1871 mortuo
1163 1851 1196 1870 50

226 1885 350 1924 profert
382 1892 517 1915 nwitniae
549 1885 726 1933 corruptio
763 1896 825 1924 (100
848 1885 955 1924 imago
980 1883 1039 1914 Dei
1070 1883 1197 1914 foedata

228 1935 289 1959 est.
314 1928 389 1967 (10111
415 1928 474 1958 11151
497 1928 555 1958 toti
581 1928 690 1958 vitiosi
715 1938 870 1963 essemus,
903 1937 966 1958 non
991 1936 1198 1957 nasceremur

228 1970 267 2000 ad
301 1971 480 2001 interitum.
538 1970 603 2000 Sed
638 1971 698 2001 alio
738 1971 835 2001 etiam
867 1969 1069 2010 significandi
1105 1968 1197 1999 modo

230 2014 318 2043 Deus
350 2014 504 2053 populum
535 2014 658 2049 docuit,
696 2013 800 2044 labem
831 2013 996 2050 contrahi,
1029 2012 1082 2042 ubi
1113 2021 1197 2042 com-

228 2057 432 2087 municamus
454 2057 605 2096 operibus
630 2056 838 2087 infructuosis
859 2056 1076 2086 tenebrarum.
1119 2055 1197 2085 Peo-

227 2106 297 2130 cata
320 2110 405 2129 emm
432 2107 525 2130 vocat
545 2100 707 2139 apostolus
731 2098 828 2140 (Heb.
848 2099 876 2133 6,
904 2098 934 2140 1)
957 2108 1053 2138 opera
1072 2103 1199 2127 mortua

228 2143 278 2173 vel
302 2142 341 2172 1ιο
365 2142 490 2175 effeetu.
519 2143 568 2173 vel
589 2144 671 2182 qnia,
696 2143 788 2173 sicuti
808 2141 885 2173 fides
904 2147 954 2172 est
974 2141 1041 2172 vita
1060 2141 1196 2175 animaey

229 2186 275 2215 ita,
298 2185 473 2216 infidelitas
497 2186 529 2215 in
556 2195 656 2216 morte
681 2186 782 2224 ipsam
808 2184 938 2215 detinet.
985 2183 1095 2222 Quum
1122 2193 1198 2222 ergo

232 2228 379 2263 cadaver,
402 2239 483 2263 ossa.
510 2229 704 2268 sepulcrum.
729 2227 901 2268 designent
920 2226 1074 2275 quidquid
1093 2226 1198 2256 afferi-

231 2283 302 2301 mus
326 2283 366 2301 ex
389 2279 494 2302 utero:
523 2273 612 2310 quia,
649 2271 750 2301 donec
773 2273 874 2302 simus
898 2269 1049 2310 regeniti,
1081 2275 1113 2299 et
1143 2279 1198 2299 nos

231 2315 349 2362 spiritu
379 2326 436 2345 5110
466 2321 496 2344 01
528 2315 589 2345 file
619 2315 759 2345 vivificet
785 2314 889 2353 Deus,
919 2312 1057 2343 vivendo
1087 2321 1199 2342 sumus

232 2358 366 2388 HlOEKUl.

232 2400 332 2431 Israel
359 2408 393 2430 ut
416 2412 449 2430 50
475 2412 570 2440 puros
596 2401 664 2431 Deo
686 2411 766 2430 serv
762 2405 863 2437 irent,
894 2398 932 2428 ab
956 2398 1043 2428 omni
1067 2407 1198 2435 corrup—

233 2444 319 2473 tione
343 2443 569 2474 abstinendum
594 2454 675 2473 055·οῑ
700 2443 783 2483 (111111
808 2442 834 2473 si
857 2453 895 2472 ex
922 2441 1060 2471 bominis
1081 2439 1199 2469 mortui

233 2494 382 2516 contactu
409 2487 535 2516 macula
558 2487 668 2516 infecti
693 2494 817 2522 essent,

233 2540 302 2559 esse
335 2528 373 2558 ail
409 2530 615 2559 ablutionem.
671 2528 819 2567 Denique
852 2538 914 2557 non
947 2522 1009 2557 alio
1040 2525 1199 2564 spectavit·

232 2572 443 2606 caeremonia,
470 2573 529 2602 nisi
545 2580 577 2602 ut
594 2573 663 2611 puri
685 2583 703 2602 a
724 2572 811 2602 vitiis
830 2570 936 2601 carnis
956 2569 1079 2599 sincere
1095 2569 1198 2598 Deum

233 2615 383 2649 colorent,
416 2626 514 2654 seque
540 2621 728 2645 exercerent
751 2615 784 2644 in
814 2613 967 2644 continua
992 2611 1198 2641 meditatione

235 2658 461 2695 poenitentiae:
493 2658 576 2697 quod
604 2658 630 2687 si
655 2669 672 2687 a
696 2658 837 2697 puritate
862 2655 1066 2689 excidissent,
1093 2654 1197 2684 Deum

956 202 1142 235 PRIMUM
1167 204 1489 236 PRAECEPTUM.

398 2369 459 2387 non
485 2357 618 2388 dubium
642 2364 690 2387 est
714 2357 791 2396 quin
816 2356 973 2387 admoniti
998 2355 1117 2385 fuerint
1141 2353 1198 2384 filii
1224 2383 1226 2393 ,

1224 2438 1226 2448 ⁴
1251 2450 1346 2479 quam
1363 2438 1491 2468 foedare
1515 2437 1636 2467 cultum
1655 2438 1713 2467 Dei
1738 2438 1803 2467 suis
1827 2438 1992 2468 sacrificiis
2006 2437 2037 2480 ¹).

849 2483 1100 2521 confugiendum
1125 2493 1197 2512 mox
1224 2511 1226 2522 ¹

2148 207 2211 239 336

1242 298 1431 338 interposito
1476 298 1631 329 sacrificio
1672 302 1704 328 et
1744 298 1887 337 lotione,

1243 341 1379 380 placare.

1329 384 1376 415 13.
1404 383 1580 422 Quicunque
1603 383 1731 422 tetiqerit
1753 385 1914 420 mortuum,
1938 394 1992 416 nec
2010 385 2208 424 purificatus.

1243 426 1397 457 Gravitas
1428 437 1548 465 poenae
1579 426 1726 466 capitalis
1755 425 1895 456 ostendit
1917 433 2116 476 quantopere
2140 429 2210 461 Deo

1243 469 1369 508 placeat
1402 469 1586 499 mundities.
1644 469 1776 499 Poterat
1810 469 1985 508 quispiam,
2028 471 2053 501 51
2088 471 2209 503 oblitus

1242 518 1326 542 05501
1350 512 1399 542 die
1424 512 1519 542 tertio
1544 511 1592 542 vel
1622 512 1759 551 septimo
1783 522 1816 542 se
1840 522 2025 552 aspergere,
2057 515 2210 553 temporis

1242 555 1365 585 111101011
1389 555 1548 584 redimere
1579 565 1670 584 snam
1700 554 1948 594 negligentiam:
1980 556 2056 595 quia
2084 560 2211 587 tantum

1243 597 1492 637 ρι··01111110011101·
1522 598 1555 627 in
1579 597 1678 627 alium
1703 597 1787 627 diem
1812 597 1975 636 lustratio,
2004 598 2059 629 sed
2083 598 2211 639 ingredi

1242 651 1314 671 cuni
1340 640 1486 671 sordibus
1510 640 1740 674 sanctuarium,
1774 640 1910 679 capitale
1934 644 2019 671 erat:
2051 642 2127 681 quia
2152 642 2211 674 1100

1243 682 1338 713 modo
1363 683 1522 723 permixta
1548 683 1685 713 fuissent
1707 693 1799 713 sacra
1823 683 1977 722 profanis:
2013 683 2077 714 imo
2107 684 2211 724 polln-

1938 299 2107 331 studerent
2148 301 2210 333 sibi

1215 747 1217 757 .
1244 733 1313 756 tum
1337 726 1452 756 fuisset
1476 725 1576 755 altare
1600 735 1673 756 cum
1694 730 1760 755 toto
1782 724 1842 755 Dei
1866 725 1964 757 cultu.
1997 726 2120 757 Verum
2144 727 2211 767 qui-

1243 768 1316 799 dem
1350 775 1398 799 est
1432 769 1514 799 levis
1548 768 1704 798 momenti
1740 767 1840 798 fuisse
1874 773 1996 800 tactum
2034 769 2211 807 cadaveris,

1244 822 1302 842 nec
1325 822 1383 851 pro
1407 811 1527 842 scelere
1551 809 1689 841 nefando
1713 811 1811 841 fuisse
1842 811 2042 842 habendum:
2073 812 2129 843 sed
2160 813 2212 844 hio

1243 862 1380 885 externa
1403 853 1624 884 immundities
1644 864 1701 892 per
1719 863 1754 884 se
1770 864 1833 884 non
1856 860 2023 893 reputatur
2041 865 2077 886 ae
2096 855 2122 886 si
2142 855 2213 886 labe

1244 908 1283 928 ex
1312 899 1362 936 pio
1392 897 1497 928 officio
1526 902 1692 928 contracta
1721 896 1864 928 offensus
1892 902 1977 928 esset
2000 897 2106 928 Deus:
2136 898 2212 937 quin

1244 940 1351 980 potius
1374 940 1447 970 finis
1470 939 1691 970 caeremoniae
1715 939 1911 977 spectandus
1935 946 1991 978 est,
2015 940 2099 980 quod
2121 940 2212 972 Deus

1245 983 1364 1013 talibus
1388 982 1580 1013 rudimentis
1599 981 1766 1012 Israelitas
1786 987 1940 1022 tanquam
1961 993 2076 1022 pueros
2100 983 2213 1015 docere

1245 1026 1355 1061 voluit,
1380 1025 1407 1056 si
1431 1026 1500 1065 quis
1524 1026 1668 1055 inficeret
1691 1035 1783 1055 sacra
1806 1026 1874 1056 suis
1895 1025 2052 1062 sordibus,
2079 1026 2214 1058 minime

1244 1069 1278 1099 in
1313 1068 1372 1099 hac
1406 1068 1541 1098 audacia
1574 1078 1644 1098 esse
1679 1067 1893 1099 tolerandum.
1950 1068 1988 1099 In
2023 1068 2084 1100 hoc
2114 1069 2214 1109 igitur

1244 1113 1306 1142 sita
1330 1111 1391 1142 fuit
1414 1111 1541 1151 religio,
1572 1110 1696 1141 cultum
1722 1111 1781 1141 Dei
1805 1111 1909 1151 magis
1932 1122 2002 1142 esse
2025 1112 2214 1152 pretiosum,

1244 1165 1339 1194 quam
1364 1159 1399 1184 ut
1421 1165 1495 1185 eum
1519 1154 1651 1193 impune
1674 1153 1888 1184 contaminari
1916 1154 2061 1185 sinerent
2084 1154 2214 1185 Israeli-

1245 1204 1305 1228 tae.
1361 1197 1456 1228 Unde
1485 1196 1668 1237 colligimus
1695 1196 1864 1236 sacrilegio
1901 1197 2079 1237 irrogatam
2117 1198 2215 1229 fmsse

1244 1250 1391 1281 poenam.
1417 1239 1553 1270 Summa
1578 1239 1639 1270 1100
1664 1238 1756 1274 redit,
1783 1240 1888 1270 Deum
1912 1250 1976 1270 non
1992 1241 2052 1270 rite
2071 1239 2132 1271 coli
2152 1240 2215 1271 nisi

1245 1283 1341 1315 corde
1364 1284 1488 1313 sincero
1511 1289 1543 1312 et
1566 1282 1655 1322 puris
1676 1282 1840 1313 manibus:
1863 1282 1890 1313 si
1909 1281 1987 1322 quid
2007 1288 2114 1313 autem
2135 1283 2216 1314 labis

1245 1332 1445 1357 contractum
1481 1326 1541 1361 sit,
1577 1326 1762 1364 expiatione
1796 1336 1876 1365 opus
1910 1335 1999 1362 esse,
2041 1333 2215 1365 antequam

1246 1369 1327 1400 liber
1349 1368 1389 1398 ad
1413 1378 1504 1399 sacra
1527 1378 1675 1399 accessus
1698 1372 1816 1407 pateat.
1850 1368 2037 1399 Notandum
2061 1379 2138 1399 vero
2158 1373 2215 1407 est,

1246 1411 1348 1452 quoad
1380 1417 1578 1448 contactum,
1611 1421 1720 1451 parem
1756 1411 1855 1441 fuisse
1877 1411 2053 1447 rationem,
2083 1411 2153 1442 sive
2182 1411 2217 1442 in

1247 1465 1324 1494 agro
1351 1455 1469 1485 iaceret
1492 1453 1638 1491 cadaver⁷
1663 1454 1732 1484 sive
1756 1453 1851 1484 domi.
1898 1453 2022 1484 Verum
2046 1453 2073 1484 si
2093 1454 2166 1493 quis
2185 1454 2218 1485 in

1248 1497 1454 1528 tabernaculo
1486 1501 1570 1527 esset
1600 1502 1764 1533 mortuus,
1795 1497 1863 1527 solo
1892 1496 2042 1537 ingressu
2069 1496 2219 1528 homines

1248 1540 1349 1571 fuisse
1369 1540 1516 1579 pollutos,
1541 1539 1690 1570 similiter
1703 1550 1781 1570 vasa
1800 1549 1881 1579 quae
1900 1539 2050 1579 operculo
2068 1543 2219 1570 carerent

1251 1583 1349 1614 fuisse
1374 1582 1503 1621 polluta.

1340 1626 1390 1656 22.
1415 1625 1457 1655 Et
1484 1625 1634 1664 quidquid
1661 1625 1792 1662 teti-aeret
1820 1625 2009 1657 immundus.
2056 1624 2122 1655 Alii
2145 1635 2217 1656 ver-

1249 1673 1335 1699 tunt:
1361 1668 1516 1707 Quisquis
1536 1668 1680 1707 tetigerit
1698 1667 1913 1706 immundum,
1938 1667 2126 1698 immundus
2147 1668 2218 1699 erit.

1250 1712 1331 1742 Nam
1355 1721 1453 1751 quum
1479 1710 1620 1741 Hebraei
1644 1716 1759 1741 neutro
1784 1721 1902 1750 genere
1931 1717 2076 1748 careant,
2111 1715 2220 1750 potest

1249 1755 1422 1785 relativum
1459 1760 1535 1785 Ἶῐικκ·
1569 1759 1601 1783 et
1635 1764 1750 1783 nomen
1781 1759 1876 1786 &Dr-“rt
1906 1758 1972 1784 tam
2002 1753 2219 1784 masculinum

1249 1808 1344 1837 quam
1376 1802 1526 1827 neutrum
1557 1806 1644 1827 esse:
1675 1801 1707 1826 et
1738 1801 1873 1836 uterque
1903 1807 2016 1827 sensus
2047 1807 2112 1827 non
2135 1796 2220 1827 male

1249 1839 1437 1871 conveniet:
1470 1840 1530 1869 nisi
1559 1839 1642 1878 quod
1674 1850 1714 1869 ex
1745 1839 1887 1869 seeundo
1919 1840 2063 1870 membro
2096 1839 2220 1879 colligi-

1250 1894 1329 1918 mus„
1354 1882 1459 1921 potius
1479 1881 1517 1912 de
1536 1882 1726 1921 contagione
1747 1882 1797 1912 hie
1817 1882 1957 1918 tractari,
1978 1892 2041 1922 qua
2060 1881 2221 1912 immundi

1251 1932 1318 1956 tam
1353 1925 1501 1955 homines
1536 1935 1631 1963 quam
1668 1930 1773 1955 vestes
1813 1930 1846 1954 et
1870 1925 1992 1964 reliqua
2028 1935 2105 1956 vasa
2148 1924 2221 1955 iufi-

1250 1969 1350 2000 ciunt.
1397 1967 1507 2006 Neque
1539 1967 1625 1997 enim
1657 1966 1695 1997 ad
1726 1977 1896 2006 vesperam
1929 1978 2030 2007 usqne
2059 1967 2221 1998 duntaxat

1250 2010 1409 2042 immundi
1433 2015 1525 2041 erant
1548 2009 1602 2049 qui
1627 2010 1802 2049 tetigerant
1821 2010 1969 2047 cadaver,
1992 2020 2072 2046 ossa,
2098 2010 2148 2041 vel
2170 2020 2221 2041 se-

1252 2055 1414 2094 pulcrum,
1449 2052 1504 2083 sed
1526 2052 1600 2083 totis
1624 2058 1747 2091 septem
1773 2052 1895 2083 diebus.
1941 2052 2083 2083 Videtur
2112 2057 2221 2083 autem

1252 2096 1360 2127 addita
1385 2096 1482 2126 101550
1506 2095 1583 2126 haec
1607 2096 1763 2129 clausula,
1789 2106 1828 2125 ne
1851 2095 2029 2126 fremerent
2050 2095 2165 2126 Iudaei
2181 2095 2221 2126 ob

1252 2149 1373 2180 poenae
1396 2139 1612 2169 atrocitatem:
1637 2138 1719 2177 quod
1743 2138 1830 2168 Deus
1854 2138 1926 2168 leve
1945 2137 2097 2168 delictum
2118 2142 2222 2169 morte

1253 2183 1415 2222 plecteret.
1475 2181 1546 2212 Hac
1581 2181 1681 2220 igitur
1719 2181 1844 2211 ratione
1879 2180 2080 2211 demonstrat
2115 2181 2222 2212 Moses

1252 2230 1372 2265 quanto
1403 2229 1493 2254 reatu
1523 2234 1557 2254 se
1580 2224 1781 2263 obstringant
1813 2223 1866 2263 qui
1890 2223 2049 2254 immundi
2074 2234 2221 2263 perrum-

1252 2274 1333 2308 punt
1356 2267 1396 2298 ad
1420 2267 1651 2302 sanctuarium,
1683 2266 1757 2305 quia
1782 2266 1842 2296 Dei
1866 2266 2086 2303 sanct-itatem,
2117 2277 2219 2306 quan-

1252 2318 1321 2341 tum
1345 2311 1377 2340 in
1402 2320 1435 2340 se
1459 2316 1516 2345 est,
1542 2320 1604 2339 non
1628 2309 1697 2339 sine
1721 2308 1915 2339 intolerabili
1935 2309 2131 2340 contumelia
2150 2309 2219 2349 pol·

1252 2354 1356 2384 luunt.
1389 2354 1495 2391 Atque
1520 2352 1595 2382 111110
1619 2352 1747 2382 videtur
1770 2358 1899 2391 sumpta
1922 2352 2020 2383 fuisse
2044 2355 2220 2392 prophetae

1251 2396 1446 2435 obiurgatio.
1476 2395 1529 2425 ubi
1560 2394 1690 2425 Iudaeis
1720 2394 1908 2434 exprobrat,
1940 2405 1993 2426 eos
2018 2395 2100 2425 1111111
2131 2394 2220 2426 aliud

2063 2437 2220 2477 Proponit

1251 2483 1336 2513 enim
1373 2481 1455 2511 hanc
1489 2480 1708 2520 quaestionem
1742 2480 1978 2511 sacerdotibus:
2036 2480 2074 2512 Si
2109 2480 2220 2511 tulerit

1252 2525 1346 2555 bomo
1362 2534 1492 2555 carnem
1510 2528 1654 2554 sanctam
1679 2523 1711 2553 in
1725 2533 1781 2553 ora
1796 2524 1893 2554 vestis
1917 2533 2002 2560 suae,
2027 2528 2059 2554 et
2075 2522 2220 2563 tetigerit

1338 2626 1364 2657 1)
1388 2625 1528 2650 Editiones
1548 2627 1584 2649 ad
1604 2625 1674 2650 hunc
1693 2625 1778 2651 locum
1799 2625 1914 2651 laudant
1935 2626 2004 2652 Mal.
2021 2625 2050 2657 2,
2079 2626 2126 2652 ubi
2149 2624 2218 2651 nih-'l

1224 2685 1226 2687 .
1252 2661 1303 2686 tale
1321 2661 1425 2692 lenitur.
1464 2659 1567 2685 Alludit
1585 2663 1666 2685 autor
1685 2660 1721 2684 ‹zd
1742 2660 1828 2693 Ilafflq.
1849 2660 1873 2693 2,
1894 2660 1927 2686 10
1946 2668 1983 2694 sq,
