2304 3034
149 166 208 197 139

718 159 1087 192 COMMENTARIUS
1112 159 1159 191 IN
1184 160 1333 192 EXODI
1356 160 1454 191 CAP.
1480 160 1558 190 XII.

2074 162 2134 193 140

148 271 205 292 sua
236 257 438 291 cunctatione
470 256 612 295 ingerat:
647 264 743 294 quam
776 259 850 284 ant-e
878 254 977 285 solers
1007 254 1112 285 fuerat
1137 254 1140 298 Ι
1166 259 1357 295 temptores,
1389 254 1444 295 qui
1475 264 1516 283 ex
1547 263 1605 283 5110
1629 264 1726 284 sensu
1751 257 1783 283 et
1813 255 1975 285 communi
2006 255 2131 288 ratione

149 303 188 334 ad
223 299 419 332 licitanduni.

149 354 260 377 omnes
283 341 496 381 exceptiones,
520 340 595 371 hinc
620 350 652 370 sc
676 339 783 379 prodit
806 339 947 370 hominis
967 341 1111 378 mutatio,

149 388 223 428 quia
235 386 374 416 ferreum
389 390 498 423 pectus
511 382 596 413 idem
613 383 700 413 Deus
713 382 766 422 qui
779 388 876 413 antea
888 381 1112 419 obduraverat,

149 439 235 461 nunc
253 427 418 466 confregit.
454 426 541 456 Hinc
560 426 657 456 etiam
676 425 799 455 elamor
811 424 865 455 ille
878 424 1113 464 desperationis

148 472 258 504 index:
279 469 402 501 Omnes
421 479 532 500 sumus
552 467 686 499 mortui:
709 468 786 498 hinc
804 467 941 499 facilitas
956 468 988 497 10
1008 467 1114 499 danda

150 516 233 546 ultro
274 512 511 552 suppellectile,
554 516 587 541 ut
628 510 738 550 spoliis
777 514 894 541 ornent
927 520 1005 549 quos
1040 515 1113 541 ante

149 556 383 597 expilaverant.
420 554 530 594 Neque
549 555 637 584 enim
657 554 777 584 frustra
798 551 924 592 repetit,
945 563 963 583 a
982 553 1112 584 coelesti

149 599 305 631 instinctu
340 608 487 628 manasse
523 597 609 628 hunc
643 597 800 627 favorem:
838 596 913 635 quia
947 606 1112 636 nunquam

149 648 239 674 tanta
278 641 310 672 in
352 640 568 680 praedonibus
602 639 713 670 fuisset
748 639 925 669 liberalitas
959 643 995 668 ut
1029 638 1113 669 ultro

149 686 328 725 proferrent
352 682 507 723 quidquid
538 688 606 712 erat
637 681 723 712 domi
752 682 945 721 pretiosum,
977 690 1010 710 01
1038 681 1113 712 filiis

149 727 251 759 Israel
282 727 485 766 porrigerent
516 726 579 755 iam
611 724 650 756 ad
684 724 917 764 profectionem
952 724 1113 761 accinctis,

150 781 228 811 quos
252 769 395 801 sciebant
419 769 457 799 ob
482 774 527 798 tot
552 767 687 798 iniurias
706 768 776 798 iure
796 766 856 797 sibi
876 777 945 797 esse
968 767 1112 798 infestos.

150 813 195 845 Ut
219 819 325 844 autem
350 813 393 842 ita
418 811 568 851 propensi
592 815 701 841 essent
726 810 783 841 filii
808 809 910 840 Israel
934 809 974 840 ad
998 820 1113 849 paren-

151 857 238 893 dum,
262 856 313 895 qui
339 855 427 894 prius
452 854 500 884 vel
527 853 618 889 tardi,
643 853 695 884 vol
719 853 948 888 inconstantes,
974 852 1023 882 vel
1048 862 1113 883 mo-

150 899 223 936 rosi,
239 898 286 928 vel
301 897 471 938 praefracti
485 897 624 931 fuerant,
645 896 778 936 spiritus
798 895 975 927 directione
995 897 1114 926 factum

152 950 217 979 051,
242 952 322 981 quae
347 945 511 971 momento
535 939 632 970 corda
655 950 765 970 eorum
790 939 897 969 flexit:
931 943 966 968 ut
996 938 1115 977 optime

153 985 242 1016 norit
268 983 358 1014 Deus
381 994 492 1013 omnes
517 988 697 1022 opportune
720 981 836 1022 agendi
861 981 1024 1012 articulos.

235 1027 285 1057 37.
314 1026 505 1065 Profectique
534 1028 616 1056 sunt.
664 1024 858 1064 Quanquam
890 1024 988 1054 latius
1019 1023 1115 1054 fnisse

152 1070 313 1110 dispersos
335 1069 486 1100 credibile
510 1075 566 1105 est,
591 1079 689 1108 quum
710 1068 797 1108 regio
818 1067 871 1097 illa
891 1072 1013 1097 tantam
1035 1066 1114 1097 mul-

149 1113 321 1144 titudinem
341 1123 456 1151 capere
476 1122 540 1141 non
562 1118 677 1151 posset,
697 1110 887 1151 praesertim
908 1120 1005 1149 quum
1019 1109 1115 1140 simul

150 1156 334 1187 habitarent
361 1155 526 1195 Aegyptii:
553 1154 624 1194 quia
651 1159 761 1185 tamen
781 1157 946 1193 superstes
967 1151 1116 1182 manebat

150 1199 372 1239 promissionis
393 1198 556 1233 memoria,
578 1196 662 1227 unde
683 1207 755 1236 spes
769 1196 875 1235 aliqua
888 1195 1116 1235 redemptionis

151 1252 278 1281 semper
302 1240 385 1281 apud
411 1251 463 1271 eos
492 1239 619 1270 residua
650 1246 735 1277 erat,
767 1249 831 1269 non
864 1239 981 1269 mirum
1013 1242 1061 1269 est
1090 1238 1116 1269 si

151 1296 224 1316 cuin
248 1295 366 1324 magno
391 1282 594 1314 incommodo
614 1282 774 1323 angustiis
794 1282 972 1321 constringi
996 1280 1116 1311 malue-

152 1329 216 1359 rint
230 1337 327 1367 quam
341 1327 420 1357 alias
437 1325 528 1357 sedes
548 1325 730 1366 quaerendo
750 1324 919 1356 descedere
940 1335 958 1355 a
976 1333 1116 1363 corpore.

153 1371 325 1410 Proprium
367 1369 495 1409 quidem
534 1369 593 1400 hoc
633 1369 731 1399 fuisse
772 1368 878 1408 gentis
920 1367 1114 1397 domicilium

153 1414 250 1445 etiam
274 1424 312 1444 ex
337 1412 555 1452 superioribus
580 1416 677 1452 patet,
702 1411 754 1442 ubi
779 1411 925 1441 narravit
946 1410 1053 1440 Moses
1077 1409 1116 1440 ad

153 1457 287 1488 serviit-s
311 1466 423 1495 operas
455 1455 552 1486 fuisse
576 1459 716 1491 coactos,
753 1459 788 1485 ut
817 1459 1021 1484 exstruerent
1053 1452 1117 1482 illic
1143 1489 1144 1496 Ι

153 1500 250 1530 urbes
275 1499 432 1535 munitas,
468 1509 549 1538 quae
581 1497 701 1529 scilicet
726 1508 779 1528 eos
802 1496 1002 1527 includerent
1027 1496 1116 1535 quasi

154 1543 212 1573 sub
237 1541 388 1573 custodia.
435 1541 473 1571 In
499 1551 631 1571 numere
656 1540 824 1571 hominum
849 1550 941 1580 quein
963 1546 1116 1576 recenset,

154 1585 341 1616 incredibile
376 1584 498 1624 gratiae
528 1584 589 1614 Dei
624 1583 817 1614 miraculum
851 1582 1057 1614 commendat
1085 1582 1116 1611 in

155 1628 303 1669 augenda
327 1634 356 1658 ct
382 1626 589 1667 propaganda
608 1627 723 1657 sobole.
757 1626 807 1657 Ita
828 1624 1117 1664 refutaturimpio-

155 1682 227 1702 rum
259 1671 437 1710 protervia,
467 1670 521 1710 qui
552 1669 613 1701 sibi
644 1669 682 1700 ad
707 1668 927 1700 subsannandi
952 1668 1118 1698 materiam

155 1715 302 1745 sufficere
314 1718 440 1753 putant,
453 1724 517 1744 non
537 1712 681 1753 potuisse
702 1712 896 1743 naturaliter
915 1716 980 1741 tam
1001 1710 1119 1750 exiguo

155 1766 298 1797 tempore
319 1758 484 1797 ingentem
509 1756 661 1796 populum
687 1765 853 1795 emergere
872 1765 910 1784 ex
933 1764 997 1785 uua
1016 1753 1118 1784 domo.

155 1800 269 1840 Itaque
288 1800 392 1839 plenis
415 1799 522 1830 buccis
548 1798 720 1838 sacrilegos
747 1809 820 1829 suos
848 1798 931 1828 risus
955 1801 1118 1827 evomunt.

156 1843 257 1882 Quasi
282 1853 358 1873 vero
382 1842 572 1882 simpliciter
593 1848 700 1872 narret
716 1841 822 1872 Moses
842 1840 916 1880 quid
937 1840 1119 1880 eontigerit,

156 1897 191 1917 ac
213 1897 275 1916 non
300 1886 404 1925 potius
427 1884 625 1925 singularem
642 1884 702 1914 Dei
728 1884 904 1923 potentiam
930 1882 1064 1913 extollat
1086 1882 1119 1912 in

156 1928 305 1969 augenda
329 1932 460 1967 repente
484 1927 626 1958 eeclesia.
663 1927 762 1967 Atqui
787 1927 906 1958 scimus
931 1937 993 1956 non
1019 1924 1120 1965 magis

157 1971 287 2003 difficile
323 1971 422 2002 fuisse
458 1971 556 2001 totius
587 1970 699 2000 mundi
734 1970 837 2009 opifici
870 1970 901 1999 in
934 1980 996 1999 una
1026 1973 1120 2008 gente

157 2013 401 2054 multiplicanda
434 2024 586 2052 superare
620 2019 754 2044 naturae
788 2013 948 2049 ordinem,
978 2021 1073 2052 quam
1103 2020 1120 2041 a

157 2058 260 2097 primo
301 2057 432 2087 exordio
470 2067 509 2086 ex
544 2058 611 2086 viro
646 2066 709 2086 uno
744 2062 776 2086 et
810 2055 946 2086 muliere
988 2058 1119 2094 repente

157 2099 330 2140 producere
366 2099 481 2130 multos
514 2099 662 2139 populos:
705 2098 821 2129 deinde
856 2103 927 2138 post
962 2097 1118 2128 diluvium

158 2145 248 2173 miris
272 2143 479 2173 incrementis
511 2153 660 2182 reparare
690 2142 869 2172 humanum
892 2151 1003 2181 genus.
1050 2140 1117 2170 Iam

158 2186 235 2217 hacc
271 2185 440 2225 peculiaris
481 2186 633 2216 0001051110
667 2184 806 2215 conditio
840 2189 903 2221 est,
945 2188 981 2214 ut
1015 2183 1047 2213 in
1082 2192 1119 2213 ea

158 2228 322 2269 gignunda
363 2237 394 2258 et
434 2228 596 2258 servanda
637 2227 801 2258 insolitam
842 2227 994 2257 virtutem
1030 2225 1119 2256 Deus

158 2278 293 2302 exserat.
319 2276 353 2301 ut
377 2281 394 2301 a
418 2271 580 2301 communi
604 2270 772 2300 hominum
797 2270 921 2301 ratione
943 2273 1117 2309 separetur.

160 2315 227 2344 Etsi
263 2315 346 2344 enim
384 2314 609 2353 peregrinatur
638 2314 669 2343 in
704 2318 805 2351 terra,
835 2313 981 2344 coelestis
1012 2316 1118 2341 tamen

158 2356 393 2396 quodammodo
417 2357 484 2387 eius
513 2364 627 2386 natura
657 2362 718 2393 est,
748 2362 783 2386 ut
813 2356 930 2387 clarius
954 2356 985 2385 in
1009 2364 1045 2384 ea
1070 2363 1118 2383 re-

159 2400 279 2439 fulgeat
312 2411 390 2439 opus
416 2400 485 2430 Dei.
531 2399 645 2438 Itaque
676 2399 757 2429 nihil
788 2400 906 2429 mirum
938 2398 964 2429 si
994 2401 1119 2437 praeter

159 2443 315 2473 usitatum
336 2453 457 2473 morem
477 2443 564 2481 quasi
586 2454 623 2472 ex
646 2441 746 2472 nihilo
771 2446 923 2482 emergat,
949 2441 973 2471 si
998 2443 1120 2471 crescat

159 2485 268 2515 eodem
294 2485 405 2522 inodo,
433 2492 461 2515 et
487 2485 655 2516 continuos
677 2485 774 2516 faciat
796 2494 995 2525 progressus.
1042 2482 1118 2512 Tale

159 2529 253 2558 etiam
289 2528 456 2567 exemplar
485 2528 577 2557 nobis
609 2528 711 2567 pingit
744 2528 865 2558 Paulus
894 2527 923 2557 4.
955 2525 993 2557 ad
1025 2525 1116 2556 Rom.

159 2571 260 2610 capite
292 2571 322 2600 in
348 2570 498 2601 Abrahae
529 2582 675 2610 persona.
722 2570 827 2602 Sicuti
857 2580 932 2601 vero
956 2574 1117 2608 stuporem

159 2624 251 2643 suum
282 2614 314 2643 in
344 2613 476 2645 scelesta
506 2613 640 2644 audacia
670 2614 809 2653 produnt
838 2612 929 2652 impii
954 2612 1013 2642 Dei
1042 2621 1117 2642 con-

478 297 565 328 Dum
606 307 682 337 ergo
722 297 914 327 festinanter
954 297 1139 328 abscindit*

1165 299 1339 329 aestimant
1364 297 1424 327 hoc
1450 297 1508 326 Dei
1533 305 1629 336 opus:
1659 295 1704 326 ita
1736 307 1866 327 rursum
1890 298 2053 337 ineptiunt
2076 299 2132 339 qui

1165 340 1296 371 student
1330 338 1561 379 philosophicis
1596 338 1774 369 rationibus
1806 339 1919 370 Mosen
1949 339 2130 379 defendere,

1164 383 1256 415 cuius
1290 383 1384 422 longe
1419 382 1584 412 diversum
1620 381 1682 411 fuit
1715 381 1901 419 eonsilium,
1944 393 2059 423 nempe
2096 389 2132 415 ut

1165 426 1293 456 doceret
1311 436 1376 456 non
1396 425 1492 455 fuisse
1511 424 1739 464 promissiones
1758 424 1881 455 irritas:
1907 424 2132 465 Multiplieabo

1165 479 1276 499 semen
1300 473 1391 498 tuum
1416 468 1518 497 instar
1542 477 1659 497 arenae
1684 467 1784 497 maris
1803 472 1834 497 et
1861 467 2028 498 stellarum
2053 469 2132 500 coeli

1165 510 1263 552 (Gen.
1291 511 1339 548 15,
1362 509 1411 551 5):
1436 520 1573 549 quarum
1597 509 1731 540 effectus
1756 510 1898 540 humano
1921 516 2017 550 captu
2037 522 2130 551 supe-

1166 554 1232 584 rior
1256 558 1332 584 crat.

1251 597 1301 628 38.
1326 596 1429 635 Atque
1452 595 1544 626 etiam
1567 594 1670 625 mistio
1690 594 1794 625 multa.
1831 594 1989 633 Quamvis
2013 596 2131 627 multos

1166 650 1277 670 servos
1310 638 1488 678 possederit
1523 636 1704 675 Abraham,
1739 638 1793 668 vix
1828 644 1935 668 tamen
1970 637 2131 677 probabile

1166 686 1215 713 est
1238 681 1334 713 Iacob
1358 681 1454 712 aliam
1474 680 1506 710 in
1526 680 1608 710 fame
1627 679 1745 710 aluisse
1767 680 1922 711 familiam
1942 691 2038 720 quam
2059 691 2132 721 pro-

1166 725 1252 765 prios
1277 725 1408 755 liberos:
1434 722 1549 763 quibus
1573 723 1671 753 etiam
1691 722 1813 754 alendis
1833 724 1889 754 vix
1909 723 2057 754 sufficere
2076 734 2131 763 po—

1167 772 1266 805 terat,
1302 778 1342 797 ne
1377 777 1487 797 omnes
1521 766 1693 797 conficeret
1727 765 1842 796 inedia.
1902 765 1997 797 Certe
2031 777 2131 806 quum

1168 811 1274 841 Moses
1299 810 1331 840 in
1352 809 1535 849 Aegyptum
1556 808 1683 839 venisse
1708 818 1852 846 narrans,
1876 819 2042 840 servorum
2067 820 2132 840 non

1168 853 1330 889 meminit,
1361 852 1518 883 coniicere
1541 851 1614 881 licet
1637 861 1699 881 11011
1726 861 1877 891 magnam
1902 852 2040 882 traxisse
2064 858 2131 883 tur-

1169 896 1257 926 bam:
1281 896 1356 936 quia
1381 895 1552 925 necessitas
1576 893 1712 933 cogebat
1735 893 1848 924 saltem
1869 895 1978 933 paucis
2002 899 2132 925 conten-

1169 944 1237 969 tnin
1281 950 1359 969 esse.
1425 937 1520 969 Unde
1555 936 1724 977 colligetur
1759 937 1977 976 promiscuum
2013 937 2132 978 vulgus

1167 981 1252 1021 quod
1276 992 1309 1012 se
1332 980 1490 1012 Israelitis
1513 980 1672 1016 adiunxit,
1699 979 1747 1009 vel
1772 979 1945 1010 oriundum
1970 981 2068 1011 fuisse
2091 991 2131 1011 ex

1168 1025 1330 1065 Aegypto,
1345 1024 1396 1055 vel
1411 1023 1487 1054 illuc
1501 1022 1668 1054 habitandi
1684 1032 1778 1053 causa
1790 1022 1948 1062 migrasse
1961 1033 2000 1053 ex
2015 1023 2132 1054 vicinis

1168 1067 1364 1108 regionibus.
1411 1066 1514 1097 Sicuti
1538 1065 1659 1096 fertiles
1692 1071 1798 1096 terrae
1832 1066 1940 1105 copiae
1964 1065 2132 1097 dulcedine

1168 1111 1286 1141 multos
1307 1109 1448 1140 advenas
1468 1108 1507 1139 ad
1527 1119 1560 1139 se
1580 1108 1736 1139 alliciunt.
1773 1108 1862 1138 Idem
1886 1118 2000 1139 nomen
2015 1108 2133 1149 legitur

1169 1153 1345 1184 Nelicniiae
1366 1152 1413 1183 13.
1434 1151 1617 1182 ubidicitur
1630 1156 1833 1191 segregatam
1854 1151 1951 1182 fuisse
1963 1151 2132 1191 profanam

1169 1195 1409 1226 multitudinem
1440 1205 1458 1225 a
1489 1194 1638 1234 genuinis
1670 1194 1844 1231 Israelitis,
1878 1205 1919 1225 ne
1950 1194 2132 1233 promiscue

1170 1238 1306 1269 eundem
1332 1249 1442 1269 omnes
1465 1237 1601 1278 gradum
1631 1237 1689 1268 sibi
1721 1241 1928 1276 arrogarent,
1961 1242 2056 1277 atque
2086 1237 2133 1268 ita

1169 1283 1301 1313 confuso
1325 1281 1449 1312 delectu
1474 1280 1608 1311 ecclesia
1631 1279 1837 1319 pollueretur.
1884 1279 1919 1311 Si
1943 1280 1994 1311 cui
2025 1284 2131 1311 autem

1168 1324 1343 1355 absurdum
1367 1324 1503 1358 videtur,
1529 1324 1681 1363 profanos
1704 1322 1852 1353 homines
1877 1322 1965 1353 nulla
1988 1333 2045 1362 spe
2069 1333 2132 1353 me-

1169 1367 1248 1398 liore
1281 1367 1459 1407 proposita,
1503 1372 1616 1406 sponte
1652 1365 1831 1396 deseruisse
1866 1365 2065 1396 commodam
2101 1370 2132 1396 et

1168 1411 1308 1450 opimam
1340 1409 1587 1445 habitationem,
1623 1412 1659 1439 ut
1689 1409 1765 1448 vagi
1794 1414 1825 1438 et
1854 1408 2001 1448 palantes
2032 1418 2131 1440 novas

1170 1453 1261 1484 sedes
1285 1457 1486 1493 quaererent,
1508 1452 1628 1492 cogitet
1652 1457 1698 1481 tot
1720 1450 1863 1482 cladibus
1884 1455 1960 1481 tunc
1980 1450 2130 1482 afflictam

1169 1496 1267 1527 fnisse
1293 1497 1476 1535 Aegyptum
1503 1502 1537 1525 ut
1560 1506 1618 1525 sua
1648 1493 1850 1524 deformitate
1874 1499 1905 1524 ct
1927 1494 2035 1534 inopia
2058 1504 2132 1525 suos

1170 1540 1293 1570 accolas
1317 1540 1407 1569 facile
1431 1538 1559 1578 abigere
1583 1537 1732 1578 potuerit.
1768 1537 1889 1576 Magna
1914 1547 1987 1576 pars
2011 1536 2132 1576 pecoris

1170 1582 1355 1619 interierat,
1380 1582 1489 1621 fruges
1512 1592 1623 1611 omnes
1646 1586 1739 1611 erant-
1769 1583 1954 1619 corruptae,
1983 1580 2052 1620 agri
2076 1590 2131 1610 va-

1171 1625 1257 1663 stati,
1281 1630 1312 1655 01
1336 1635 1432 1664 propo
1457 1624 1588 1655 deserti:
1615 1634 1675 1654 non
1700 1623 1817 1653 mirum
1842 1622 1941 1662 igitur
1965 1623 1990 1653 si
2014 1622 2132 1653 multos

1170 1668 1344 1708 inquilinos
1358 1673 1387 1698 et
1402 1667 1524 1707 aliquos
1537 1668 1633 1697 etiam
1654 1677 1693 1697 ex
1713 1665 1876 1706 indigenis
1895 1665 2075 1705 desperatio
2098 1665 2132 1696 in

1169 1712 1278 1751 fugam
1292 1711 1490 1750 compulerit.
1520 1710 1607 1740 Fieri
1621 1710 1718 1740 etiam
1738 1712 1842 1748 potest
1861 1712 1896 1739 ut
1914 1708 2134 1739 inhumaniter

1172 1754 1314 1791 tractati,
1339 1754 1498 1793 patefacta
1521 1752 1560 1783 ad
1584 1753 1765 1783 libertatem
1791 1752 1859 1788 via,
1885 1752 1996 1791 iugum
2021 1755 2132 1792 tyran-

1171 1796 1255 1827 nidis
1279 1796 1488 1827 excusserint.
1534 1796 1605 1826 Etsi
1626 1800 1731 1825 autem
1753 1795 1841 1825 Deus
1862 1794 1988 1826 facilem
2008 1794 2132 1825 exitum

1171 1840 1289 1879 populo
1317 1851 1373 1870 suo
1397 1839 1499 1874 dedit,
1531 1849 1593 1869 non
1619 1843 1726 1868 tamen
1758 1838 1846 1868 exire
1870 1837 1972 1868 voluit
2001 1847 2133 1876 prorsus

1171 1883 1290 1922 absque
1313 1883 1398 1913 omui
1423 1881 1578 1912 molestia.
1615 1880 1727 1919 Neque
1746 1881 1831 1910 enim
1852 1880 1951 1910 saturi
1973 1880 2020 1910 vel
2047 1880 2132 1911 laute

1172 1926 1296 1957 coenati
1321 1925 1497 1961 discedunt,
1522 1924 1577 1955 sed
1602 1928 1762 1960 coguntur
1785 1924 1816 1953 in
1837 1923 1972 1954 sacculis
1992 1923 2132 1954 incoctas

1172 1969 1322 1999 subactae
1347 1969 1467 1998 farinae
1490 1977 1612 1998 massas
1636 1967 1728 2002 ferre,
1754 1971 1787 1996 ut
1812 1976 1928 2006 panem
1952 1965 2131 1996 ustulatum

1173 2011 1221 2042 vel
1252 2012 1310 2042 sub
1341 2011 1452 2050 prunis
1484 2015 1603 2041 tostum
1627 2009 1658 2039 in
1682 2009 1805 2052 ⁸itinere
1837 2008 2015 2039 comedant.
2061 2007 2132 2048 Quo

1172 2054 1318 2093 exemplo
1343 2053 1509 2091 docemur,
1534 2052 1687 2084 beneficia
1712 2051 1772 2081 Dei
1796 2050 1987 2090 quibusdam
2011 2052 2132 2082 incom-

1172 2097 1274 2127 modis
1305 2107 1430 2136 semper
1465 2095 1607 2137 aspergi,
1636 2105 1676 2125 ne
1706 2094 1831 2134 piorum
1863 2094 1986 2124 animos
2016 2094 2133 2125 nimiae

1172 2139 1300 2170 delitiae
1325 2144 1541 2180 corrumpant.

1256 2225 1306 2255 40.
1332 2225 1491 2255 Habitum)
1514 2227 1615 2255 autem
1636 2223 1773 2262 filiorum
1793 2221 1903 2257 Israel,
1928 2233 1989 2261 qua
2012 2222 2132 2253 habita-

1169 2271 1277 2299 verum
1300 2269 1332 2298 in
1358 2268 1506 2307 Αίῃῃμέο,
1537 2267 1665 2307 triglinta
1692 2266 1817 2305 fuerunt
1840 2265 1916 2296 anm
1939 2268 1965 2296 et
1987 2265 2134 2304 quadrin-

1168 2312 1252 2351 gyenfz?
1286 2312 1370 2341 (1111ιί,
1423 2310 1473 2341 41.
1511 2310 1696 2348 Factumque
1729 2311 1772 2338 est
1805 2319 1824 2338 (ι
1851 2308 1913 2346 sine
1945 2308 2075 2347 trissinta
2108 2311 2135 2339 et

1171 2354 1468 2393 quadriayculormn
1497 2363 1665 2389 ammrmn,
1699 2351 1771 2390 ipsa
1804 2351 1909 2381 eadem
1937 2351 1987 2381 die
2020 2352 2135 2390 eqressi

1171 2399 1241 2427 suut
1261 2407 1362 2427 omues
1380 2397 1529 2428 camenas
1542 2396 1671 2426 101101·αο
1689 2405 1703 2425 e
1721 2396 1804 2424 terra
1818 2393 1959 2434 Aeyypti.
1995 2394 2044 2425 42.
2066 2393 2135 2424 Nox

1171 2439 1368 2471 observabilis
1387 2439 1408 2480 ¹)
1431 2439 1504 2471 llaec
1525 2441 1567 2470 est
1588 2437 1723 2472 Jehovae,
1744 2447 1806 2475 qua
1824 2437 1931 2468 eduxit
1948 2447 1996 2468 eos
2015 2448 2029 2467 e
2051 2439 2134 2467 terra

1172 2482 1320 2522 Aeysspti:
1353 2492 1414 2513 nox
1443 2482 1574 2522 inquam
1605 2481 1676 2510 liaeo
1710 2479 1897 2510 observanda
1931 2482 1975 2510 est
2005 2479 2134 2510 Iehovae

1170 2526 1255 2565 apud
1280 2535 1381 2556 omnus
1402 2525 1485 2564 filios
1509 2523 1612 2556 Israel
1630 2533 1687 2562 per
1708 2525 1822 2553 aetates
1845 2533 1930 2554 suas.

1240 2619 1266 2652 1)
1287 2619 1321 2645 In
1340 2619 1475 2652 marqine:
1494 2619 1577 2644 Hebr.
1596 2618 1829 2643 observantiarum
1850 2617 1890 2642 vel
1910 2616 2098 2642 custodiarum.
