2304 3034
148 196 212 226 279

148 299 167 319 a
198 295 331 328 paterna
366 286 427 317 Dei
461 284 633 316 clementia
666 288 826 315 remotum
861 284 973 315 videri.
1032 284 1116 315 Nam

149 336 236 363 certe
260 331 311 361 nbi
335 340 368 360 se
397 328 517 368 ingerit
547 327 647 358 oculis
677 327 886 363 miraculum,
918 326 1046 358 difficile
1069 332 1118 358 est

149 384 216 404 non
239 371 455 403 succumbere.
503 369 567 401 Sed
591 380 689 410 quum
713 370 821 400 nullos
844 369 943 400 laedit
973 370 1116 407 tentatio,

149 416 212 447 nisi
246 424 382 454 quorum
417 413 580 452 impietas,
619 422 699 452 quae
730 412 910 453 detegitur,
945 413 1007 442 iam
1042 420 1117 443 ante

151 458 297 490 convicta
317 461 385 486 erat
405 460 435 486 et
455 456 617 491 damnata,
638 455 755 487 sinceri
775 461 882 486 autem
898 455 959 486 Dei
979 455 1118 486 cultores

151 506 323 532 servantur
346 499 509 529 immunes
533 508 552 528 a
575 508 676 536 noxa,
701 508 795 538 quam
820 498 940 529 iniuste
964 498 1119 537 eripietur

149 543 218 574 Deo
242 543 321 572 haec
344 541 492 578 libertas,
523 546 559 571 ut
587 540 728 580 perfidae
762 540 963 571 simulationi
994 540 1117 572 larvam

150 584 319 616 detrahat?
362 583 518 623 Quisquis
542 594 622 623 puro
645 583 740 615 corde
764 584 870 614 Deum
895 589 996 618 amat.
1027 583 1117 614 inex-

151 626 319 668 pugnabili
353 627 499 658 coelestis
533 627 665 666 spiritus
699 627 822 657 virtute
858 627 1044 663 instruitur,
1079 637 1119 657 110

148 671 341 709 illaqueetur
365 669 549 700 mendaciis.
587 669 659 701 Hac
682 669 830 700 mercede
855 669 1008 709 dignatur
1030 669 1118 699 Deus

149 713 265 745 seriam
280 718 311 743 et
326 723 390 743 non
410 714 516 743 fictam
538 712 703 752 pietatem,
724 717 759 743 ut
779 712 864 742 fideli
885 712 953 742 eius
972 711 1119 742 custodia

147 756 284 796 protecti
297 755 479 795 quicunque
493 761 578 786 recto
591 760 669 786 sunt
687 755 791 793 corde,
812 764 978 794 nunquam
999 754 1119 785 lethale

148 799 271 829 vulnus
312 799 465 829 sentiant.
522 798 589 829 Cur
623 798 746 829 interea
786 798 873 828 iusto
914 797 1013 828 exitio
1055 808 1117 827 non

149 841 312 873 addiceret
346 841 400 880 qui
434 846 548 880 sponte
582 846 741 880 appetunt
775 840 904 880 perire?
948 840 1014 870 Nec
1042 850 1119 871 vero

150 885 270 914 mirum
294 883 378 923 quod
410 883 485 914 alibi
518 884 725 923 pronunciat,
755 894 788 914 se
819 894 888 914 esse
918 883 971 922 qui
1002 882 1119 922 decipit

152 927 459 966 pseudoprophetas,
480 937 597 966 nempe
611 932 645 957 ut
658 927 776 957 iustam
794 926 951 956 ultionem
971 930 1120 956 exerceat

150 970 184 1001 in
219 970 387 1008 reprobos,
429 970 483 1009 qui
517 970 578 1000 sibi
612 969 727 1009 cupide
763 970 944 1000 mortiferas
978 969 1120 1000 fallacias

151 1018 329 1043 accersunt.
388 1012 475 1052 Ergo
509 1023 607 1052 quum
641 1019 729 1044 certa
762 1012 805 1043 sit
840 1012 930 1043 bonis
972 1012 1120 1042 omnibns

150 1056 299 1093 victoria,
329 1060 366 1085 ut
397 1055 532 1086 insidiae
556 1056 697 1086 Satanae
729 1055 810 1085 nihil
840 1055 904 1085 illis
936 1054 1001 1085 sint.
1024 1064 1118 1093 quam

151 1099 282 1128 virtutis
317 1098 484 1128 exercitia:
529 1109 586 1129 cur
620 1099 652 1128 in
687 1099 808 1129 crimen
844 1098 996 1128 trahatur
1029 1096 1120 1128 Deus

150 1140 233 1180 quod
266 1140 408 1172 Satanae
440 1146 471 1171 ct
500 1141 673 1180 impiorum
702 1141 827 1172 malitia
856 1141 922 1171 illis
952 1140 1119 1170 materiam

150 1194 288 1215 coronae
321 1190 351 1214 et
382 1184 540 1223 triumphi
571 1184 685 1223 parat?
728 1185 871 1214 Tantum
904 1183 964 1214 hoc
993 1183 1120 1213 axioma

150 1230 336 1264 teneamus,
361 1226 423 1256 Dei
448 1227 646 1266 protectione
679 1237 806 1266 semper
837 1231 922 1257 tutos
953 1230 985 1257 et
1014 1225 1120 1257 salvos

149 1270 218 1300 fore
253 1270 437 1309 quicunque
473 1279 512 1300 ex
543 1272 650 1300 animo
682 1270 787 1300 Deum
819 1274 930 1300 amant
960 1280 996 1300 ac
1030 1279 1120 1299 reve-

150 1318 274 1343 rentur.
320 1313 380 1343 Est
410 1312 536 1352 quidem
561 1313 727 1353 singulare
753 1313 814 1343 Dei
838 1312 959 1343 donum
984 1316 1016 1342 et
1039 1311 1120 1343 eleo-

151 1355 249 1386 tionis
284 1365 421 1386 arcauae
462 1356 601 1393 fructus,
644 1355 750 1386 cordis
785 1355 971 1395 integritas:
1005 1355 1121 1385 fateor:

150 1408 264 1429 verum
279 1398 408 1437 quando
421 1399 574 1438 reprobos
593 1403 808 1438 contemptus,
830 1399 878 1429 vel
896 1397 1121 1435 simulationis,

151 1441 204 1472 vel
229 1441 415 1480 superbiae,
447 1441 499 1472 vel
530 1442 700 1481 pravitatis
724 1442 871 1481 coarguit
893 1441 1023 1481 propria
1046 1451 1120 1471 con-

149 1485 298 1521 scientia,
339 1484 434 1523 culpa
469 1484 658 1515 defectionis
693 1495 775 1524 quac
809 1485 841 1514 in
882 1484 961 1524 ipsis
1002 1483 1121 1514 residet

150 1527 284 1566 indigne
314 1527 348 1557 in
375 1527 481 1557 Deum
512 1528 715 1558 transfertur.
761 1527 849 1558 Satis
872 1527 973 1567 igitur
1003 1531 1051 1557 est
1081 1525 1120 1556 ad

150 1569 356 1600 refutandam
379 1570 486 1601 carnis
508 1571 723 1610 proterviam,
755 1574 788 1601 ct
810 1569 983 1601 maledicta
1004 1569 1119 1605 omnia,

151 1613 336 1653 quicunque
359 1618 446 1644 rccto
470 1618 547 1644 sunt
570 1613 664 1644 corde
688 1613 810 1644 muniri
834 1613 968 1653 spiritus
991 1612 1119 1648 auxilio,

150 1666 192 1686 ne
217 1656 319 1686 Satan
350 1666 404 1687 eos
432 1657 498 1687 suis
529 1656 665 1687 venenis
695 1656 818 1687 inficiat
848 1666 907 1686 nec
939 1665 1119 1695 quenquam

150 1699 255 1738 perire
291 1699 352 1729 nisi
386 1699 560 1730 volentem.
612 1699 723 1739 Atque
755 1699 800 1730 ita
834 1698 1041 1730 statuendum
1073 1701 1121 1728 est

152 1751 206 1772 005
237 1752 348 1772 omnes
372 1743 424 1781 qui
449 1742 562 1773 salutis
592 1742 771 1773 doctrinam
802 1752 898 1781 quam
931 1741 1029 1771 semel
1060 1740 1121 1771 visi

151 1785 280 1815 fuerant
303 1785 463 1825 amplecti,
484 1790 596 1825 postea
614 1789 772 1825 respuunt
792 1790 823 1815 et
846 1784 1019 1824 abnegant,
1039 1782 1121 1813 nihil

152 1827 238 1858 aliud
263 1838 356 1867 quam
383 1828 489 1859 fallaci
513 1828 710 1868 professione
729 1829 838 1859 fucum
859 1828 980 1865 fecisse,
1004 1826 1077 1866 quia
1095 1826 1121 1856 si

152 1870 259 1900 Deum
280 1871 403 1901 sincere
424 1871 605 1911 diligerent,
627 1871 711 1902 firmi
735 1870 829 1901 corde
848 1875 1020 1901 manerent
1038 1870 1123 1899 inter

152 1913 309 1953 quaslibet
325 1915 525 1954 agitationes.
541 1914 719 1954 Continget
732 1913 861 1954 quidem
875 1912 1040 1944 interdum
1055 1912 1122 1951 pios

153 1966 277 1996 quoque
302 1956 364 1987 labi
384 1958 415 1987 in
436 1967 570 1993 errores,
595 1963 626 1987 et
645 1957 684 1988 ab
703 1956 859 1996 improbis
878 1954 1120 1988 circumveniri:

152 1999 207 2030 sed
222 2004 347 2029 tantum
365 2000 473 2039 aliqua
493 2000 524 2030 in
546 2005 645 2039 parte,
666 2004 697 2030 et
719 2000 758 2030 ad
779 2004 924 2039 tempus:
946 2003 983 2029 ut
1001 1998 1122 2029 scilicet

152 2053 319 2082 nunquam
333 2042 483 2073 excidant
503 2053 520 2073 a
541 2043 759 2079 fundamento,
780 2048 812 2073 et
826 2053 899 2073 mox
922 2041 1120 2081 resipiscant.

152 2086 196 2115 At
226 2090 303 2115 tunc
335 2096 460 2125 quoquc
492 2086 669 2116 notandum
701 2090 764 2122 est,
796 2096 873 2116 snae
904 2084 1121 2124 negligentiae

152 2132 208 2157 aut
242 2128 386 2158 levitatis
421 2129 497 2159 dare
529 2139 662 2168 poenas:
698 2129 773 2168 quia
803 2140 867 2159 non
898 2128 976 2158 salis
1007 2126 1121 2157 attenti

153 2170 286 2201 fuerunt
311 2171 349 2201 acl
366 2171 425 2201 Dei
451 2182 643 2208 sermonem,
669 2172 717 2202 vel
744 2182 806 2202 non
831 2171 909 2202 satis
932 2174 1122 2201 reverenter

154 2214 323 2244 coluerunt
348 2214 475 2253 pietatis
500 2214 652 2244 studium.
698 2215 785 2245 Hinc
810 2219 975 2254 praeterea
999 2212 1120 2251 colligi-

152 2266 233 2291 mus,
259 2256 334 2286 dnm
360 2257 453 2287 multi
478 2258 736 2297 tergiversantur
760 2268 793 2287 se
818 2269 856 2288 ex
878 2256 1020 2296 professo
1040 2256 1123 2284 10111-

153 2309 227 2338 gere
252 2300 379 2339 pietatis
404 2299 592 2337 doctrinam,
616 2301 689 2339 quia
712 2300 825 2331 vident
848 2299 960 2330 multis
982 2296 1122 2328 dissidiis

155 2347 185 2371 et
220 2343 480 2373 contentionibus
516 2343 577 2374 11110
612 2343 687 2374 111110
722 2343 876 2380 distrahi,
913 2341 994 2372 nihil
1036 2339 1121 2370 aliud

155 2394 249 2423 quam
275 2386 442 2424 [ii-ol'anum
464 2386 525 2416 Dei
550 2386 732 2426 neglectum
759 2386 807 2416 vel
831 2385 939 2415 odium
964 2383 1123 2414 inutiliter
1148 2409 1150 2420 ,

1148 2425 1278 2460 ,10011111
1317 2424 1492 2464 prudenter
1527 2425 1747 2456 accommodat
1782 2424 1937 2455 Ieremias
1972 2424 2022 2461 28,
2057 2425 2076 2455 6
2109 2425 2141 2455 111

154 2428 269 2457 fucare.
317 2430 468 2458 Certatur
492 2429 589 2459 variis
613 2429 835 2468 opinionibus,
867 2429 993 2458 fei-vent
1024 2426 1121 2456 etiam

155 2480 295 2508 pugnae:
329 2481 439 2501 verum
466 2472 610 2511 quisquis
635 2472 727 2502 docili
752 2479 782 2501 t
806 2477 976 2501 mansueto
1007 2469 1121 2508 spiritu

157 2523 268 2542 verum
302 2520 449 2552 quaeret,
482 2524 517 2544 ac
544 2515 610 2544 Deo
641 2525 674 2544 se
698 2514 803 2544 tradet
827 2525 862 2545 ac
885 2512 1031 2543 subiiciet
1057 2510 1119 2540 (115-
1147 2532 1149 2540 1

156 2555 314 2593 cipnluin,
358 2568 522 2596 nunquam
558 2557 674 2596 spiritu
711 2557 818 2587 iudicii
853 2561 884 2586 et
919 2554 1121 2585 discretionis

155 2598 343 2635 privabitur.
390 2600 453 2629 Sed
477 2600 550 2639 quia
574 2600 627 2629 alii
652 2600 818 2630 fastidiose
845 2598 996 2633 audiunt,
1027 2597 1079 2626 alii
1104 2607 1120 2626 c

155 2640 282 2670 sublimi
325 2641 520 2681 despiciunt,
562 2643 614 2673 alii
656 2643 852 2674 exstinctum
887 2641 1024 2681 cupiunt
1060 2638 1120 2669 Dei

883 191 1069 223 PRIMUM
1096 175 1418 222 PRAEOEP'TUM.

2076 191 2143 223 280-

1170 285 1323 323 verbum,
1351 284 1406 315 alii
1430 283 1653 324 vilipendunt,
1683 283 1861 314 tenendum
1886 289 1934 315 est
1956 285 2039 325 quod
2063 285 2140 318 dicit

1169 328 1342 368 propheta:
1357 326 1452 366 Quod
1466 326 1550 366 perit
1564 330 1672 366 pereat
1685 325 1796 366 (Zach.
1811 326 1860 362 11,
1874 326 1922 368 9):
1936 332 1967 358 et
1979 332 2051 367 post
2063 339 2138 359 eum

1170 371 1302 407 Paulus,
1322 369 1387 409 Qui
1402 370 1538 409 ignorat,
1552 369 1678 408 ignoret
1690 368 1733 410 (1.
1747 369 1821 400 Cor.
1837 368 1886 407 14,
1906 369 1969 411 38).
1998 369 2142 409 Quando

1169 424 1297 453 semper
1320 423 1434 443 verum
1459 410 1537 441 illud
1562 411 1633 449 fuit,
1658 412 1780 442 nemini
1804 412 1962 443 occultam
1986 423 2055 444 0550
2074 414 2136 445 Dei

1170 456 1348 491 veritatem,
1373 454 1434 485 11151
1459 455 1551 485 0111115
1571 459 1712 484 mentem
1732 455 1920 486 excaecavit
1942 455 2022 486 deus
2040 455 2139 487 huius

1170 499 1289 530 saeculi
1323 497 1364 539 (2.
1400 497 1474 528 Cor.
1510 497 1538 534 4,
1571 496 1618 538 4):
1651 496 1684 527 id
1719 507 1796 528 vero
1828 498 1999 538 praecipue
2033 498 2140 530 locum

1171 541 1266 573 habet
1289 541 1342 571 ubi
1368 540 1423 570 lux
1444 539 1567 570 affulsit
1585 550 1602 570 e
1623 539 1721 577 coelo,
1743 550 1824 579 quae
1843 550 1952 571 errare
1971 551 2034 571 non
2053 541 2138 581 pati-

1171 589 1239 621 tur,
1263 584 1326 614 nisi
1349 583 1402 623 qui
1426 582 1534 613 oculos
1558 582 1722 613 claudunt.
1769 582 1846 614 Ideo
1875 593 1951 614 mox
1982 583 2145 615 attexitur

1171 627 1364 658 remedium:
1391 626 1469 656 Post
1487 625 1643 656 Iehovam
1668 625 1891 656 ambulabitis:
1915 637 1950 657 ac
1970 626 1997 657 si
2017 626 2140 658 diceret

1172 670 1280 701 Moses
1310 669 1457 699 sufficere
1488 667 1527 698 ad
1558 667 1740 699 cavendum
1771 667 1856 708 quod
1879 668 1985 700 Deum
2021 669 2142 700 habent

1173 717 1279 744 rectae
1302 713 1373 743 viae
1398 711 1527 742 ducem:
1558 711 1653 742 sicuti
1681 711 1744 741 iam
1778 721 1832 742 eos
1856 712 2000 752 gratuita
2021 711 2140 743 libera-

1172 755 1262 785 litate
1287 758 1509 795 praevonerat.
1555 753 1680 784 Verum
1712 754 1787 793 quia
1815 765 1935 794 magna
1967 765 2043 794 pars
2066 754 2139 786 Deo

1173 799 1299 829 vocanti
1322 808 1384 828 non
1410 796 1598 836 respondet,
1631 796 1783 836 viamque
1812 801 2051 828 monstrantem
2074 808 2140 828 non

1172 841 1319 880 respicit:
1362 839 1495 870 additur
1534 839 1631 870 etiam
1673 844 1710 869 ut
1743 839 1834 870 illum
1871 840 2020 871 timeant:
2063 841 2140 880 quia

1173 884 1269 914 timor
1283 883 1343 914 Dei
1355 887 1451 922 caput
1465 887 1513 913 cst
1526 882 1703 922 sapientiae
1715 881 1815 923 (Psal.
1830 883 1899 921 111,
1914 882 1976 924 10).
1992 883 2139 914 Tandem

1172 937 1285 957 rursus
1319 925 1460 957 inculcat
1497 925 1621 962 Moses,
1662 925 1688 955 si
1729 925 1824 956 modo
1864 925 2065 966 propositum
2099 926 2140 957 sit

1173 969 1358 1000 hominibus
1381 968 1511 999 obedire
1533 968 1610 1005 Deo,
1635 967 1713 998 satis
1733 967 1882 999 edoctum
1906 969 1945 999 iri
1969 969 2037 1000 01115
2060 979 2140 1000 voce

1172 1012 1247 1052 quid
1278 1012 1363 1043 factu
1395 1011 1436 1041 sit
1467 1021 1557 1051 opus.
1610 1010 1819 1041 Adhaerendi
1856 1012 1955 1042 verbo
1992 1022 2140 1051 persevc-

1173 1055 1311 1085 rantiam
1337 1054 1482 1091 denotat,
1517 1059 1550 1084 et
1580 1054 1624 1084 ita
1653 1053 1782 1094 oblique
1813 1054 2004 1094 perstringit
2027 1065 2140 1085 eorum

1172 1098 1442 1134 inconstantiam,
1473 1097 1526 1136 qui
1559 1107 1596 1127 eo
1620 1096 1731 1127 relicto
1762 1101 1793 1127 et
1821 1097 1930 1128 valere
1960 1098 2046 1128 iusso
2068 1100 2142 1137 post

1173 1141 1283 1172 inania
1306 1144 1487 1171 commenta
1510 1144 1680 1179 vagantur.

1261 1184 1354 1214 Dent.
1388 1183 1435 1216 18,
1477 1183 1528 1213 21.
1562 1182 1644 1222 Quia
1678 1182 1708 1212 si
1741 1182 1862 1212 (limeris
1896 1182 1930 1213 in
1962 1182 2050 1213 corde
2080 1185 2139 1214 tuo.

1173 1226 1299 1257 Pendet
1334 1226 1479 1266 exceptio
1514 1225 1593 1256 haec
1627 1236 1645 1255 a
1678 1224 1893 1265 prohibitione
1928 1235 2023 1265 quam
2065 1229 2140 1256 ante

1173 1270 1381 1300 recitavimus
1401 1280 1439 1299 ex
1461 1269 1500 1299 18
1519 1269 1623 1308 capite
1636 1268 1769 1299 Denter.
1806 1267 1984 1308 Prophetas
1998 1268 2088 1299 Deus
2107 1269 2141 1299 in

1173 1312 1277 1343 locum
1298 1322 1390 1342 51111111
1411 1311 1594 1352 subrogans
1614 1310 1755 1342 docendo
1774 1311 1902 1351 populo,
1923 1321 1990 1342 non
2010 1311 2142 1351 vulgari

1174 1366 1226 1386 eos
1256 1355 1428 1385 autoritate
1459 1359 1648 1391 ornaverat,
1677 1353 1792 1384 iubens
1822 1364 1933 1384 eorum
1961 1355 2142 1394 praeceptis

1174 1398 1384 1438 acquiescere.
1432 1397 1530 1437 Atqui
1562 1407 1627 1428 nou
1659 1407 1786 1436 semper
1809 1397 1913 1428 officio
1937 1396 2145 1428 satisfaciunt

1175 1441 1289 1481 quibus
1309 1440 1444 1471 docendi
1463 1445 1570 1480 partes
1590 1445 1667 1470 sunt
1685 1439 1863 1480 impositae.
1895 1439 2013 1470 Merito
2033 1440 2142 1479 itaque

1173 1484 1298 1523 obrepit
1319 1483 1485 1519 dubitatio,
1510 1482 1669 1523 quomodo
1688 1487 1809 1513 statuet
1828 1482 1965 1522 populus
1987 1487 2142 1522 tanquam

1173 1537 1227 1557 ore
1252 1527 1312 1557 Dei
1336 1526 1439 1566 loqui,
1471 1530 1506 1556 ut
1536 1526 1701 1556 discernat
1724 1535 1819 1556 veros
1842 1536 1860 1556 a
1883 1525 1981 1556 falsis.
2027 1525 2142 1565 Itaque

1174 1580 1237 1600 non
1274 1570 1408 1610 ponitur
1442 1568 1562 1599 vocalis
1603 1568 1835 1609 interrogatio:
1875 1567 1931 1599 sed
1972 1568 2144 1609 praevenit

1174 1612 1264 1643 Dens
1289 1612 1403 1642 tacitas
1433 1611 1679 1649 haesitationes,
1710 1622 1791 1651 quae
1822 1621 1994 1651 suspensos
2024 1611 2142 1651 alioqui

1174 1660 1326 1686 tenerent
1349 1655 1482 1686 animos.
1520 1655 1639 1686 Dicere
1663 1655 1750 1685 enim
1774 1655 1806 1685 in
1831 1654 1926 1685 corde
1949 1653 2142 1685 tantundem

1174 1698 1262 1729 valet
1286 1709 1322 1729 ac
1346 1708 1453 1729 50011111
1478 1697 1651 1737 ambigere,
1675 1697 1729 1728 ubi
1749 1697 1930 1737 periculum
1950 1696 2141 1728 ostenditur.

1175 1741 1275 1772 Porro
1300 1746 1335 1771 ut
1357 1741 1545 1780 scrupulum
1570 1741 1707 1777 eximat,
1738 1751 1801 1771 non
1833 1744 2002 1771 enumerat
2030 1750 2144 1771 omnes

1175 1784 1378 1814 discretionis
1418 1788 1527 1821 notas,
1569 1784 1645 1823 quia
1685 1794 1747 1814 non
1791 1782 1969 1814 doctrinam
2011 1782 2142 1823 quidem

1174 1827 1321 1866 attingit,
1356 1826 1410 1857 sed
1443 1826 1606 1857 duntaxat
1635 1826 1800 1857 vaticinia.
1845 1826 2017 1857 Caeterum
2042 1836 2143 1866 popu-

1175 1870 1302 1905 lariter,
1328 1873 1364 1900 ut
1383 1868 1478 1900 rudes
1498 1875 1529 1900 et
1547 1880 1672 1900 crassos
1692 1869 1850 1907 homines,
1869 1869 1958 1901 iubet
1976 1869 2144 1900 attendere

1175 1923 1215 1943 an
1240 1923 1316 1943 vera
1340 1912 1526 1951 praedicant
1549 1913 1603 1952 qui
1627 1912 1686 1943 sibi
1720 1911 1895 1943 vendicant
1923 1922 2039 1942 nomen
2068 1922 2142 1951 pro-

1174 1955 1348 1995 pheticum.
1405 1955 1473 1985 Etsi
1517 1961 1622 1986 antem
1659 1954 1708 1996 (ut
1742 1965 1846 1994 nuper
1880 1953 2035 1996 diximus)
2069 1954 2143 1985 falsi

1174 2009 1298 2038 quoque
1318 1997 1460 2028 doctores
1480 1998 1540 2029 hac
1557 1999 1590 2028 in
1610 2002 1701 2038 parte
1721 1997 1927 2028 aemulantur
1939 1997 2001 2028 Dei
2020 2007 2141 2035 servos,

1174 2046 1206 2071 et
1230 2041 1261 2070 111
1286 2040 1473 2080 particulari
1498 2041 1650 2071 vaticinio
1674 2050 1807 2071 veraces
1837 2039 2142 2080 deprehenduntur:

1174 2083 1295 2114 sufficit
1327 2089 1433 2114 tamen
1468 2084 1666 2122 probationis
1701 2088 1857 2113 tesseram
1892 2083 2027 2123 apponi,
2061 2093 2144 2123 quae

1395 2126 1525 2157 accidit:
1551 2127 1643 2157 sicuti
1658 2127 1748 2157 Deus
1768 2126 1836 2165 ipse
1860 2125 1971 2156 codem
1996 2125 2143 2166 symbolo

1175 2169 1245 2199 vult
1276 2168 1314 2198 ab
1344 2169 1438 2199 idolis
1470 2169 1626 2209 distingui
1658 2174 1689 2199 et
1719 2168 1871 2207 separari.
1924 2168 2036 2207 Neque
2067 2178 2143 2199 vero

1175 2212 1370 2242 affirmative
1395 2213 1585 2250 pronunciat
1606 2212 1720 2247 Moses,
1746 2211 1840 2241 fidem
1866 2210 2048 2241 habendam
2073 2221 2143 2242 esse

1177 2254 1320 2291 vatibus,
1364 2255 1486 2293 quotics
1527 2255 1622 2286 dictis
1656 2253 1859 2293 responderit
1894 2258 2046 2284 eventus:
2087 2253 2143 2285 scd

1176 2301 1301 2327 tantum
1327 2296 1493 2333 admonet,
1523 2298 1547 2328 si
1572 2302 1694 2328 attente
1718 2295 1923 2327 considerent
1954 2306 2018 2326 11011
2050 2306 2144 2336 110550

1148 2350 1150 2384 l
1175 2340 1294 2379 decipi,
1326 2340 1401 2379 quia
1425 2340 1514 2370 Deus
1543 2340 1653 2370 statim
1684 2338 1980 2378 pseudoprophetas
2005 2339 2144 2370 ludibrio

1175 2387 1329 2422 exponet,
1363 2393 1535 2422 eorumque
1567 2383 1749 2413 fatuitatem
1785 2382 1918 2412 refellet.
1971 2381 2022 2412 Ita
2056 2382 2143 2413 1111110

1174 2478 1270 2498 nsum
1301 2468 1348 2498 sui
1382 2468 1551 2507 temporis,
1587 2473 1622 2497 ut
1654 2478 1687 2497 rc
1718 2467 1785 2506 ipsa
1817 2472 1926 2506 pateat
1956 2467 2143 2499 Hananiam

1175 2516 1296 2540 temere
1309 2511 1438 2540 mentiri
1454 2510 1528 2540 (111111
1550 2510 1709 2550 promittit
1728 2510 1883 2540 scelerum
1905 2510 2143 2550 impunitatem,

1175 2554 1324 2592 quamvis
1358 2552 1542 2592 impendeat
1574 2554 1632 2584 Dei
1669 2553 1757 2583 ultio.
1808 2552 1846 2583 In
1884 2563 2027 2592 summa,
2062 2553 2143 2584 nihil

1175 2596 1261 2626 aliud
1286 2596 1356 2626 vult
1378 2596 1483 2626 Moses
1502 2606 1597 2635 quani
1618 2596 1770 2635 populum
1792 2607 1856 2626 non
1876 2596 1945 2626 fore
1964 2597 2143 2627 obnoxium

1175 2638 1304 2669 errandi
1330 2639 1470 2678 periculo
1494 2639 1518 2669 si
1546 2638 1615 2669 Deo
1639 2650 1718 2679 pure
1742 2638 1871 2669 obedire
1895 2639 2037 2670 studeat:
2068 2638 2144 2679 quia
