2304 3034
139 169 198 199 ⁴241

141 268 174 292 ut
205 261 363 293 sedandae
389 262 481 293 famis
511 271 606 292 eausa
635 259 760 290 iuberet
787 258 908 305 lapides
938 258 970 288 in
997 268 1095 297 panes

140 305 292 342 converti,
316 304 491 344 respondit,
515 303 677 342 Scriptum
703 306 760 336 est,
785 312 846 331 non
871 311 904 330 in
928 311 1009 339 panc
1029 300 1095 331 solo

140 347 223 377 vivit
247 347 350 384 homo,
374 352 431 378 etc.
472 348 519 377 Ac
542 346 569 376 si
591 344 718 380 diceret,
742 343 828 373 aliud
852 353 921 373 esse
944 343 974 373 in
999 354 1096 374 manu

141 390 202 420 Dei
227 390 420 427 remedium,
444 388 495 428 qui
519 393 554 418 ut
577 387 697 418 victum
723 395 786 416 uon
806 385 1005 425 suppeditet,
1028 386 1094 416 5010

140 437 221 462 nutu
234 437 337 471 potest
351 431 495 462 homines
509 434 664 469 vegetare.
678 428 800 458 Verum
815 428 889 467 quia
902 428 979 458 hacc
993 428 1095 459 fusius

140 475 276 505 tractavi
301 476 333 505 in
358 474 436 504 meis
462 471 712 508 commentariis,
744 471 858 510 quibus
880 470 1093 501 Harmoniam

139 517 359 557 evangelicam
383 515 529 555 exposui,
560 523 643 544 nune
665 513 768 544 levius
791 513 925 553 attingo.
970 512 1093 543 Eodem

139 561 203 590 fine
234 559 322 590 addit
354 564 460 589 vestes
491 567 600 588 eorum
634 566 697 586 non
738 555 834 586 fuisse
874 555 1003 586 attritas
1036 566 1094 595 per

139 602 270 642 longum
290 608 424 640 tempus,
444 603 476 630 et
493 599 613 630 calceos
626 598 780 629 mansisse
801 599 958 638 integros:
979 609 1093 637 nempe

138 650 174 675 ut
201 649 286 676 certo
317 642 458 683 persuasi
488 646 607 678 essent,
638 651 846 680 quaeeunque
876 645 1023 680 spectant
1053 641 1091 671 ad

139 688 225 718 vitae
249 687 406 717 humanae
429 684 701 716 conservationem
726 688 757 713 et
781 683 983 723 quotidianos
1005 694 1092 721 usus,

139 730 183 761 sic
207 740 275 760 esse
296 729 329 759 in
354 738 451 758 mann
474 726 535 757 Dei
558 726 674 765 posita,
707 731 741 756 ut
769 737 831 756 non
856 726 959 757 solum
983 726 1092 757 fruitio

139 771 178 802 ab
200 773 268 802 eius
292 769 509 801 benedictione
532 767 687 808 pendeat,
710 768 765 799 sed
789 768 885 799 ctiam
911 768 1037 799 duratio
1061 774 1093 799 et

137 819 248 846 status.

223 857 316 887 Dent.
341 855 369 891 8,
393 854 420 885 5.
463 853 608 892 Seiasque
638 853 671 883 in
700 854 789 884 corde
817 856 875 885 tuo.
922 853 1093 885 Concludit

137 900 170 930 in
194 899 343 930 continuo
365 907 535 936 progressu
559 906 690 935 operum
716 895 793 935 Dei,
824 907 863 926 ex
893 907 954 936 quo
986 897 1094 928 educti

138 942 267 972 fuerant
294 939 457 970 Israelitae
487 949 526 969 ex
557 938 722 978 Aegypto,
756 940 903 979 cognosci
938 949 1031 978 posse
1061 940 1093 969 in

137 984 200 1015 illis
231 981 378 1013 docendis
408 986 576 1021 paternam
607 980 669 1011 Dei
701 991 821 1012 curam.
876 982 980 1013 Nimis
1008 982 1093 1012 enim

136 1026 280 1057 restricte
314 1035 332 1055 a
365 1023 556 1063 quibusdam
591 1024 747 1063 accipitur
781 1023 916 1054 verbum
947 1031 1001 1057 ΤΦ
1036 1035 1094 1064 pro

136 1070 306 1107 castigare,
341 1077 437 1106 quum
472 1076 582 1097 omnes
617 1071 721 1097 rectae
755 1067 952 1098 educationis
987 1072 1094 1107 partes

135 1109 399 1150 comprehendat:
424 1119 459 1140 ac
483 1109 509 1139 si
534 1108 678 1144 dixisset,
703 1109 765 1139 nisi
788 1110 922 1149 posthac
942 1110 1094 1150 morigeri

134 1154 212 1189 sint,
243 1157 336 1191 atque
361 1151 399 1182 ad
430 1151 569 1182 officium
600 1152 766 1191 propensi,
798 1152 869 1191 plus
898 1163 993 1192 quam
1025 1163 1094 1183 esse

133 1194 301 1231 indociles,
331 1205 429 1233 quum
453 1194 551 1234 probe
574 1194 677 1225 edocti
696 1194 817 1225 fuerint
844 1200 875 1225 et
894 1195 951 1226 sub
971 1195 1094 1235 optima

134 1236 300 1277 disciplina
323 1236 433 1274 habiti,
458 1247 515 1268 nec
539 1236 711 1277 quidquam
736 1237 879 1268 omiserit
897 1237 986 1269 Deus
1009 1238 1092 1277 quod

133 1290 151 1310 a
170 1279 399 1319 patrefamilias
412 1280 529 1319 requiri
543 1280 652 1320 possit.
688 1279 775 1311 Hinc
795 1281 946 1320 sequitur,
968 1280 1091 1320 pridem

132 1326 163 1353 et
177 1322 286 1353 multis
299 1321 487 1353 rudimentis
500 1321 695 1353 assuefactos
709 1333 776 1353 esse
790 1322 829 1353 ad
843 1323 1090 1362 amplexandam

132 1364 213 1404 legis
237 1364 429 1401 doctrinam,
456 1376 521 1395 non
545 1375 635 1396 secus
659 1375 694 1396 ae
717 1365 799 1396 filios
823 1365 913 1397 decet
936 1371 1090 1405 paternae

133 1408 202 1438 voci
232 1407 413 1438 obedientes
443 1418 520 1438 esse.
567 1407 662 1446 Quod
691 1408 786 1438 ctiam
819 1409 965 1448 proximo
994 1419 1089 1439 versu

132 1450 250 1481 clarius
273 1450 420 1490 explieat,
445 1450 560 1480 iterum
584 1450 748 1490 colligens,
772 1451 966 1482 servandam
991 1451 1091 1491 igitur

132 1493 209 1532 ipsis
233 1503 301 1524 esse
322 1493 435 1533 legem,
459 1497 491 1523 et
515 1493 545 1523 iu
571 1493 748 1533 praeceptis
762 1494 823 1524 Dei
847 1494 1088 1525 ambulandum.

132 1535 195 1566 Ubi
219 1536 314 1565 etiam
338 1536 478 1566 breviter
508 1536 685 1567 notandum
710 1541 773 1573 est,
805 1541 900 1576 caput
924 1536 1005 1577 legis
1030 1537 1090 1567 rite

131 1577 307 1608 servandae
330 1589 398 1609 esse
423 1578 483 1609 Dei
513 1579 676 1609 timorem:
708 1590 770 1618 qua
798 1579 836 1610 de
860 1589 894 1609 re
918 1579 978 1609 iam
1004 1579 1089 1610 alibi.

132 1619 225 1658 Quod
262 1631 300 1651 ex
337 1621 506 1651 undecimo
543 1622 646 1660 eapite
682 1621 926 1652 Deuteronomii
958 1622 1089 1659 attexui,

131 1667 237 1702 posset
259 1664 355 1694 etiam
379 1664 490 1694 referri
514 1663 599 1694 inter
629 1664 873 1704 promissiones:
904 1665 976 1704 quia
1000 1665 1090 1695 Deus

131 1715 186 1744 spe
227 1716 302 1735 sii-ie
340 1705 572 1737 benedictionis
607 1707 759 1746 populum
797 1707 834 1737 ad
874 1707 1089 1737 obedientiam

131 1748 245 1778 allicit:
269 1749 322 1778 sed
348 1749 421 1788 quia
446 1750 634 1789 proponitur
658 1761 738 1788 quae
764 1756 839 1780 tunc
863 1751 893 1779 in
918 1758 1091 1789 conspectu

131 1796 198 1820 erat
220 1796 322 1821 terrae
354 1792 526 1830 possessio,
557 1792 642 1823 loeus
667 1793 717 1823 1110
743 1804 804 1823 non
830 1792 911 1822 male
935 1793 1092 1832 quadrare

131 1833 219 1863 visus
243 1841 306 1864 est:
336 1834 409 1873 quia
434 1845 498 1865 non
522 1835 608 1866 aliud
634 1836 693 1865 fuit
718 1835 778 1865 Dei
803 1835 971 1866 consilium
997 1846 1089 1875 quam

130 1875 189 1905 hac
218 1876 495 1908 commendatione
524 1888 718 1918 praeparare
749 1878 872 1908 animos
907 1879 1017 1917 populi
1052 1878 1091 1909 ad

131 1918 233 1958 legem
247 1918 458 1950 servandam.

425 2088 491 2119 EX
514 2089 645 2120 DEUT.
670 2089 802 2121 XXIX.

216 2173 234 2202 2
253 2172 284 2213 ¹).
336 2173 517 2213 Vocaritqzte
564 2174 665 2205 Illoses
709 2175 887 2206 u›ziversum
932 2175 1089 2213 Israelem,

133 2216 157 2243 et
196 2214 274 2245 <lixit
306 2215 364 2246 eis:
410 2215 470 2247 Vos
509 2217 571 2255 ipsi
610 2218 735 2249 vidistis
774 2219 877 2249 omnia
911 2229 988 2257 quae
1019 2220 1091 2258 fecit

134 2255 245 2287 Ielzova
274 2258 307 2288 in
335 2258 429 2288 oeulis
458 2259 565 2290 vestris
593 2259 627 2290 in
656 2263 739 2291 terra
771 2261 903 2301 Aeygspti
928 2260 1090 2292 Pharaoni

133 2300 160 2327 et
192 2299 327 2330 omnibus
365 2301 461 2331 servis
500 2303 578 2340 eius,
620 2305 645 2333 et
683 2303 844 2334 universae
875 2306 973 2334 [errae
1007 2305 1090 2335 eius:

133 2340 162 2370 3.
189 2340 383 2372 Probationes
403 2353 531 2381 magmas
554 2355 632 2383 quas
655 2346 796 2376 viderunt
818 2346 898 2376 oculi
919 2347 974 2383 lui,
997 2347 1089 2386 sigma

133 2385 159 2412 et
179 2385 312 2421 portenta
335 2384 391 2414 illa
412 2395 532 2425 mayna.
577 2388 604 2418 4.
632 2388 737 2427 Neque
765 2389 848 2419 dedit
872 2389 952 2419 vobis
976 2389 1089 2420 Ielefova

132 2434 183 2455 cor
204 2426 244 2455 ad
267 2426 500 2466 intdliyenclum,
523 2432 549 2460 et
571 2430 668 2461 oculos
692 2431 732 2461 (cd
754 2431 926 2467 videndum,
951 2434 979 2462 et
996 2442 1089 2463 aures

133 2467 174 2497 acl
202 2468 389 2498 audiendum
413 2479 508 2509 usque
538 2473 570 2503 in
597 2472 676 2504 hunc
706 2473 795 2504 diem.
842 2474 869 2505 5.
905 2473 947 2504 Et
974 2475 1088 2505 dednri

131 2520 183 2540 vas
195 2510 399 2550 quadraginta
415 2513 506 2544 annis
519 2525 577 2553 per
594 2515 760 2547 desertum:
778 2526 836 2547 uon
851 2517 1089 2548 inveteravermzt

217 2603 245 2636 1)
263 2603 344 2628 Hebr.
363 2603 436 2629 1—8.

235 2644 342 2670 Calvim'
358 2653 448 2678 opera,
487 2648 542 2674 Vol.
561 2649 639 2676 XXI
647 2651 674 2676 V.

859 162 1121 195 PRAEFATIO
1144 163 1191 194 IN
1214 164 1385 196 LEGEM.

2049 168 2114 199 242

1149 257 1321 289 vestimenta
1343 262 1442 290 vestra
1463 270 1556 299 snper
1575 270 1635 298 vos,
1658 270 1711 291 nec
1727 260 1960 292 calceamentum
1978 263 2111 291 vestrmn

1146 301 1289 331 veteravit
1311 311 1404 340 super
1421 303 1529 341 pedem
1551 305 1692 333 ves-trum.
1738 303 1766 334 6.
1793 302 1911 334 Panem
1934 313 1992 333 non
2015 313 2109 334 come—

1146 342 1245 379 distis,
1271 354 1363 382 neque
1386 345 1490 375 vinum
1514 348 1540 376 et
1561 346 1693 376 siceram
1715 345 1850 376 bibistis.-
1873 349 1907 376 (ιτ
1928 345 2110 385 intelliyatis

1145 385 1224 422 quod
1246 396 1296 425 esso
1316 387 1429 418 Ielzova
1450 387 1537 418 Deus
1560 390 1662 419 vester.
1706 388 1732 418 7.
1766 388 1899 418 Venistis
1922 388 2044 418 tandem
2067 387 2109 418 ad

1146 426 1241 457 locum
1264 429 1372 459 istum:
1395 440 1592 469 cyressusque
1615 433 1658 460 est
1679 429 1778 461 Sehon,
1801 441 1857 460 rer
1879 430 1990 468 Esbon,
2014 433 2040 460 et
2063 429 2108 470 09

1145 479 1200 499 rest·
1224 469 1332 501 Busan
1359 472 1387 502 ιή
1412 482 1566 503 occursum
1586 475 1723 503 nastrum
1746 473 1787 503 ad
1804 473 1966 511 proelium,
1990 475 2016 503 et
2034 483 2106 512 per-

1145 513 1297 543 cussimus
1329 524 1395 544 eos:
1446 515 1473 545 8.
1512 515 1554 545 Et
1586 515 1769 546 abstulimus
1803 518 1917 546 terram
1956 516 2106 554 ipsorum,

1144 554 1392 595 ίνιιᾱὶᾱίηιῑιςιμιε
1414 557 1445 586 in
1467 556 1683 589 haereditatem
1708 558 1884 593 Rubenius,
1919 560 1945 589 et
1970 557 2106 595 Gaditis,

1144 599 1171 626 et
1189 597 1340 629 dimidiae
1360 599 1454 629 tribui
1475 599 1632 631 Blauasse.
1670 600 1698 631 9.
1726 600 1911 631 Czcstodiatis
1929 610 1997 640 erqo
2016 599 2107 631 verba

1141 640 1328 677 pactilsm‘us
1340 644 1366 671 et
1382 641 1472 680 facite
1484 652 1528 680 ea,
1541 645 1574 673 ut
1585 653 1735 682 prospere
1754 644 1855 683 agatis
1869 642 1891 684 ¹)
1913 643 1944 674 ιή
1962 642 2105 674 omnibus

1144 692 1221 720 qaae
1241 683 1356 722 facturi
1378 685 1459 714 estis.

1231 767 1258 797 2.
1302 767 1482 807 Vocavitque
1517 769 1626 800 Moses.
1682 770 1746 800 Hic
1779 770 1875 801 etiam
1910 769 1998 801 locus
2032 774 2106 810 apte

1145 807 1226 848 legis
1250 811 1439 849 praefationi
1463 812 1621 849 convenit,
1645 813 1719 851 quia
1744 812 1846 843 tendit
1869 811 1908 843 ad
1932 813 2001 843 eins
2024 823 2109 843 eom-

1147 851 1402 891 mendafionem,
1446 859 1478 883 et
1518 854 1625 894 populi
1667 855 1790 886 animos
1831 855 1869 886 ad
1911 855 2106 886 docilitatem

1146 893 1287 924 instituit
1311 906 1346 926 ac
1369 903 1540 936 comparat.
1576 897 1755 928 Exordium
1780 908 1855 929 vero
1879 898 1977 929 sumit
2000 909 2018 929 a
2041 898 2105 930 Dei

1147 936 1324 975 beneficiis,
1347 948 1426 977 quae
1450 939 1576 978 experti
1600 940 1725 970 fuerant
1750 945 1815 971 tam
1839 941 1871 971 in
1896 942 1985 971 exitu
2008 952 2104 980 quam

1147 979 1177 1009 iu
1192 981 1448 1020 peregrinatione
1461 982 1673 1022 quadraginta
1693 993 1860 1014 annorum.
1886 984 2106 1023 Turpissimae

1146 1022 1230 1052 enim
1252 1023 1494 1062 ingratitudinis
1514 1024 1635 1059 fuisset,
1657 1035 1719 1055 non
1739 1036 1771 1055 50
1791 1025 1938 1056 addicere
1958 1026 2107 1066 redemp-

1146 1065 1216 1100 tori,
1241 1066 1293 1104 qui
1318 1065 1395 1096 adeo
1418 1066 1593 1097 liberaliter
1616 1077 1687 1097 cum
1711 1069 1788 1107 ipsis
1813 1073 1931 1108 egerat.
1966 1069 2011 1099 Et
2029 1080 2107 1100 sane

1147 1107 1229 1146 quod
1264 1108 1488 1147 potentissimo
1523 1110 1589 1149 regi
1621 1120 1653 1140 se
1683 1115 1877 1150 opposuerat
1906 1112 1937 1141 in
1970 1111 2108 1150 gratiam

1146 1160 1330 1185 servornm,
1366 1151 1596 1182 inaestimabile
1621 1154 1744 1191 paterni
1769 1164 1845 1193 erga
1867 1153 1954 1193 ipsos
1988 1155 2108 1186 amoris

1146 1193 1273 1232 signum
1308 1193 1376 1224 fuit.
1430 1194 1530 1225 Porro
1566 1206 1603 1225 ue
1637 1195 1769 1226 obscura
1804 1202 1889 1226 esset
1919 1196 2107 1236 redemptio,

1147 1235 1300 1266 virtutem
1315 1247 1409 1275 quam
1429 1237 1493 1267 illic
1508 1237 1595 1267 Dens
1614 1238 1764 1276 exseruit,
1789 1239 1969 1279 magnificis
1993 1240 2106 1280 elogiis

1146 1288 1202 1317 pro
1226 1278 1382 1318 dignitate
1406 1279 1585 1318 amplificat.

1230 1321 1258 1351 4.
1302 1321 1408 1360 Neque
1444 1322 1525 1352 dedit
1559 1322 1678 1353 Ielcova.
1734 1323 1909 1354 Praeteriti
1950 1325 2105 1364 temporis

1146 1363 1322 1394 socordiam
1346 1364 1578 1403 exprobrando,
1603 1364 1642 1395 ad
1666 1366 1807 1396 studium
1832 1366 2032 1406 intelligendi
2052 1378 2106 1399 eos

1145 1406 1307 1436 stimulat:
1333 1417 1368 1437 30
1388 1407 1413 1437 si
1437 1407 1564 1443 diceret,
1590 1408 1684 1438 nimis
1704 1408 1757 1438 diu
1776 1408 1978 1448 obstupuisse
1997 1409 2037 1439 ad
2059 1414 2107 1441 tot

1145 1448 1315 1479 miracula:
1352 1449 1482 1488 ideoque
1517 1460 1579 1480 non
1614 1460 1684 1481 esse
1716 1451 1853 1490 amplius
1887 1451 2105 1483 cunctandum

1144 1492 1221 1531 quin
1245 1493 1460 1532 expergefacti
1484 1493 1598 1523 melius
1620 1492 1658 1523 ad
1683 1492 1787 1523 Deum
1820 1493 2004 1524 attendant:
2039 1505 2105 1526 non

1144 1534 1226 1573 quod
1262 1545 1393 1573 prorsus
1427 1546 1479 1565 005
1515 1535 1685 1566 latuissent
1718 1535 1777 1566 Dei
1814 1547 1910 1576 opera
1950 1542 2105 1577 tanquam

1116 1572 1118 1583 ¹
1145 1577 1314 1607 attonitos:
1339 1577 1392 1607 sod
1418 1578 1489 1616 quia
1514 1578 1622 1608 statim
1647 1578 1813 1609 effluxerat
1833 1579 1936 1610 omnis
1954 1580 2103 1619 cognitio.

1144 1619 1227 1649 Nan]
1253 1620 1345 1651 sicuti
1377 1620 1496 1655 ebrius,
1530 1626 1586 1650 aut
1609 1621 1661 1660 qui
1686 1627 1814 1651 veterno
1838 1621 1947 1652 morbo
1971 1622 2105 1660 laborat,

1144 1661 1252 1692 audito
1282 1663 1420 1693 clamore
1448 1662 1611 1702 paulisper
1642 1663 1760 1694 attollit
1789 1668 1900 1703 caput,
1935 1669 1966 1695 et
1996 1665 2105 1697 oculos

1144 1706 1262 1743 aperit,
1295 1716 1365 1735 mox
1399 1706 1529 1735 veroin
1554 1716 1697 1744 soporem
1732 1707 1921 1736 revolvitur:
1954 1707 1996 1737 ita
2022 1718 2105 1738 nun-

1144 1758 1238 1787 quam
1274 1749 1357 1778 serio
1392 1748 1429 1777 ad
1471 1747 1701 1778 consideranda
1737 1749 1797 1778 Dei
1831 1760 1928 1788 opera
1961 1755 2103 1781 mentem

1144 1790 1299 1829 applicuit
1319 1791 1462 1830 populus,
1482 1790 1555 1830 quia
1573 1791 1624 1820 ubi
1645 1791 1797 1821 miraculo
1818 1791 1924 1830 aliquo
1944 1792 2104 1823 excitatus

1144 1832 1221 1869 fuit,
1261 1834 1356 1872 paulo
1392 1840 1460 1872 post
1494 1839 1626 1872 sequuta
1660 1839 1707 1863 est
1747 1834 1879 1868 oblivio,
1922 1839 1956 1864 nt
1990 1836 2105 1867 merito

1144 1886 1287 1906 crassum
1309 1876 1398 1906 illum
1419 1882 1575 1914 torporem
1599 1876 1692 1906 variis
1712 1876 1812 1906 modis
1831 1877 1974 1916 exagitet
1987 1878 2103 1909 Moses.

1146 1918 1318 1949 Caeterum
1342 1929 1407 1948 non
1430 1919 1617 1957 simpliciter
1639 1929 1692 1949 eos
1714 1919 1871 1948 amentiae
1894 1919 2042 1957 damnat,
2072 1925 2104 1951 et

1145 1962 1322 1997 caecitatis,
1358 1967 1388 1991 et
1423 1961 1602 1991 surditatis:
1639 1961 1692 1991 sed
1727 1967 1885 1996 amentes.
1927 1972 2036 1993 caecos
2071 1966 2104 1993 et

1145 2003 1257 2034 surdos
1281 2004 1379 2035 fuisse
1403 2004 1607 2043 pronunciat,
1640 2004 1712 2042 quia
1737 2014 1799 2034 non
1825 2003 1945 2034 fuerint
1968 2005 2106 2044 praediti

1145 2047 1272 2077 coelesti
1298 2046 1410 2086 gratia,
1432 2052 1466 2076 ut
1485 2046 1544 2076 rite
1564 2046 1597 2076 iu
1617 2051 1662 2076 tot
1682 2046 1880 2077 documentis
1899 2048 2104 2086 proficerent.

1145 2089 1238 2120 Unde
1262 2088 1413 2120 discimus
1436 2088 1597 2129 singulare
1621 2099 1690 2119 csse
1714 2089 1842 2127 spiritus
1866 2088 1994 2128 donum,
2018 2094 2105 2121 recta

1143 2131 1358 2171 intelligentia
1383 2131 1516 2171 pollere:
1546 2132 1618 2170 quia
1645 2142 1771 2170 semper
1794 2131 1844 2161 vel
1868 2132 1900 2161 in
1923 2132 2009 2162 clara
2033 2132 2102 2164 luce

1143 2175 1321 2205 caecutient
1346 2175 1500 2211 homines,
1523 2173 1622 2204 donec
1645 2184 1662 2204 3
1682 2173 1751 2203 Deo
1774 2173 1946 2204 illuminati
1970 2175 2100 2206 fuerint.

1144 2216 1236 2255 Quod
1272 2217 1309 2247 de
1344 2217 1500 2248 Israelitis
1535 2221 1642 2247 narrat
1675 2216 1796 2254 Moses,
1831 2216 1979 2247 omnibus
2014 2217 2100 2248 baud

1144 2260 1237 2291 dubie
1271 2270 1441 2291 commune
1475 2264 1531 2290 est.
1589 2259 1768 2298 conspicua
1799 2259 1859 2289 Dei
1893 2259 1996 2298 gloria
2029 2260 2100 2291 ideo

1142 2312 1205 2332 non
1240 2303 1339 2333 fuisse
1371 2302 1408 2333 ad
1444 2302 1512 2332 eius
1547 2302 1692 2332 timorem
1728 2304 1760 2331 et
1793 2301 1914 2331 cultum
1947 2301 2101 2334 adductos

1143 2345 1343 2384 pronunciat,
1368 2345 1441 2384 quia
1462 2354 1519 2375 nce
1538 2349 1688 2381 mentem,
1711 2353 1767 2374 uec
1787 2344 1904 2381 oculos,
1929 2354 1986 2374 nec
2006 2355 2101 2376 aures

1141 2388 1204 2418 11115
1235 2387 1367 2418 dederit.
1422 2387 1519 2426 Atqui
1549 2387 1693 2417 homines
1723 2385 1875 2423 creando⁷
1910 2387 2102 2419 naturaliter

1141 2430 1205 2461 illis
1229 2436 1370 2461 mentem
1393 2430 1567 2465 indiderat,
1596 2428 1776 2459 contulerat
1805 2428 1901 2459 etiam
1930 2439 2039 2467 aures,
2068 2434 2101 2461 et

1141 2473 1264 2504 oculos:
1301 2473 1354 2504 sed
1387 2473 1490 2503 Moses
1522 2471 1696 2511 siguificat,
1732 2470 1886 2510 quidquid
1920 2471 2100 2511 ingenitum

1141 2521 1189 2547 est
1220 2515 1310 2546 nobis
1341 2515 1436 2552 lucis,
1472 2514 1520 2545 vel
1556 2513 1703 2544 suffocari
1739 2513 1789 2544 vel
1824 2523 2028 2552 evanescere,
2065 2519 2101 2545 ut

1228 2610 1254 2641 1)
1266 2609 1298 2634 In
1319 2610 1450 2642 marqine:
1472 2608 1530 2638 Vel,
1550 2606 1714 2639 intelligatis.

1867 2649 1898 2673 16
