2304 3034
840 200 964 234 FINIS
990 202 1046 233 ΕΤ
1067 201 1184 234 USUS
1208 200 1357 234 LEGIS.

2043 205 2104 236 726

758 408 922 453 FINIS
960 408 1039 453 ET
1074 407 1228 453 USUS
1263 407 1458 454 LEGIS.

196 561 366 599 Quatenus
389 560 424 591 in
453 559 524 599 lege
556 558 735 590 ostenditur
758 557 929 590 discrimen
950 558 1025 589 boni
1049 562 1080 588 et

108 603 199 642 mali,
222 603 262 634 ad
281 601 480 634 formandam
493 602 663 632 hominum
675 602 776 632 vitam
789 601 863 631 data
886 606 943 638 est,
967 606 1080 631 011110-

109 646 173 677 rito
187 651 322 677 vocetur
343 646 424 676 bene
447 650 478 675 et
500 645 583 675 iuste
596 644 727 675 vivendi
752 643 873 683 1egula.
897 643 1004 682 Atque
1027 642 1080 673 hic

108 688 184 719 finis
209 688 290 728 legis
319 687 468 718 omnibus
496 687 562 717 fere
592 692 688 717 notus
716 690 778 717 est:
814 686 889 725 quia
912 686 981 717 sine
1004 695 1079 716 con-

107 731 268 762 troversia
299 730 442 760 fatentur
479 739 591 760 omnes
623 728 730 759 Deum
763 728 827 759 illic
861 727 1078 775 praescribere

109 772 187 812 quid
217 777 340 804 rectum
364 771 421 807 sit,
445 783 486 802 ne
508 771 622 803 incerti
646 776 713 802 tota
735 771 804 803 vita
826 781 984 801 erremus.
1004 770 1079 809 quia

108 821 145 846 ut
172 815 239 846 eius
267 814 420 845 voluntas
443 813 585 854 perfecta
609 818 657 844 est
680 813 732 844 lex
751 814 900 851 iustitiae,
923 813 968 843 ita
991 813 1078 843 solus

108 867 168 888 nos
190 857 328 898 dirigere
356 857 390 887 in
414 867 546 897 scopum
566 860 680 896 potest.
725 855 925 887 Naturaliter
947 855 1077 895 quidem

107 899 270 939 insculpta
300 904 349 930 est
380 899 455 929 boni
479 903 510 929 et
533 899 608 929 mali
639 899 754 929 notitia
784 898 984 933 horninibus,
1016 907 1078 937 quo

105 941 283 973 reddantur
305 941 557 973 inexcusabiles:
582 952 640 972 nec
668 941 733 972 ulla
748 951 891 980 unquam
915 941 1078 971 barbaries

105 984 210 1015 lucem
225 984 308 1016 hanc
331 984 411 1015 adeo
434 984 601 1021 exstinxit,
624 984 701 1023 quin
724 984 839 1023 ubique
854 983 997 1023 viguerit
1020 983 1078 1013 ali-

104 1037 169 1067 qua
186 1027 294 1067 legum
314 1026 428 1058 forma:
450 1037 564 1057 verum
583 1037 682 1066 quum
701 1026 910 1066 praecipuum
933 1025 1078 1056 iustitiae

104 1072 200 1109 caput
233 1069 275 1100 sit
308 1069 436 1100 obedire
470 1069 555 1106 Deo,
590 1068 746 1109 singulari
779 1068 966 1108 privilegio,
991 1072 1077 1099 recte

103 1111 235 1143 vivendi
263 1111 442 1143 doctrinam
465 1112 499 1142 in
522 1111 622 1142 electo
641 1111 774 1151 populo,
805 1116 958 1150 tanquam
983 1110 1079 1151 adop-

103 1154 201 1185 tionis
224 1164 301 1185 suae
324 1155 458 1194 pignus,
482 1153 639 1194 deposuit.
684 1153 771 1184 Hinc
794 1154 973 1184 sententiae
996 1164 1078 1193 quae

103 1197 201 1228 toties
224 1196 307 1236 apud
320 1197 435 1227 Mosen
458 1202 647 1227 occurrunt:
667 1196 835 1235 Praecipio
858 1196 925 1234 tibi,
948 1200 984 1226 ut
1007 1206 1078 1227 cus-

103 1239 221 1277 todias,
253 1244 284 1270 et
314 1239 420 1270 facias.
472 1239 644 1270 Caeterum
675 1238 749 1278 quia
779 1238 925 1270 carnales
956 1249 1077 1275 sumus,

104 1281 293 1314 venumdati
317 1281 376 1313 sub
398 1285 544 1321 peccato,
575 1286 700 1312 tantum
731 1281 838 1319 abest,
869 1286 904 1312 ut
928 1285 1078 1321 suppetat

104 1324 196 1355 nobis
215 1323 351 1356 facultas
371 1324 409 1355 ad
429 1324 543 1364 legem,
568 1334 649 1364 quae
667 1324 847 1364 spiritualis
867 1328 923 1361 est,
944 1324 1079 1363 implen-

106 1365 195 1403 dam,
218 1371 256 1397 ut
278 1367 348 1398 eius
371 1367 511 1397 iustitiae
535 1371 718 1406 repugnent
741 1377 853 1397 omnes
876 1372 1004 1397 nostrae
1028 1377 1078 1397 co-

105 1410 292 1449 gitationes:
326 1410 422 1440 sicuti
456 1409 532 1440 alibi
567 1410 657 1440 docet
690 1409 815 1440 Paulus
844 1409 949 1449 (Rom.
982 1409 1010 1447 8,
1036 1408 1076 1450 7).

103 1452 193 1492 Ergo
211 1453 265 1492 qui
289 1452 355 1482 solo
379 1451 514 1483 docendi
537 1462 597 1482 usu
619 1452 763 1483 contenti
785 1458 870 1490 sunt,
893 1452 977 1482 male
1001 1452 1077 1483 sub-

105 1494 223 1526 sistunt
246 1495 278 1525 in
300 1505 364 1525 una
385 1499 491 1534 parte:
515 1495 589 1534 quia
611 1494 702 1525 nulla
726 1493 800 1525 inde
820 1495 990 1534 proveniet
1013 1494 1075 1525 uti-

105 1536 192 1573 litas,
216 1536 368 1576 quamdiu
391 1537 593 1568 manebimus
616 1537 649 1567 in
674 1542 791 1568 natura
811 1544 972 1577 corrupta.
1005 1537 1075 1568 Imo

105 1579 240 1610 simulac
268 1579 375 1619 prodit
398 1579 450 1610 lex
473 1580 507 1610 in
530 1579 681 1617 medium,
706 1580 862 1619 capitibus
885 1580 1004 1611 nostris
1028 1580 1075 1610 in-

105 1621 229 1653 cumbit
259 1621 439 1653 maledictio
472 1621 546 1661 Dei,
580 1633 616 1654 ac
650 1623 676 1653 si
710 1633 726 1653 e
761 1622 848 1653 coelo
880 1622 1076 1653 fulminaret.

104 1664 177 1695 Non
217 1674 390 1705 congeram
424 1674 634 1704 quaecunque
667 1665 700 1695 in
735 1664 819 1696 hanc
852 1675 919 1696 rem
953 1665 1078 1696 faciunt

104 1707 307 1743 testimonia,
334 1707 472 1738 sufficiat
501 1717 584 1737 unus
617 1717 694 1746 prae
728 1707 799 1738 aliis
829 1708 966 1748 insignis
990 1708 1078 1739 locus

106 1748 212 1791 (Rom.
227 1749 254 1788 7,
276 1749 343 1790 12):
362 1749 424 1787 lex,
442 1751 547 1789 inquit
565 1749 698 1787 Paulus,
718 1754 831 1780 sancta
853 1755 909 1786 est,
933 1757 964 1781 et
987 1761 1079 1790 prae-

105 1795 233 1831 ceptum
252 1791 375 1823 iustum
387 1796 419 1823 et
431 1791 568 1823 bonum:
593 1792 649 1823 sed
670 1796 844 1832 peccatum7
868 1797 905 1823 ut
924 1797 1080 1833 appareat

105 1840 288 1874 peccatum,
318 1845 374 1874 per
404 1834 436 1865 id
466 1834 551 1874 quod
575 1835 691 1866 bonum
713 1840 780 1865 erat
803 1840 939 1866 mortem
963 1836 1077 1876 gignit.

106 1878 268 1916 Asperum
297 1877 427 1916 quidem
450 1882 499 1908 est
522 1877 605 1917 quod
630 1877 705 1908 alibi
729 1876 806 1909 dicit
829 1877 936 1918 (Rom.
961 1878 990 1917 4,
1016 1878 1078 1919 15),

105 1919 212 1959 legem
234 1920 314 1950 iram
339 1920 481 1959 operari,
509 1925 539 1950 et
562 1925 692 1959 propter
715 1921 987 1960 transgressiones
1010 1932 1078 1952 esse

106 1962 260 2002 positam:
280 1972 395 2001 nempe
414 1961 598 1993 hominibus
618 1962 762 2002 profanis
781 1964 835 2002 qui
859 1967 986 1994 tantum
1005 1964 1077 2003 phi-

107 2004 269 2044 losophice
294 2004 447 2035 iudicant.

107 2052 164 2083 est,
182 2047 256 2094 quia
275 2046 355 2077 nihil
376 2046 463 2077 aliud
482 2052 587 2087 potest
610 2058 704 2087 quam
709 2031 909 2088 ”detegendo
934 2053 1077 2079 nostram

106 2089 316 2126 iniustitiam,
347 2095 482 2120 mortem
512 2089 670 2120 duntaxat
699 2090 814 2121 afferre
845 2090 1077 2133 (Gal.3,.10)

106 2131 172 2163 Hic
186 2138 292 2162 autem
317 2139 485 2171 emergunt
510 2133 725 2163 tumultuosae
749 2134 960 2172 quaestiones,
983 2144 1078 2174 quor-

108 2184 179 2206 sum
198 2174 333 2205 attineat
354 2175 535 2213 praecipere
556 2185 636 2214 quae
656 2176 846 2223 praestando
864 2187 927 2207 non
951 2187 1079 2208 sumus:

109 2225 167 2247 cur
187 2217 312 2247 miseris
332 2216 446 2247 illudat
459 2217 556 2254 Deus
581 2228 661 2248 onus
680 2218 849 2257 imponens
868 2229 930 2258 quo
949 2229 1079 2259 prorsus

110 2259 301 2290 obruantur:
333 2258 491 2299 quomodo
519 2260 691 2291 conveniat
714 2261 816 2301 legem
841 2261 924 2297 dari,
954 2268 989 2292 ut
1009 2272 1079 2292 eam
1104 2261 1105 2275 ³

111 2301 328 2339 observemus,
349 2306 380 2332 et
393 2307 500 2332 tamen
515 2302 638 2333 viribus
651 2302 796 2334 destitui:
811 2304 837 2335 si
851 2314 915 2334 non
928 2308 975 2335 est
989 2305 1080 2335 nobis

110 2342 211 2374 libera
228 2344 303 2375 boni
324 2349 355 2374 et
376 2344 454 2375 mali
477 2344 606 2382 electio,
631 2356 686 2376 cur
710 2346 786 2376 vitio
810 2347 902 2377 nobis
925 2351 1079 2383 vertatur,

111 2390 239 2425 peccato
269 2386 321 2418 cui
352 2387 543 2418 naturaliter
576 2398 688 2419 sumus
711 2388 839 2425 addicti
863 2388 1078 2421 succumbere.

111 2427 152 2458 In
185 2429 410 2460 coacervandis
444 2429 562 2461 talibus
596 2430 765 2462 calumniis
800 2431 891 2462 valde
920 2432 1079 2472 ingeniosi

113 2474 191 2500 sunt
223 2471 283 2502 Dei
313 2471 436 2510 hostes,
466 2476 498 2503 et
523 2472 563 2503 ad
593 2483 647 2503 eas
671 2473 912 2513 amplificandas
935 2474 1079 2505 facundi:

112 2522 228 2543 verum
255 2513 309 2544 ubi
336 2514 445 2545 omnia
470 2516 671 2546 evomuerint
691 2525 773 2555 quae
792 2516 855 2547 illis
878 2517 975 2548 furio
964 2528 998 2548 a
1021 2518 1080 2548 im-

112 2555 256 2594 probitas
279 2555 461 2594 dictaverit,
493 2568 619 2597 semper
643 2568 695 2588 eos
718 2558 796 2590 satis
815 2569 974 2599 supcique
995 2560 1080 2590 refu-

113 2597 195 2628 tabit
213 2597 343 2637 propria
360 2582 570 2631 conscientia:
589 2600 664 2640 quia
683 2600 775 2631 fateri
799 2607 954 2642 cogentur
977 2602 1081 2643 legem

113 2650 185 2671 esse
206 2639 340 2678 iustam,
369 2646 401 2672 et
419 2652 515 2681 quum
538 2643 719 2675 voluntatio
743 2644 860 2676 affectu
883 2655 953 2675 eam
977 2648 1082 2676 trans-

493 2004 552 2036 Ille
579 2015 655 2036 vero
678 2005 758 2045 legis
781 2016 857 2036 usus
881 2005 1078 2046 theologicus
1103 2020 1104 2031 ¹

1134 557 1342 597 gradiuntur,
1376 558 1493 589 merito
1527 569 1560 590 se
1589 558 1744 590 damnari.
1797 557 1996 599 Obstrepant
2021 560 2103 598 Deoy

1133 604 1169 630 ut
1191 600 1328 637 libuerit,
1352 600 1461 640 inique
1484 601 1555 640 plus
1578 602 1684 632 oneris
1704 602 1869 641 imponere
1891 612 1986 641 quam
2009 613 2102 642 pares

1133 643 1197 673 sint
1226 643 1264 673 ad
1293 626 1471 678 fe'rendum,
1495 644 1657 675 convictos
1679 644 1802 675 tenebit
1823 648 1957 676 naturae
1979 656 2101 686 sensus,

1133 685 1212 721 Deo,
1240 684 1392 725 quidquid
1416 685 1475 716 sibi
1498 686 1656 725 praestari
1678 686 1775 724 iubet,
1799 686 1915 718 deberi.
1960 687 2030 718 Iam
2054 688 2101 719 vi-

1133 711 1272 758 dendum
1301 733 1351 759 est
1380 727 1510 758 ubinam
1540 728 1679 759 resideat
1701 729 1807 769 culpa,
1836 729 1918 769 quod
1948 730 2102 762 solvendo

1132 780 1197 800 non
1217 776 1302 801 sunt.
1334 769 1431 801 Certe
1450 781 1520 801 eam
1540 781 1558 800 a
1576 782 1610 802 se
1630 771 1750 803 frustra
1769 772 1899 803 reiicere
1922 773 2102 812 tentabunt,

1131 813 1206 852 quia
1229 824 1341 844 rursus
1369 812 1564 843 conscientia
1594 824 1627 844 se
1657 825 1696 845 ex
1723 814 1868 854 opposito
1891 815 2033 855 ingeret,
2064 826 2101 848 ac

1131 856 1330 895 constringet
1348 855 1510 886 insolubili
1531 861 1631 887 reatu.
1665 857 1768 888 Docet
1786 862 1894 888 autem
1914 862 1981 888 tota
2000 858 2100 898 scrip-

1132 902 1219 935 tura,
1251 904 1384 929 naturae
1414 903 1544 929 nostrae
1578 900 1782 938 corruptione
1812 899 1933 931 factum
1963 911 2032 932 esse
2066 908 2102 932 ut

1131 940 1193 979 legi
1207 945 1388 980 repugnent
1407 951 1518 971 omnes
1537 941 1641 971 nostri
1659 942 1801 979 affectus,
1821 947 1851 973 et
1869 943 1939 982 ipsa
1959 943 2101 974 vicissim

1131 983 1223 1014 nobis
1255 982 1456 1014 adversetur.
1501 983 1607 1014 Adam
1636 985 1721 1014 enim
1745 995 1764 1015 a
1787 985 1856 1015 Deo
1879 985 1984 1016 omnis
2006 985 2101 1017 iusti-

1131 1025 1195 1056 tiae
1224 1025 1312 1056 fonte
1341 1026 1518 1064 alienatus,
1548 1036 1583 1056 se
1614 1033 1646 1057 et
1674 1038 1732 1058 nos
1761 1027 1909 1066 perdidit.
1956 1028 2042 1060 Hinc
2064 1029 2102 1060 fit

1130 1073 1167 1098 ut
1190 1079 1254 1098 non
1279 1074 1405 1099 tantum
1426 1068 1466 1099 ad
1490 1068 1717 1108 praestandum
1739 1069 1809 1100 Deo
1831 1070 2019 1110 obsequium
2042 1082 2101 1103 nos

1131 1111 1216 1141 vires
1235 1110 1395 1147 deficiant,
1419 1111 1474 1142 sed
1494 1117 1530 1142 ut
1553 1121 1645 1142 caeco
1669 1117 1700 1142 et
1722 1112 1890 1152 praecipiti
1913 1113 2037 1153 impetu
2060 1114 2100 1144 ad

1131 1153 1360 1184 excutiendum
1399 1154 1466 1185 eius
1499 1155 1611 1194 iugum
1646 1155 1801 1185 ferantur.
1852 1155 1939 1187 Hinc
1978 1156 2101 1196 colligit

1131 1196 1252 1226 Paulus
1271 1207 1328 1227 nos
1348 1207 1416 1227 esse
1435 1196 1631 1234 maledictos,
1651 1197 1726 1236 quia
1745 1197 1798 1228 lex
1817 1197 2003 1229 maledictos
2026 1209 2100 1238 pro-

1131 1239 1262 1270 nunciat
1281 1249 1393 1269 omnes
1418 1242 1674 1279 transgressores
1690 1239 1776 1287 (Gal.
1790 1240 1819 1277 3,
1844 1240 1904 1282 10).
1950 1241 2101 1272 Ridicula

1130 1281 1215 1311 enim
1245 1281 1306 1312 erit
1328 1281 1479 1319 obiectio,
1507 1282 1541 1312 in
1572 1281 1672 1313 libero
1701 1293 1853 1322 cuiusque
1876 1283 2007 1314 arbitrio
2031 1294 2100 1315 esse

1130 1334 1194 1353 non
1223 1323 1421 1364 transgredi,
1452 1325 1528 1364 quia
1556 1324 1636 1355 nihil
1665 1325 1698 1355 in
1720 1325 1812 1362 nobis
1835 1326 2014 1366 reperietur
2036 1327 2100 1358 nisi

1130 1366 1290 1397 vitiosum.
1336 1367 1379 1397 Et
1404 1372 1490 1398 certe
1520 1367 1618 1398 nimis
1648 1367 1796 1407 pudenda
1823 1368 1885 1399 fuit
1915 1379 2025 1399 eorum
2049 1380 2099 1400 so-

1130 1408 1236 1440 cordia
1248 1410 1308 1457 qui
1314 1414 1471 1448 putarunt
1483 1410 1566 1440 nihil
1579 1410 1776 1450 impossibile
1796 1411 1951 1451 praecipi:
1970 1411 2099 1451 quando

1130 1452 1162 1482 in
1187 1452 1328 1483 minimis
1351 1452 1530 1492 quibusque
1553 1464 1586 1484 se
1609 1453 1717 1493 prodit
1736 1464 1798 1484 non
1822 1453 1916 1484 modo
1940 1454 2099 1490 debilitas,

1129 1494 1184 1526 sed
1203 1493 1359 1532 ἀδυναμία.
1403 1494 1476 1525 Etsi
1495 1499 1602 1526 autem
1622 1496 1742 1527 Paulus
1760 1495 1837 1527 dicit
1852 1496 1893 1537 (2.
1915 1496 1988 1528 Cor.
2009 1497 2037 1534 3,
2057 1496 2100 1545 6),

1129 1537 1179 1573 let
1170 1547 1233 1567 em
1265 1537 1355 1568 nobis
1389 1547 1458 1568 esse
1487 1538 1698 1575 mortiferam,
1722 1549 1791 1569 eam
1815 1543 1923 1570 tamen
1947 1539 1986 1570 ab
2009 1540 2099 1570 omni

1102 1572 1245 1620 *probro
1276 1579 1431 1617 vindicat,
1463 1580 1516 1611 ubi
1545 1581 1667 1611 malum
1698 1581 1777 1612 illud
1808 1581 2005 1613 accidentale
2028 1592 2099 1613 esse

1129 1622 1237 1661 docet,
1268 1623 1402 1662 ideoque
1431 1622 1523 1654 nobis
1553 1623 1789 1663 imputandum.
1842 1624 1962 1655 Fixum
1990 1626 2098 1664 itaque

1129 1669 1273 1702 maneat,
1306 1665 1409 1705 legem
1432 1676 1496 1696 non
1519 1666 1624 1697 solum
1649 1666 1781 1698 docendi
1804 1677 1902 1698 causa
1924 1677 1993 1697 esse
2016 1667 2100 1707 posi-

1130 1712 1207 1745 tam,
1226 1713 1261 1738 ut
1274 1707 1418 1739 homines
1431 1708 1513 1748 quod
1533 1714 1657 1740 rectum
1677 1719 1746 1740 esse
1765 1708 1944 1747 didicerint,
1961 1720 2098 1749 sequan-

1130 1756 1198 1780 tur:
1229 1751 1283 1781 sed
1315 1750 1353 1781 ad
1385 1751 1472 1790 ipsos
1494 1751 1713 1791 coarguendos
1735 1752 1884 1792 propriae
1907 1752 2097 1791 iniquitatis,

1131 1798 1166 1823 ut
1196 1803 1229 1824 se
1257 1792 1397 1832 perditos
1427 1799 1618 1834 agnoscant:
1643 1805 1679 1826 ac
1702 1795 1728 1825 si
1752 1795 1918 1825 interitum
1938 1805 2033 1825 suum
2057 1805 2097 1825 ex

1130 1835 1214 1866 iusta
1251 1835 1313 1866 Dei
1355 1835 1497 1867 vindicta
1530 1837 1563 1867 in
1597 1837 1725 1876 speculo
1759 1841 1935 1869 cernerent.
1990 1838 2097 1877 Atque

1131 1878 1210 1910 haec
1239 1877 1366 1917 quidem
1397 1879 1537 1919 cognitio
1560 1890 1618 1919 per
1640 1890 1674 1911 se
1698 1879 1845 1910 horribili
1873 1879 2097 1919 desperatione

1130 1931 1242 1951 omnes
1265 1920 1429 1958 obrueret,
1457 1921 1520 1952 nisi
1542 1933 1582 1952 ex
1605 1922 1763 1962 profunda
1785 1923 1839 1953 illa
1860 1923 1974 1962 abysso
1997 1933 2098 1953 emer-

1129 1968 1251 2002 gerent.
1300 1962 1463 2002 Quoniam
1497 1965 1582 1995 enim
1612 1975 1733 1996 vesana
1762 1964 1955 1996 confidentia
1977 1965 2098 2006 turgidi

1130 2006 1257 2037 laudem
1290 2007 1373 2036 iuste
1407 2006 1538 2038 vivendi
1572 2007 1630 2039 sibi
1664 2013 1832 2048 arrogant,
1863 2009 2020 2048 prosterni
2044 2019 2098 2039 eos

1130 2059 1259 2080 necesse
1288 2054 1351 2079 est:
1382 2049 1521 2089 primum
1552 2053 1587 2081 ut
1615 2050 1758 2081 damnati
1777 2050 1901 2082 discant
1923 2051 2098 2090 confugere

1131 2092 1170 2121 ad
1201 2090 1264 2121 Dei
1294 2091 1562 2123 misericordiam:
1594 2093 1710 2124 deinde
1740 2099 1775 2124 ut
1802 2103 1877 2123 suae
1900 2093 2097 2124 infirmitatis

1103 2131 1105 2166 ἶ
1131 2134 1278 2170 convicti,
1297 2134 1428 2173 spiritus
1447 2136 1548 2166 sancti
1568 2137 1724 2166 auxilium
1744 2136 1925 2175 implorent,
1948 2135 2031 2175 quod
2048 2146 2098 2166 se-

1131 2186 1206 2208 cure
1226 2178 1314 2216 prius
1337 2176 1552 2217 negligebant.
1596 2178 1688 2210 Unde
1712 2184 1842 2217 apparet
1865 2178 1951 2218 ipsos
1975 2178 2099 2209 utiliter

1131 2231 1149 2249 a
1174 2219 1244 2259 lege
1270 2219 1379 2255 occidi,
1403 2225 1435 2250 et
1457 2224 1593 2251 mortem
1617 2232 1698 2261 quae
1718 2222 1879 2260 irrooatur
1901 2231 1970 2251 esse
1993 2221 2097 2251 vivifi-

1131 2273 1210 2293 01.1111
1254 2261 1292 2291 Id
1316 2266 1424 2292 tutem
1448 2263 1484 2293 fit
1507 2262 1629 2295 duobus
1652 2263 1770 2300 modis,
1795 2263 1868 2302 quia
1890 2274 1983 2294 caeca
2004 2264 2098 2294 iusti-

1132 2304 1194 2335 tiae
1216 2305 1363 2343 propriae
1386 2305 1533 2344 opinione
1556 2317 1618 2345 qua
1641 2289 1868 2354 superbiebant
1890 2307 1989 2343 exuti,
2013 2306 2098 2345 quod

1130 2347 1211 2378 falso
1246 2346 1404 2385 putabant
1437 2348 1521 2387 apud
1549 2360 1582 2379 50
1606 2349 1737 2387 reperiri
1766 2359 1871 2388 posse,
1901 2349 1933 2379 10
1965 2331 2096 2380 dhristo

1131 2400 1283 2429 quaercle
1302 2389 1470 2428 incipiunt,
1495 2397 1530 2421 ut
1552 2392 1692 2431 gzrrtuita
1711 2391 1967 2422 reconciliatione
1990 2391 2098 2431 place-

1132 2436 1188 2463 ant
1211 2432 1290 2469 Deo,
1314 2442 1407 2471 quem
1430 2416 1570 2472 placare²=⁵
1581 2438 1656 2465 ante
1679 2433 1828 2465 volebant
1849 2443 1980 2473 operum
2004 2434 2098 2465 meri-

1132 2475 1182 2505 tis.
1228 2474 1377 2505 Secundo
1407 2474 1533 2507 discunt
1560 2487 1600 2507 ne
1624 2476 1662 2507 ad
1686 2476 1853 2506 minimum
1877 2475 2005 2515 quidem
2028 2476 2096 2516 api-

1131 2528 1200 2548 cem
1219 2516 1298 2556 legis
1317 2518 1544 2556 praestandum
1566 2530 1600 2549 se
1623 2529 1692 2549 csse
1715 2519 1851 2555 idoneosy
1875 2518 1936 2549 nisi
1959 2519 2097 2559 regeniti

1133 2559 1196 2590 Dei
1215 2560 1330 2599 spiritu
1349 2560 1490 2592 iustitiae
1512 2562 1639 2598 vivant,
1663 2562 1715 2601 qui
1738 2567 1874 2600 peccato
1889 2567 1982 2592 erant
2005 2572 2095 2592 man-

1134 2602 1239 2641 cipati.
1266 2602 1372 2641 Atque
1391 2602 1467 2634 hinc
1486 2603 1613 2634 demum
1633 2614 1667 2634 se
1686 2604 1805 2643 profert
1828 2603 1949 2635 utilitas
1968 2610 1999 2635 et
2010 2604 2095 2634 fruc-

1136 2650 1187 2675 tus
1217 2644 1397 2684 doctrinae,
1426 2646 1501 2686 quia
1524 2646 1622 2677 donec
1646 2646 1790 2678 renovati
1813 2646 1930 2684 simus,
1953 2652 1986 2677 et
2007 2647 2096 2677 Deus

1841 2695 1891 2722 46*
