2304 3034
160 197 221 227 4⁴31
839 191 1089 224 SECUNDUM

159 289 243 320 nihil
264 288 350 319 aliud
374 289 434 317 fuit
459 297 551 326 quam
573 285 749 325 spiritualis·
770 285 902 316 veritas:
921 290 964 316 ·ut
984 286 1120 326 populus

161 333 229 372 ipse
254 331 393 362 vicissim
418 329 512 360 fidem
534 334 564 359 et
595 328 828 368 poenitentiam
854 328 985 359 afferret
1008 329 1047 359 ad
1071 340 1121 360 sa-

159 374 287 406 crificia.
318 373 360 403 Et
378 380 463 403 certe
484 371 625 401 exterior
644 371 846 401 caeremonia
866 371 934 401 5100
955 382 988 402 re
1006 371 1122 403 fuisset

159 428 246 447 mera
270 416 409 446 fatuitas.
456 414 553 445 Hunc
578 414 676 444 ritum
700 424 739 443 ex
766 419 855 453 parte
878 413 1024 444 imitatae
1047 420 1122 446 sunt

159 460 255 490 etiam
278 457 429 497 profanae
453 462 582 497 gentes:
608 455 693 486 unde
716 456 797 486 illud
820 456 951 487 Horatii
965 456 994 498 ¹),

339 524 429 556 thue
449 523 595 548 sacerdotis
613 523 749 556 fugitivus,
769 524 823 548 liba
842 532 944 549 recuso.

159 584 275 624 quibus
300 584 406 615 verbis
430 583 593 623 significat
615 582 781 623 placentas
811 583 905 615 idolis
928 584 1026 615 fuisse
1049 595 1121 624 pas-

159 628 218 658 sim
238 626 368 657 oblatas.
404 626 529 656 Verum
553 636 646 656 caeca
670 626 731 656 fuit
750 626 806 657 illa
829 627 1014 663 aemulatio,
1039 627 1122 667 quod

159 671 254 701 altius
278 680 341 699 non
365 669 578 707 attenderent,
602 668 657 700 sed
677 669 761 708 quod
779 674 934 709 putarent
953 669 1028 700 deos
1048 681 1122 702 51105

159 713 302 743 humano
334 722 420 741 moro
451 717 602 751 appetere
632 722 747 743 suaves
778 718 810 742 et
840 712 995 744 delicatos
1026 713 1120 744 01005.

158 756 257 794 Atqui
291 754 385 794 louge
419 753 505 784 aliud
540 755 709 785 consilium
747 755 806 785 Dei
840 755 917 793 fuit,
952 761 987 786 ut
1021 766 1122 796 nuper

159 798 259 838 attigi.
308 798 452 828 Externo
477 798 561 827 euim
585 807 698 837 sapore
729 798 910 838 expergisci
940 799 1043 829 voluit
1067 809 1121 839 po-

159 841 270 880 pulum
294 850 395 877 suum,
419 848 455 869 ut
479 840 560 871 serio
585 840 803 879 poenitentiae
826 851 923 872 5011511
949 846 1069 880 tactus,
1091 846 1122 872 et

158 894 238 923 pura
263 882 338 919 fide⁷
370 883 525 913 scelerum
551 883 767 922 expiationem
791 888 975 923 quaereret:
1000 895 1063 915 non
1088 884 1121 914 in

158 926 223 956 illis
247 926 337 965 aguis
367 935 446 964 quos
476 926 627 956 cernebat
658 926 805 961 mactari,
837 926 894 957 scd
924 927 958 957 in
993 927 1122 958 victima

159 969 219 1000 sibi
239 968 402 1008 promissa.
444 968 605 999 Vocarunt
624 969 699 1009 iuge
719 969 922 1007 sacrificium⁷
941 970 1015 1009 quia
1034 980 1122 1009 prae-

159 1012 241 1050 cepit
274 1011 362 1041 Deus
396 1011 503 1041 offerri
536 1012 655 1051 iugiter
689 1022 746 1051 per
781 1013 950 1043 continuas
984 1017 1121 1044 aetates:

160 1064 270 1084 verum
304 1064 343 1083 ex
379 1054 514 1084 Daniele
549 1054 650 1094 liquet
683 1055 781 1086 fuisse
817 1056 1007 1095 temporale,
1048 1056 1123 1096 quia

158 1097 292 1127 cessavit
327 1096 450 1127 Christi
486 1097 644 1128 adventu:
686 1097 731 1128 sic
766 1098 853 1128 enim
887 1098 951 1129 11110
988 1098 1122 1138 angelus

157 1140 295 1178 loquitur
325 1138 423 1179 (Dan.
455 1140 484 1177 9,
509 1140 572 1180 27).
618 1140 796 1171 Roborabit
827 1140 980 1172 Christus
1012 1141 1122 1172 foedus

156 1192 227 1212 cum
252 1182 361 1213 multis
386 1182 585 1214 hebdomade
610 1193 676 1213 una
699 1190 730 1214 et
758 1182 907 1221 dimidia,
938 1188 969 1215 et
997 1194 1122 1215 cessare

156 1225 247 1256 faciet
268 1225 342 1264 iuge
361 1225 555 1256 sacrificium
576 1230 607 1256 et
628 1226 748 1256 minha.
781 1226 916 1257 Certum
936 1232 984 1258 est
1005 1226 1042 1258 de
1061 1227 1122 1259 hac

156 1268 259 1307 speeie
285 1267 381 1298 verba
404 1268 483 1299 fieri.
529 1268 624 1300 Unde
648 1275 734 1299 certo
759 1269 941 1309 colligimus
964 1269 1027 1301 hac
1051 1281 1121 1302 eae-

157 1310 299 1340 remonia
323 1310 459 1342 directas
483 1311 581 1342 fuisse
605 1312 713 1351 populi
738 1317 863 1343 mentes
887 1312 925 1343 ad
947 1312 1121 1344 Christum.

157 1352 250 1391 Quod
274 1353 300 1383 51
323 1353 377 1384 1110
402 1354 460 1384 suit-
483 1365 561 1385 usus
583 1355 667 1394 apud
692 1359 816 1386 veteres
846 1361 877 1385 et
909 1356 996 1392 finis,
1029 1355 1123 1386 hodio

157 1396 235 1426 haec
258 1395 297 1426 ad
322 1406 380 1427 1105
411 1397 493 1427 redit
525 1397 665 1434 utilitas,
695 1402 730 1428 ut
760 1398 899 1429 sciamus
933 1398 966 1429 in
991 1398 1122 1430 Christo

156 1438 254 1469 fuisse
267 1439 462 1479 completum
481 1440 636 1480 quidquid
657 1446 734 1471 tunc
753 1441 811 1472 sub
831 1441 937 1481 figura
957 1446 1122 1472 ostensum

156 1481 226 1512 fuit.
272 1482 437 1512 Promittit
467 1482 557 1514 Deus
591 1484 784 1514 sacrificium
814 1484 872 1514 hoc
902 1483 961 1515 sibi
992 1484 1058 1515 foro
1088 1484 1122 1514 in

157 1524 287 1555 odorem
311 1525 436 1564 quietis.
482 1526 710 1557 Dubitandum
742 1526 844 1567 igitur
874 1537 940 1557 non
970 1531 1018 1558 est
1046 1528 1122 1567 quin

158 1567 191 1597 in
214 1567 351 1598 solidum
375 1568 521 1608 placatus
545 1569 587 1600 sit
609 1570 765 1600 sacrificio
796 1570 956 1610 unigeniti
983 1570 1040 1601 filii
1063 1570 1122 1608 sui,

158 1619 193 1640 ac
218 1617 344 1649 peccata
369 1612 459 1642 nobis
483 1612 653 1643 remiserit.
690 1612 791 1643 Porro
815 1623 1001 1652 quanquam
1024 1613 1121 1643 semel

157 1653 282 1684 oblatus
312 1654 370 1684 fuit
401 1654 567 1691 Christus,
600 1660 635 1685 ut
666 1666 722 1686 nos
752 1656 848 1687 unica
877 1656 1059 1695 expiatione
1089 1657 1121 1686 in

157 1701 348 1735 perpetuum
380 1697 449 1728 Deo
480 1704 698 1729 consecraret:
729 1709 769 1729 ex
798 1697 987 1738 quotidiana
1014 1704 1121 1729 tamen

156 1738 376 1769 immolatione
411 1750 490 1779 quae
525 1741 583 1771 sub
618 1741 687 1781 lege
718 1742 792 1779 fuit,
827 1741 981 1772 discimus
1011 1742 1121 1772 mortis

157 1782 225 1811 01115
250 1782 402 1813 beneficio
427 1783 519 1813 nobis
550 1794 677 1823 semper
707 1790 853 1823 paratam
884 1795 952 1815 0550
976 1785 1121 1815 veniam:

156 1824 425 1863 quemadmodum
455 1826 531 1858 dicit
554 1827 692 1864 Paulus,
718 1827 823 1858 Deum
855 1838 889 1858 se
919 1827 1047 1858 assidue
1071 1837 1120 1858 re—

156 1867 326 1898 conciliare
369 1868 536 1905 ecclesiae,
579 1869 654 1900 dum
689 1869 812 1901 Christi
853 1870 1047 1901 sacrificium
1087 1870 1120 1900 10

156 1910 323 1950 evangelio
342 1912 494 1951 proponit
504 1912 540 1953 Δὶ).
576 1912 626 1943 Dc
644 1923 720 1944 voce
740 1913 851 1943 minha
870 1913 915 1944 510
936 1912 1120 1944 habendum

155 1958 214 1989 051,
237 1954 384 1992 quamvis
403 1954 538 1986 deducta
558 1956 599 1986 sit
619 1967 637 1986 a
653 1962 711 1988 ΠΠ]
732 1956 815 1995 quod
836 1961 885 1987 051
903 1956 1028 1992 offerre,
1052 1965 1122 1995 pro-

155 1996 223 2034 prie
260 2001 368 2027 tamen
406 1998 506 2037 accipi
541 2009 598 2037 pro
633 1999 692 2029 hac
726 1999 885 2030 oblatione
920 2008 1000 2038 quae
1034 1998 1121 2029 velut

156 2038 315 2077 appendix
339 2045 409 2070 erat
432 2041 609 2080 quotidiani
633 2041 789 2072 sacrificii.
837 2041 922 2073 Sunt
946 2042 1041 2072 etiam
1066 2040 1120 2080 qui

156 2080 195 2111 ad
221 2082 435 2121 vespertinam
460 2083 618 2115 duntaxat
641 2084 856 2125 restringunt:
881 2083 937 2115 sed
956 2084 1011 2114 ubi
1031 2083 1120 2115 victi-

156 2124 217 2154 mis
237 2135 301 2154 11011
312 2126 530 2166 coniungitur,
545 2127 731 2158 extenditur
751 2128 847 2158 etiam
867 2127 1062 2168 generaliter
1080 2125 1120 2156 ad

157 2166 234 2197 alias
257 2167 387 2206 species.

240 2210 290 2240 42.
321 2210 374 2241 Ad
398 2212 509 2242 ostium
540 2212 729 2244 tabernaculi
760 2213 973 2244 conventionis.
1019 2210 1120 2242 Docet

156 2251 208 2282 1110
231 2251 334 2290 100115,
366 2264 427 2293 (1110
451 2266 547 2285 5011511
571 2267 688 2286 nomen
711 2263 788 2292 “lym
817 2261 965 2287 sumatur
995 2254 1120 2294 quotics

156 2295 262 2334 agitur
281 2295 318 2326 de
339 2296 553 2328 tabernaculo.
581 2298 721 2329 Vertunt
739 2299 869 2338 quidam
889 2297 1119 2333 testimonium,

156 2337 209 2367 alii
230 2338 405 2376 eeclesiam,
426 2340 479 2370 alii
499 2347 705 2378 conventum,
726 2342 780 2372 alii
804 2352 879 2372 vero
898 2341 1118 2372 constitutum.

158 2382 255 2419 Atqui
280 2381 311 2411 iu
338 2382 396 2412 hoc
419 2389 571 2414 contextu
592 2385 788 2425 etymologia
813 2384 892 2415 satis
910 2383 1119 2423 exprimitur:

157 2423 231 2462 quia
261 2435 333 2454 mox
359 2436 488 2456 causam
521 2427 746 2467 appellationis
777 2426 956 2464 reddendo,
988 2425 1119 2456 verbum

157 2472 208 2500 ··.·;·
228 2475 361 2505 usurpat
376 2468 490 2505 Moses,
512 2480 550 2499 ex
572 2480 632 2509 quo
646 2470 819 2502 deductum
839 2475 887 2500 cst
900 2468 979 2499 illud
992 2478 1119 2498 nomen.

158 2508 245 2546 Quid
275 2520 351 2549 crgo
381 2511 624 2543 tabernaculum
658 2512 908 2544 conventionis?
950 2509 1120 2550 respondet

244 2612 271 2641 1)
292 2611 378 2643 Epist.
398 2612 412 2637 ι.
435 2613 452 2637 1.
476 2613 528 2645 Ep.
548 2613 588 2643 10,
608 2612 647 2638 10.

243 2646 270 2676 2)
289 2645 303 2669 2
326 2645 384 2671 Cor.
405 2646 427 2677 5,
449 2647 480 2671 15
500 2656 553 2680 sq,
573 2656 626 2673 uon
650 2656 712 2673 vero
731 2647 755 2678 Τ,
774 2648 789 2673 2
808 2651 837 2674 ut
860 2647 955 2673 habent
981 2645 1119 2671 editiones.

1124 194 1443 227 PRAECEPTUM.

2077 198 2141 230 492

1173 289 1262 320 Deus
1287 289 1370 328 ipse,
1402 289 1507 320 locum
1535 300 1604 320 0550
1633 298 1729 328 quem
1760 289 1898 329 sumpsit
1930 293 1961 320 et
1991 290 2139 322 condixit

1173 332 1290 371 populo
1323 343 1395 369 suo,
1436 336 1471 362 ut
1504 332 1568 362 illic
1603 331 1687 362 ultro
1721 331 1866 372 citroque
1907 333 2136 371 pasciscantur.

1172 373 1296 404 Volunt
1319 375 1447 414 quidem
1471 374 1628 415 originem
1655 384 1725 404 esse
1748 381 1831 412 ΠἻν,
1862 374 1947 414 quod
1974 379 2024 406 est
2046 377 2139 416 quasi

1172 417 1297 447 solenni
1322 418 1386 447 ritu
1407 418 1594 448 contestari:
1620 416 1675 447 sed
1700 417 1774 456 quia
1797 428 1861 448 non
1885 418 2006 457 patitur
2029 429 2138 458 gram-

1172 460 1303 497 matica,
1326 470 1453 490 sumam
1477 459 1559 499 quod
1583 465 1706 491 certum
1730 463 1788 490 est.
1834 459 1981 491 Verbum
2005 460 2136 500 quidem

1171 508 1223 538 'm'
1242 513 1279 533 ea
1308 503 1545 534 constructione
1574 513 1654 542 quae
1684 502 1735 533 hic
1763 502 1910 541 ponitur,
1943 503 2139 535 tantundem

1174 545 1259 575 valet
1291 556 1327 576 ac
1362 545 1554 576 contrahere
1590 545 1640 575 vel
1671 545 1788 584 pacisci
1824 556 1897 576 cum
1932 546 2049 584 altero,
2086 547 2139 577 vel

1174 592 1258 618 certe
1282 587 1320 618 ad
1346 588 1471 627 negotia
1495 588 1578 618 ultro
1602 587 1746 627 citroque
1766 587 1936 619 tractanda
1955 589 2138 620 convenire.

1174 629 1250 661 Ideo
1280 630 1358 661 mihi
1390 631 1515 661 nullum
1546 641 1661 661 nomen
1697 631 1804 670 aptius
1839 630 1998 670 quadrare
2033 632 2139 663 visum

1174 677 1237 710 est,
1262 684 1358 712 quam
1382 673 1619 704 conventionis:
1650 672 1733 712 quod
1761 674 1947 713 gravissimi
1976 673 2037 704 fuit
2060 684 2139 713 pon-

1174 715 1259 747 deris
1292 715 1332 746 ad
1366 715 1474 747 fideles
1504 716 1537 746 in
1569 715 1712 746 modesta
1748 715 1916 746 sacerdotii
1953 717 2139 747 reverentia

1173 758 1400 796 continendos,
1432 769 1529 798 quum
1555 759 1642 789 Deus
1673 759 1764 798 quasi
1788 758 1827 789 ad
1857 758 2018 790 familiare
2041 759 2138 791 eollo-

1174 801 1285 840 quium
1309 812 1361 833 eos
1387 802 1548 832 invitaret.
1595 801 1686 832 Idem
1717 802 1835 841 repetit
1864 801 2010 841 proximo
2042 813 2139 833 versu

1174 843 1205 873 in
1230 844 1325 874 tertia
1348 855 1493 884 persona,
1519 850 1554 874 ut
1577 844 1759 883 quicunqne
1782 844 1906 875 censeri
1926 844 2035 875 volent
2053 845 2139 876 inter

1172 885 1339 917 Israelitas
1374 898 1435 917 non
1467 887 1528 917 alio
1558 886 1731 918 deflectant
1761 893 1816 917 aut
1845 892 2014 927 vagentur.
2064 887 2140 918 Lex

1172 930 1257 960 enim
1282 930 1508 969 praescribitur
1531 929 1654 960 cunctis
1673 929 1748 959 filiis
1762 929 1872 966 Israel,
1898 934 1931 960 ut
1949 929 2016 961 illic
2028 929 2137 961 Deum

1171 978 1336 1011 quaerant.
1383 972 1560 1003 Subiicitur
1584 972 1645 1002 alia
1669 973 1885 1006 confirmatio.
1918 972 2000 1012 quod
2033 972 2138 1004 locum

1173 1014 1264 1045 illum
1299 1026 1425 1046 sacrum
1456 1026 1524 1045 esse
1556 1020 1716 1054 oporteat,
1751 1015 1825 1055 quia
1854 1015 1944 1045 Deus
1972 1015 2017 1046 ibi
2045 1026 2138 1047 suam

1174 1056 1310 1097 gloriam
1353 1058 1522 1097 magnifice
1563 1058 1742 1096 patefaciet.
1801 1058 1950 1097 Denique
1990 1069 2030 1089 ex
2071 1062 2138 1089 toto

1174 1104 1326 1131 contextu
1362 1101 1423 1131 Dei
1456 1100 1625 1131 consilium
1656 1100 1757 1131 fuisse
1791 1106 1943 1140 apparet,
1985 1101 2139 1140 populum

1174 1148 1283 1173 tenere
1317 1142 1377 1174 sibi
1411 1142 1601 1173 adstrictum
1636 1142 1806 1173 sacerdotii
1840 1143 1962 1174 levitici
1992 1143 2137 1175 vinculo:

1175 1185 1229 1216 sed
1260 1185 1437 1216 notandum
1464 1185 1569 1216 Deum
1600 1196 1702 1216 unum
1731 1196 1800 1216 esse
1831 1186 1885 1226 qui
1916 1191 1947 1217 et
1976 1186 2079 1217 locum
2107 1190 2141 1217 et

1175 1228 1351 1259 oblationes
1375 1233 1407 1259 et
1428 1229 1514 1268 ipsos
1538 1229 1686 1259 homines
1715 1228 1902 1260 sanctificat.
1949 1228 2059 1267 Quare
2083 1229 2138 1260 fri-

1177 1271 1247 1302 vola
1280 1277 1327 1302 est
1357 1282 1466 1302 eorum
1501 1272 1645 1301 omnium
1683 1271 1852 1309 iactantia,
1887 1271 1940 1311 qui
1977 1271 2036 1302 sibi
2064 1271 2139 1311 plus

1176 1318 1328 1353 arrogant
1351 1324 1446 1353 quam
1472 1314 1560 1344 Deus
1584 1314 1764 1345 contulerit.
1800 1313 1835 1345 Si
1859 1325 1961 1354 papae
1984 1314 2139 1351 ereditur,

1175 1357 1207 1387 in
1231 1367 1268 1387 eo
1292 1360 1340 1387 est
1363 1356 1517 1387 sanctitas
1540 1357 1764 1388 sanctitatum:
1797 1356 1871 1396 quia
1900 1364 2007 1387 tamen
2033 1358 2138 1388 Deum

1176 1409 1239 1430 non
1263 1400 1384 1439 profert
1403 1404 1558 1437 autorem,
1582 1399 1637 1430 sed
1657 1399 1835 1439 praeconiis
1854 1404 1974 1430 temere
1993 1399 2139 1431 confictis

1176 1452 1209 1473 50
1233 1442 1387 1479 venditat,
1412 1441 1562 1472 stolidam
1587 1443 1654 1473 eius
1677 1441 1915 1481 impudentiam
1941 1446 2011 1473 tuto
2034 1442 2139 1473 ridere

1175 1485 1256 1516 licet.
1292 1485 1343 1516 Ex
1367 1484 1426 1516 hoc
1450 1490 1556 1515 autem
1581 1485 1647 1516 loeo
1671 1489 1702 1516 01
1727 1485 1884 1516 similibus
1907 1489 2073 1525 sumptum
2092 1489 2140 1516 est

1176 1527 1260 1567 quod
1296 1528 1461 1563 docemur,
1497 1527 1663 1558 Christum
1702 1538 1765 1558 non
1802 1527 1990 1558 humanitus
2024 1527 2139 1559 debere

1175 1570 1354 1601 aestimari:
1379 1570 1433 1601 sed
1458 1571 1579 1600 censeri
1603 1570 1732 1601 coelesti
1752 1574 1783 1601 et
1803 1569 1912 1601 divina
1931 1581 1989 1602 sua
2008 1571 2138 1602 virtute.

1174 1613 1263 1644 Hine
1304 1613 1402 1643 etiam
1442 1613 1598 1643 refellitur
1637 1613 1721 1652 quod
1762 1613 1896 1644 sacrifici
1937 1613 2069 1654 papales
2106 1623 2140 1645 se

1174 1656 1342 1686 Christum
1366 1656 1481 1686 offerre
1505 1655 1639 1686 iactant:
1664 1666 1791 1695 semper
1814 1656 1900 1686 euim
1920 1656 2140 1696 quaerendum

1174 1704 1222 1729 est
1255 1709 1317 1738 quo
1352 1704 1477 1729 autore:
1519 1697 1777 1738 quandoquidem
1811 1698 1870 1729 sibi
1905 1699 1962 1729 uni
1996 1699 2057 1730 hoe
2089 1699 2140 1730 ius

1173 1740 1264 1772 Deus
1287 1741 1448 1778 vendicat,
1473 1745 1507 1771 ut
1526 1741 1704 1772 sanctificet
1723 1742 1778 1781 qui
1797 1741 1942 1781 legitimo
1961 1741 2139 1773 sacerdotio

1172 1784 1363 1824 funguntur.

1257 1827 1307 1857 46.
1332 1826 1374 1856 Et
1396 1827 1489 1858 scient
1510 1827 1589 1865 quod
1612 1836 1663 1866 esso
1686 1836 1756 1857 sum
1781 1825 1905 1858 Ielcova.
1942 1827 2005 1858 His
2030 1826 2139 1859 verbis

1173 1869 1335 1909 significat
1347 1869 1437 1900 Deus
1456 1880 1488 1900 se
1513 1880 1576 1899 non
1600 1869 1697 1900 semel
1723 1869 1882 1900 duntaxat
1907 1870 2005 1901 fuisse
2028 1869 2139 1909 populi

1173 1911 1419 1951 redemptorem,
1440 1911 1494 1943 sed
1515 1922 1551 1942 ea
1570 1911 1640 1951 lege
1659 1919 1695 1942 ut
1713 1922 1823 1942 eorum
1837 1912 1934 1943 saluti
1947 1912 2138 1952 praesideat,

1173 1964 1209 1985 ac
1232 1965 1266 1985 re
1290 1955 1359 1994 ipsa
1383 1955 1581 1985 demonstret
1604 1965 1637 1985 50
1659 1954 1743 1985 inter
1766 1955 1851 1994 ipsos
1875 1955 2024 1986 residere.
2060 1955 2141 1990 Cae-

1174 2002 1277 2028 terum
1292 1997 1492 2037 praesentiac
1511 1997 1705 2037 symbolum,
1726 2002 1759 2027 et
1777 1997 1869 2037 quasi
1889 1998 2007 2038 pignus
2026 1998 2139 2029 statuit

1173 2041 1410 2071 sanctuarium:
1432 2039 1515 2070 unde
1529 2040 1658 2071 volebat
1669 2040 1815 2080 regulam
1835 2041 1965 2080 pietatis
1983 2040 2137 2080 proferre,

1172 2087 1204 2114 et
1226 2094 1244 2113 a
1267 2082 1444 2113 cultoribus
1463 2083 1528 2114 suis
1553 2083 1627 2122 peti.

1428 2252 1491 2282 EX
1515 2251 1689 2283 NUMER.
1711 2251 1878 2283 XXVIII.

1260 2338 1285 2367 1.
1310 2337 1353 2367 Et
1380 2337 1522 2375 loquutus
1549 2340 1591 2367 est
1623 2336 1735 2367 Ieleom
1768 2337 1809 2367 ad
1840 2336 1963 2375 Mosen,
1996 2337 2139 2369 dicendo:

1173 2381 1200 2411 2.
1226 2379 1376 2418 Praecilio
1397 2380 1475 2418 filiis
1495 2379 1603 2417 Israel,
1626 2382 1653 2409 et
1670 2380 1719 2409 dte
1736 2380 1797 2410 eis:
1823 2380 2010 2411 Oblationem
2029 2390 2136 2419 meam,

1146 2427 1147 2430 ’
1167 2433 1281 2462 panem
1304 2432 1404 2452 mcum
1435 2423 1467 2452 in
1496 2422 1698 2452 oblationibus
1727 2422 1801 2451 ’11ιεί3
1830 2423 1937 2461 {quitis
1960 2423 1993 2453 in
2016 2423 2137 2454 odorem

1172 2466 1283 2504 quictis
1306 2475 1389 2496 meae
1411 2465 1594 2500 custodietis,
1620 2467 1652 2495 ut
1674 2465 1809 2503 offeratis
1827 2465 1905 2496 mim
1923 2468 2053 2504 tempore
2071 2476 2136 2498 ¹suo.

1172 2508 1200 2539 3.
1225 2507 1320 2539 Dices
1338 2510 1498 2546 praeterea
1516 2507 1594 2537 illis:
1619 2506 1703 2537 llaec
1726 2510 1769 2537 est
1791 2507 1899 2538 oblatio
1922 2508 2021 2548 iynita
2043 2518 2137 2548 quam

1173 2550 1305 2589 offeretis
1333 2550 1476 2587 lelzovae,
1511 2560 1605 2589 cynos
1633 2550 1791 2580 amn'calos
1822 2551 2032 2582 immaculatos
2060 2551 2137 2583 duos

1173 2593 1308 2632 quotidie
1335 2592 1540 2623 holocaustem
1573 2593 1647 2632 izcye.
1701 2592 1729 2623 4.
1763 2593 1887 2632 Aquam
1915 2604 2011 2624 unum
2038 2594 2137 2633 facies

1174 2646 1277 2674 mmm,
1301 2637 1328 2666 et
1350 2645 1466 2675 ameum
1488 2635 1619 2666 alterum
1641 2635 1720 2666 iuter
1741 2635 1820 2666 daus
1843 2646 1993 2675 vesperas.
2039 2637 2067 2668 5.
2093 2636 2137 2667 Et
