2304 3034
189 208 251 239 347

188 301 401 336 immundum,
422 299 497 338 quia
517 297 637 327 scilicet
650 301 753 326 morte
765 306 824 326 sua
837 295 990 326 Christus
1010 307 1028 326 a
1048 296 1158 327 servili

189 346 385 379 subiectione
426 350 499 371 suos
541 339 663 369 exemit
702 337 810 379 (Rom.
854 338 902 373 14,
946 337 1008 379 14).
1063 339 1158 370 Unde

189 389 351 428 sequitur,
382 385 467 414 iuter
500 382 734 418 caeremonias,
770 392 852 420 quae
883 381 1038 412 exercitia
1066 387 1159 412 erant

189 433 292 463 cultus
306 429 374 463 Dei,
396 425 629 456 numerandam
651 435 722 455 esse
738 424 881 455 ciborum
896 424 1157 463 prohibitionem.

190 475 252 505 Hie
282 478 389 501 tamen
423 468 565 499 nascitur
595 468 754 507 quaestio,
784 466 943 506 quomodo
977 468 1160 506 conveniat,

190 519 251 548 iam
273 515 310 545 ab
323 518 426 543 aetate
441 511 508 542 Noe
521 511 675 550 quaedam
691 509 860 540 immunda
880 510 978 540 fuisse
997 510 1157 547 animalia,

189 565 219 590 et
254 564 362 588 tamen
397 565 487 585 esum
518 553 737 592 quorumlibet
767 553 836 583 sine
867 553 1056 592 exceptione
1087 564 1158 592 per-

190 602 333 632 missum.
386 597 480 636 Quod
517 602 631 636 putant
664 595 808 635 quidam,
842 595 1014 627 discrimen
1043 606 1061 626 a
1092 596 1158 627 Deo

189 652 266 675 tunc
301 641 442 681 positum
478 639 632 679 paulatim
667 638 881 675 obsolevisse,
918 640 1059 678 recipere
1095 650 1158 669 non

189 694 335 727 possum:
370 684 445 723 quia
482 683 569 713 Deus
604 682 707 712 solum
749 681 942 721 sanguinem
985 682 1158 721 excipiens,

189 730 328 760 destinat
342 728 373 757 iu
389 726 579 757 alimentum
594 725 731 764 posteris
745 724 813 755 Noe
836 724 989 764 quidquid
1011 730 1160 755 movetur

190 783 286 812 super
321 776 450 801 terram.
509 768 620 807 ltaque
658 767 916 805 immunditiem,
955 768 1047 798 cuius
1082 772 1160 798 tunc

190 814 328 850 cognitio
353 812 510 851 inspirata
534 812 592 841 fuit
613 817 740 850 patrum
761 810 920 846 cordibus,
945 810 983 840 ad
1004 811 1160 841 sacrificia

192 850 364 896 restringo:
382 866 439 885 nec
453 854 564 884 dubito
578 854 655 893 quin
669 853 821 884 Abrahae
835 860 866 883 et
880 853 1071 893 patriarchis
1086 852 1160 883 libe-

192 912 264 932 rum
299 899 398 929 fuerit
430 897 525 927 suilla
562 907 658 927 carni·
687 896 818 936 perinde
850 907 886 927 ac
916 896 1034 926 bubula
1065 898 1158 927 vesci.

191 945 308 975 Postea
321 951 418 981 quum
439 940 478 970 ad
498 939 712 970 cohibendam
734 939 841 979 populi
863 939 1027 969 lasciviam
1049 939 1160 979 iugum

192 987 271 1026 legis
291 984 445 1024 imposuit
460 983 558 1019 Deus,
583 982 703 1022 aliquid
725 983 822 1013 etiam
848 982 979 1012 rescidit
1002 993 1043 1012 ex
1067 993 1161 1022 gene·

192 1030 250 1060 rali
275 1027 505 1068 permissione,
541 1036 602 1056 non
634 1025 716 1065 quod
746 1036 819 1056 eum
851 1036 927 1055 suae
958 1024 1160 1055 liberalitatis

192 1073 402 1113 poenituerit⁷
433 1068 488 1100 sed
513 1069 588 1108 quia
611 1069 691 1099 utile
715 1074 784 1098 erat
809 1068 904 1098 rudes
927 1068 993 1098 fere
1017 1072 1048 1098 et
1071 1068 1161 1098 indo-

193 1115 288 1146 mitos
314 1114 372 1144 hoc
395 1112 489 1142 modo
513 1122 627 1151 cogere
651 1111 689 1142 ad
715 1112 916 1151 obsequium.
952 1109 1061 1149 Quum
1087 1121 1162 1141 vero

192 1164 267 1189 aute
292 1157 395 1196 legem
420 1154 531 1185 eadem
564 1154 663 1185 fuerit
692 1161 878 1185 sanctorum
911 1153 1051 1184 conditio
1082 1164 1162 1193 quae

193 1207 318 1233 nostra,
362 1197 535 1229 tenendum
571 1203 620 1228 est
654 1198 737 1237 quod
773 1198 864 1237 prius
898 1196 982 1234 dixi,
1022 1196 1162 1227 dictante

193 1251 328 1274 naturae
341 1252 438 1272 seusu
459 1246 573 1280 sponte
593 1241 750 1279 refugisse
770 1240 924 1279 quosdam
945 1239 1047 1271 cibos:
1067 1239 1162 1270 sicuti

192 1286 288 1318 hodie
312 1295 405 1316 nemo
432 1284 523 1324 lupos
553 1290 609 1314 aut
641 1284 747 1313 leont-s
779 1284 952 1313 venabitur
980 1282 1018 1313 ad
1050 1293 1162 1313 carues

193 1340 303 1360 eorum
328 1327 484 1359 edendas:
521 1338 560 1357 ex
591 1326 795 1366 serpentibus
825 1332 857 1356 et
888 1326 960 1356 aliis
992 1325 1161 1356 venenosis

193 1371 387 1404 animalibus
426 1381 520 1400 nemo
560 1370 667 1400 cibum
710 1374 849 1409 appetet.
907 1368 972 1400 Sed
1007 1368 1069 1399 alia
1103 1369 1163 1399 fuit

194 1416 308 1457 legalis
339 1413 482 1444 mandati
512 1413 609 1449 ratic,
645 1424 684 1443 ne
716 1412 898 1452 promiscua
932 1412 1060 1442 licentia
1090 1421 1162 1442 cum

195 1458 345 1500 gentibus
380 1457 670 1493 communicarent,
705 1456 779 1495 quia
814 1465 942 1486 sacrum
977 1460 1072 1485 erant
1101 1453 1163 1484 Dei

195 1501 366 1543 peculium.

281 1544 309 1575 3.
345 1543 439 1573 Onna¹
466 1542 608 1573 dividens
637 1540 794 1579 mmmm.

196 1641 308 1670 parum
334 1630 463 1660 firmum
487 1628 544 1658 sit:
576 1628 620 1657 ita
650 1638 714 1657 non
746 1626 902 1663 insector,
934 1636 1036 1666 neque
1065 1626 1161 1656 etiam

196 1672 330 1713 repudio
354 1671 437 1711 quod
462 1670 616 1701 traditum
642 1670 702 1700 fuit
726 1680 743 1699 a
768 1669 945 1700 veteribus:
971 1680 1026 1709 per
1049 1671 1164 1700 scissu-

196 1727 263 1747 ram
300 1714 440 1754 ungulae
480 1713 587 1744 notari
628 1712 836 1752 prudentiam
877 1713 910 1743 in
953 1711 1164 1742 diiudicandis

196 1760 376 1798 scripturae
400 1756 580 1797 mysteriis,
606 1766 663 1795 per
687 1756 938 1786 ruminationem
965 1766 1038 1785 vero
1062 1754 1163 1786 coele-

197 1803 255 1833 stis
297 1801 460 1831 doctrinae
501 1801 617 1830 seriam
659 1799 913 1829 meditationem.
972 1798 1163 1837 Quanquam

198 1845 325 1884 argutia
350 1844 404 1873 illa
424 1843 504 1873 mihi
529 1854 591 1873 non
617 1842 730 1881 placet,
756 1841 829 1872 dum
856 1841 979 1872 addunt
1002 1852 1055 1871 eos
1079 1845 1164 1871 recte

198 1889 381 1919 discernere
395 1886 448 1925 qui
462 1890 583 1916 norunt
597 1896 613 1915 e
633 1885 726 1915 litera
741 1884 856 1916 elicere
871 1885 1021 1923 mysticos
1033 1892 1163 1914 sensus:

199 1931 273 1970 quia
306 1929 381 1960 inde
416 1928 538 1959 factum
573 1933 621 1959 est
652 1934 687 1958 ut
718 1928 846 1967 quidvis
874 1927 934 1958 sibi
965 1925 1164 1957 comminisci

199 1973 412 2013 permiserint.
460 1971 555 2010 Quod
586 1981 663 2011 ergo
694 1971 873 2010 simplicius
904 1974 953 2001 est
983 1969 1166 2010 amplector,

200 2027 263 2047 non
287 2027 355 2046 esse
380 2016 528 2046 fissuram
554 2015 585 2044 in
610 2013 760 2044 omnibus
792 2014 845 2054 qui
874 2018 1002 2044 tantum
1033 2012 1166 2052 sapiunt

199 2071 238 2089 cx
275 2059 382 2089 carnis
416 2068 528 2088 sensu:
572 2058 646 2097 quia
681 2057 767 2088 solus
801 2056 979 2095 spiritualis
1014 2054 1166 2086 diiudicat

199 2104 321 2137 omnia,
355 2108 389 2131 ut
421 2101 523 2140 inquit
549 2100 670 2131 Paulus
701 2099 742 2140 (1.
769 2100 842 2130 Cor.
867 2100 895 2134 2,
922 2098 983 2140 15).
1026 2098 1166 2129 Accedat

200 2144 376 2176 ruminatio
420 2148 547 2183 oportet
592 2143 631 2173 ad
676 2143 879 2182 spiritualem
921 2143 1028 2173 cibum
1070 2141 1165 2180 probe

199 2187 403 2227 coquendum
428 2193 458 2217 et
482 2185 704 2226 digerendum.
741 2186 839 2217 Multi
863 2186 948 2216 enim
973 2185 1165 2223 scripturam

201 2230 385 2271 deglutiunt
425 2230 543 2269 absque
585 2230 746 2268 profectu:
790 2230 865 2268 quia
903 2238 1008 2267 neque
1042 2227 1166 2257 sincero

202 2274 318 2304 affectu
350 2273 381 2303 in
415 2283 452 2303 ea
486 2272 640 2311 proficere
675 2273 827 2312 cupiunt,
863 2281 966 2310 neque
1000 2275 1167 2309 quaerunt,

202 2324 355 2356 tanquam
369 2315 532 2351 alimento,
551 2315 676 2345 animas
689 2326 762 2346 suas
776 2316 922 2345 reficere:
943 2313 997 2344 sed
1018 2312 1167 2343 inanibus

202 2360 353 2389 scientiae
377 2357 496 2389 delitiis
519 2359 679 2396 contenti,
703 2359 788 2389 vitae
810 2356 997 2388 formandae
1021 2354 1165 2385 studium

204 2413 258 2440 pro
283 2402 382 2432 nihilo
406 2401 535 2431 ducunt.
583 2401 670 2441 Ergo
693 2400 752 2431 sub
777 2401 882 2440 priore
905 2398 1049 2429 membro
1080 2397 1167 2427 dam-

204 2452 300 2475 natur
330 2445 444 2475 brutus
471 2450 599 2483 stupor,
630 2443 689 2474 sub
712 2444 814 2474 altero
838 2448 944 2473 autem
968 2441 1167 2472 curiosorum

204 2488 373 2518 hominum
409 2487 542 2517 ambitio
577 2492 606 2517 et
644 2487 767 2517 levitas.
825 2484 999 2516 Immunda
1039 2483 1167 2522 quidem

204 2530 355 2561 animalia
371 2529 459 2561 Deus
473 2530 568 2560 Petro
583 2530 614 2559 in
628 2530 752 2560 visione
773 2528 939 2569 proposuit
952 2526 1036 2567 (Act.
1056 2526 1100 2561 10,
1119 2525 1169 2566 12)

205 2579 357 2612 tanquam
382 2573 526 2611 gentium
552 2573 711 2612 imagines
734 2577 765 2602 et
789 2573 919 2611 figuras,
943 2568 1076 2608 ideoque
1101 2580 1170 2608 pro-

205 2615 298 2645 babili
315 2616 470 2654 analogia,
487 2615 570 2655 quod
586 2615 623 2645 ile
644 2615 838 2645 animalibus
858 2613 974 2643 dicitur
993 2611 1169 2641 transferre
1194 2631 1196 2642 i
1416 2649 1421 2655 ⁸
1446 2650 1451 2654 Ι
1535 2650 1539 2654 Ι
1682 2650 1686 2655 .
1800 2650 1804 2654 ⁸

1195 2654 1196 2674 ἱ
1222 2650 1377 2691 ungulam
1393 2660 1452 2679 ms¹
1473 2654 1644 2680 coniuncta
1663 2656 1704 2679 sit
1724 2651 1908 2681 ruminatio.
1936 2649 2063 2688 Quibus
2084 2653 2189 2684 verbis

206 2658 244 2687 ad
270 2658 414 2688 homines
439 2658 521 2688 licet.
569 2658 690 2688 Verum
716 2669 773 2688 cur
796 2658 828 2687 in
857 2666 963 2696 ungue
995 2654 1115 2685 bisulco
1138 2660 1169 2684 et

918 202 1105 234 PRIMUM
1131 202 1448 234 PRAECEPTUM.

847 1540 951 1572 Sicuti
980 1549 1094 1570 vereor
1123 1550 1163 1570 ne
1189 1548 1190 1555 ¹

196 1587 372 1627 allegoriis,
409 1585 524 1624 quibus
560 1595 593 1614 se
627 1584 723 1614 multi
759 1583 980 1618 oblectarunt,
1015 1583 1191 1613 insistere*

1189 1643 1191 1666 3
1218 1623 1360 1653 minetur
1389 1624 1526 1663 populus
1557 1623 1639 1663 quod
1671 1623 1730 1653 sibi
1763 1624 1899 1654 vetitum
1932 1628 1989 1654 est.

2120 203 2181 235 348

1212 297 1338 327 rumine
1362 302 1456 327 notas
1480 296 1665 336 apposuerit
1688 295 1794 331 Deus,
1829 295 1909 325 mihi
1944 296 2044 327 nihilo
2078 298 2182 338 magis

1211 340 1319 379 liquet,
1343 350 1438 379 quam
1463 349 1520 370 cur
1541 338 1680 369 vetuerit
1699 348 1830 368 carnem
1851 337 1980 368 suillam
1998 339 2179 371 comedere:

1212 383 1271 413 nisi
1292 383 1374 413 forto
1393 382 1467 421 quia
1487 381 1605 420 unguis
1625 382 1797 411 continuus
1817 381 1946 421 signum
1967 387 2014 411 est
2027 382 2178 414 feritatis:

1212 436 1293 465 quae
1317 432 1423 455 autem
1450 435 1513 454 non
1538 424 1713 459 ruminant,
1739 423 1848 454 sordes
1867 428 1900 454 et
1918 430 2127 456 excrementa
2145 431 2181 456 ut

1211 468 1386 507 plurimum
1412 467 1550 497 sorbent.
1598 466 1728 497 Scimus
1753 466 1813 496 hac
1837 465 1876 497 de
1899 476 1995 497 causa
2023 473 2180 499 certatum

1212 511 1309 541 fuisse
1334 520 1452 550 magna
1471 509 1679 541 contentione
1703 509 1813 539 statim
1838 514 1910 548 post
1929 510 2092 549 evangelii
2112 521 2182 550 pro-

1212 553 1455 592 mulgationem,
1480 551 1565 592 quod
1590 563 1630 582 ex
1650 551 1779 582 Iudaeis
1804 551 1935 591 quidam
1959 553 2095 583 nimium
2119 553 2182 594 legi

1213 595 1340 632 addicti,
1366 605 1424 625 nec
1448 600 1595 625 tenentes
1619 594 1762 624 ciborum
1787 594 1947 625 delectum
1971 595 2072 626 fuisse
2096 596 2182 627 inter

1213 639 1354 678 reliquas
1389 638 1625 672 caeremonias,
1658 637 1809 667 volebant
1839 637 1951 667 eadem
1982 639 2182 678 necessitate,

1212 692 1294 721 quae
1313 681 1464 721 imposita
1484 682 1587 711 fuerat
1607 680 1709 710 veteri
1733 680 1859 719 populo,
1881 680 2041 720 obstringi
2064 691 2182 712 novam

1216 724 1394 755 ecclesiam.
1451 723 1596 753 Tandem
1636 723 1852 763 apostolorum
1889 723 2016 754 decreto
2051 723 2183 755 libertas

1212 767 1363 807 gentibus
1397 766 1554 806 permissa
1587 766 1649 796 fuit
1683 765 1834 796 vescendi
1869 765 1946 797 cibis
1977 766 2181 806 quibuslibet,

1213 815 1345 849 excepto
1381 814 1504 840 tantum
1541 808 1700 848 sanguine
1734 814 1766 838 et
1800 808 1971 845 suffocato,
2012 809 2108 849 idque
2143 809 2183 840 ad

1213 858 1358 892 tempus,
1390 851 1540 883 vitandae
1564 851 1751 882 offensionis
1774 860 1886 882 causa:
1910 852 1987 891 quia
2011 852 2067 882 vix
2090 852 2184 883 aliter

1214 895 1330 935 placati
1355 894 1490 925 fuissent
1509 894 1632 925 Iudaei.
1679 894 1773 925 Nunc
1797 899 1964 934 postquam
1990 894 2184 935 abrogatum

1213 939 1272 968 fuit
1292 937 1374 977 quod
1402 938 1488 968 Deus
1510 938 1576 977 ipse
1597 942 1804 976 praeceperat
1824 936 1862 967 de
1881 937 2028 968 carnium
2049 937 2183 975 delectu,

1213 981 1390 1011 diabolicae
1404 980 1555 1011 audaciae
1576 980 1635 1010 fuit
1655 980 1807 1010 humanis
1824 979 1949 1020 legibus
1968 980 2184 1012 conscientias

1214 1024 1372 1063 obligare,
1404 1034 1444 1053 ne
1476 1023 1625 1054 libertate
1655 1034 1674 1053 a
1703 1022 1835 1053 Christo
1866 1028 1958 1062 parta
1988 1023 2183 1055 fruerentur.

1213 1066 1370 1105 Superest
1394 1077 1458 1096 una
1481 1066 1642 1105 quaestio,
1675 1065 1833 1105 quomodo
1863 1065 1953 1096 Deus
1976 1065 2185 1097 immundum

1215 1109 1407 1149 pronunciet
1437 1109 1520 1148 quod
1552 1109 1690 1139 creavit:
1725 1109 1799 1148 quia
1834 1109 1859 1139 si
1889 1109 2035 1140 reiicitur
2065 1109 2185 1140 animal

1214 1158 1346 1191 propter
1380 1151 1636 1189 immunditiem,
1672 1162 1746 1191 pars
1781 1151 1979 1191 ignominiae
2013 1151 2046 1182 in
2076 1152 2185 1192 ipsum

1215 1201 1362 1225 autorem
1396 1194 1565 1226 redundat.
1628 1194 1767 1225 Videtur
1801 1195 1897 1224 etiam
1934 1195 2012 1226 haec
2054 1195 2185 1226 reiectio

1216 1248 1362 1277 pugnare
1381 1248 1453 1268 cum
1467 1238 1572 1277 prima
1585 1237 1646 1268 Dei
1666 1237 1837 1273 sententia,
1857 1237 1932 1267 dum
1953 1237 2185 1269 considerando

1215 1288 1331 1311 cuncta
1362 1291 1443 1320 quae
1472 1281 1591 1311 fecerat
1623 1280 1755 1319 agnovit
1788 1279 1880 1310 valde
1910 1280 2001 1311 bona.
2060 1280 2185 1311 Solutio

1216 1328 1273 1358 est,
1295 1323 1419 1353 nullum
1434 1333 1576 1363 unquam
1591 1323 1711 1353 anima-l
1726 1333 1782 1362 per
1801 1333 1834 1353 se
1852 1323 1950 1353 fuisse
1970 1323 2185 1362 immundum,

1216 1367 1271 1397 sed
1297 1366 1356 1397 hoc
1378 1366 1416 1396 ad
1442 1377 1535 1397 usum
1557 1366 1680 1396 referri.
1717 1366 1821 1396 Sicuti
1842 1366 1874 1395 in
1895 1366 2007 1396 arbore
2031 1365 2186 1397 scientiae

1217 1409 1289 1439 boni
1320 1415 1352 1439 et
1383 1408 1458 1439 mali
1492 1409 1685 1439 naturaliter
1708 1408 1791 1439 nihil
1816 1409 1884 1439 vitii
1909 1414 1964 1439 aut
1988 1419 2090 1439 noxae
2114 1408 2186 1446 fuit,

1218 1457 1250 1482 ut
1276 1462 1335 1482 sua
1358 1452 1428 1482 labe
1453 1452 1616 1482 hominem
1640 1452 1800 1486 inficeret.
1833 1451 1887 1491 qui
1915 1455 2025 1482 tamen
2049 1456 2186 1483 mortem

1218 1494 1293 1525 inde
1312 1495 1475 1526 contraxit
1496 1494 1724 1535 prohibitionis
1749 1499 1907 1533 respectu.
1953 1493 2062 1533 Quare
2088 1495 2186 1526 etiam

1218 1537 1278 1568 hoe
1302 1538 1368 1568 loco
1393 1548 1455 1567 non
1480 1537 1613 1568 damnat
1637 1537 1728 1569 Deus
1751 1548 1831 1578 opus
1854 1547 1949 1567 suum
1972 1538 2006 1567 iu
2036 1537 2186 1568 animali-

1218 1579 1285 1617 bus,
1321 1580 1375 1611 scd
1400 1581 1503 1619 quoad
1528 1591 1618 1611 esum
1644 1580 1713 1611 vult
1736 1581 1859 1611 censeri
1884 1581 2026 1619 impura,
2053 1585 2088 1610 ut
2111 1580 2186 1611 abo-

2036 1623 2186 1663 Denique

1217 1666 1286 1696 sola
1309 1672 1357 1697 est
1380 1667 1594 1706 transgressio
1623 1677 1703 1706 quae
1732 1666 1900 1706 inquinat:
1931 1666 2006 1705 quia
2034 1666 2188 1698 animalia

1218 1719 1384 1748 nunquam
1415 1716 1582 1740 mutarunt
1614 1715 1778 1739 naturam:
1810 1708 1865 1739 sed
1896 1709 1930 1739 in
1962 1708 2023 1739 Dei
2052 1708 2187 1740 arbitrio

1217 1752 1286 1789 fuit,
1311 1752 1394 1791 quod
1419 1752 1541 1782 licitum
1568 1752 1616 1782 vel
1640 1752 1789 1783 illicitum
1813 1762 1882 1782 esse
1901 1751 2009 1789 vellet,
2033 1757 2185 1784 statuere.

1217 1794 1268 1825 Ita
1303 1795 1440 1825 solvitur
1473 1795 1575 1825 altera
1605 1795 1749 1826 obiectio.
1803 1795 2004 1826 Pronunciat
2032 1794 2187 1826 Christus

1217 1837 1323 1878 (Matt.
1351 1838 1399 1873 15,
1425 1837 1487 1878 11),
1519 1838 1602 1877 quod
1632 1837 1814 1878 ingreditur
1844 1838 1876 1868 in
1899 1848 1934 1868 os
1959 1837 2098 1868 hominis
2121 1848 2187 1869 non

1189 1886 1191 1895 ¹
1216 1881 1387 1920 inquinare
1407 1881 1580 1911 hominem.
1618 1880 1654 1912 Si
1675 1881 1744 1920 quis
1764 1880 1838 1911 inde
1857 1880 1997 1920 colligat,
2017 1891 2187 1920 perperam

1218 1924 1364 1953 damnari
1385 1924 1518 1954 innoxia
1538 1924 1700 1959 animalia,
1720 1923 1979 1963 respondendum
1999 1928 2056 1961 est,
2076 1933 2134 1963 per
2153 1935 2187 1955 se

1219 1977 1282 1996 non
1307 1967 1430 1996 censeri
1457 1966 1635 2004 immunda,
1659 1967 1713 1996 sed
1738 1967 1771 1996 in
1796 1966 1895 1996 alium
1920 1967 2028 1997 finem.
2074 1966 2189 1998 Valuit

1217 2009 1303 2039 enim
1329 2020 1455 2048 semper
1479 2009 1625 2039 doctrina
1651 2009 1720 2046 illa,
1753 2019 1889 2048 regnum
1915 2009 1975 2039 Dei
1999 2009 2096 2039 situm
2121 2019 2187 2040 non

1218 2062 1288 2082 csse
1308 2051 1339 2082 in
1361 2053 1431 2082 cibo
1450 2057 1482 2082 et
1502 2058 1581 2092 potu
1602 2051 1708 2092 (Rom.
1731 2052 1779 2087 14,
1800 2050 1869 2092 17):
1889 2051 1943 2082 sed
1963 2061 2062 2090 quum
2082 2051 2187 2083 Israe—

1219 2095 1284 2125 litis
1315 2094 1518 2125 interdiceret
1546 2095 1634 2125 Deus
1665 2105 1756 2125 osum
1787 2094 1885 2124 huius
1916 2094 1965 2124 vel
1997 2093 2083 2124 illins
2114 2094 2186 2133 cibi,

1220 2138 1279 2168 hac
1298 2138 1499 2168 caeremonia
1518 2137 1651 2168 fuerunt
1670 2137 1825 2167 admoniti
1845 2147 1941 2175 quam
1961 2135 2187 2169 abominabilis

1219 2185 1302 2211 esset
1326 2180 1461 2211 interior
1483 2180 1588 2211 cordis
1611 2180 1754 2219 pollutio.
1802 2180 1849 2209 Ac
1874 2179 1990 2210 talibus
2019 2179 2187 2212 elementis

1219 2222 1374 2263 paulatim
1400 2223 1529 2253 formati
1553 2222 1746 2261 adductique
1770 2222 1902 2252 fuerunt
1922 2222 1961 2251 ad
1983 2221 2186 2261 spiritualem

1220 2266 1414 2297 doctrinam:
1441 2271 1476 2295 ut
1498 2266 1617 2296 scirent
1641 2276 1706 2295 non
1731 2264 1817 2295 aliud
1842 2264 2005 2294 hominem
2035 2265 2187 2304 polluere,

1219 2319 1313 2348 quam
1339 2308 1421 2347 quod
1441 2307 1606 2347 egreditur
1628 2318 1668 2338 ex
1689 2318 1742 2337 ore
1761 2308 1838 2337 eius.
1873 2307 1968 2338 Nunc
1993 2307 2121 2340 diversa
2141 2315 2188 2341 est

1220 2351 1362 2382 fidolium
1387 2350 1540 2386 conditio,
1565 2350 1681 2389 quibus
1705 2357 1797 2389 parta
1820 2355 1866 2380 cst
1891 2349 2038 2387 libertas,
2063 2363 2103 2382 ex
2126 2363 2187 2392 quo

1221 2394 1370 2425 Christus
1401 2393 1556 2431 abrogata
1587 2393 1656 2433 lege
1693 2393 1946 2432 chirographum
1981 2393 2013 2423 in
2050 2394 2188 2427 decretis

1221 2437 1361 2476 positum
1386 2436 1470 2465 cruri
1497 2435 1601 2465 affixit
1624 2435 1706 2476 (Uol.
1731 2436 1759 2471 2,
1785 2435 1846 2476 14).

1305 2479 1334 2509 4.
1377 2478 1587 2509 Vei-imitamen
1610 2478 1661 2508 lwc
1684 2488 1743 2509 non
1766 2479 1932 2510 comedetis.
1979 2478 2108 2512 Clarius
2131 2491 2187 2512 ex-

1222 2523 1330 2562 primit
1343 2520 1426 2560 quod
1440 2528 1514 2551 ante
1527 2521 1738 2552 indicaverat:
1761 2532 1875 2561 nempe
1895 2521 2023 2558 animal,
2040 2525 2188 2563 quamvis

1194 2577 1195 2581 ¹
1222 2566 1380 2601 ruminet,
1414 2574 1478 2593 non
1511 2565 1658 2602 protinus
1689 2574 1757 2595 csso
1787 2565 1959 2602 mundum,
1995 2566 2056 2597 nisi
2087 2565 2189 2598 findat

1222 2608 1393 2647 ungulam:
1419 2614 1514 2646 atque
1538 2618 1578 2637 ex
1602 2607 1762 2646 opposito,
1794 2617 1860 2637 non
1884 2608 2032 2640 sufficere
2055 2609 2188 2641 scissam
