2304 3034
189 185 251 218 691

495 278 558 308 EX
582 276 732 308 EXODI
755 275 871 307 XXII.

281 364 347 406 5¹)
369 364 405 395 Si
423 363 547 402 depasci
568 363 672 401 feeerit
690 362 849 401 quispiam
867 371 976 401 aarum
995 363 1050 392 aut
1067 361 1166 399 vitem,

193 413 222 441 et
246 408 406 439 immiserit
425 406 596 437 iumentum
618 414 710 435 suum
744 407 777 435 ut
810 404 1026 443 depasceretur
1057 414 1169 445 ayrum

194 449 479 483 alteriu31bonum
502 448 572 488 ayri
594 449 660 479 eius
683 450 711 478 et
732 447 841 478 bonum
864 447 970 478 vineae
992 447 1060 478 eius
1081 448 1167 478 resti-

195 496 262 525 tuet.
309 493 337 523 6.
366 492 465 531 Quum
489 500 630 530 eyressus
650 490 746 529 fuerit
769 490 860 529 iynis,
884 492 911 520 et
933 489 1083 521 invenerit
1104 491 1167 529 spi-

194 546 269 567 nas:
287 535 527 573 absumptusque
547 533 644 572 fuerit
666 542 807 568 acervus,
826 532 872 563 vel
894 542 995 573 seyes,
1018 532 1064 563 vel
1085 543 1166 573 ayer,

194 578 347 610 reddendo
370 577 472 608 reddet
501 576 556 616 qui
584 576 685 616 iyuem
717 575 865 612 accendit,
887 585 950 606 rem
972 575 1165 607 combustam.

196 621 223 652 7.
251 621 351 660 Quum
374 619 491 650 dederit
513 619 673 658 quispiam
692 618 838 657 proximo
859 628 914 650 suo
933 621 1101 658 aryerztum,
1121 618 1166 649 vel

192 674 269 695 vasa
292 663 333 694 ad
356 662 593 698 custodiendum,
618 664 644 692 et
665 662 749 700 furto
772 661 909 692 ablatum
929 662 1026 700 fuerit
1044 671 1058 692 e
1080 661 1166 692 domo

192 707 254 738 viri
287 706 390 737 illius:
422 705 450 735 si
483 705 627 735 iuventus
658 704 752 743 fuerit
777 704 849 743 fur,
890 704 994 735 reddet
1027 704 1165 743 duplum.

193 749 222 780 8.
248 748 284 780 Si
308 759 364 780 nou
390 749 528 779 inventus
548 747 647 787 fuerit
666 747 730 786 fur,
752 749 822 778 tunc
846 746 1054 786 applicabitur
1071 747 1167 778 domi-

193 802 254 822 uus
276 792 385 823 domus
407 791 448 821 ad
471 790 604 828 iudices,
639 800 741 821 aunon
768 790 889 821 miserit
918 799 1046 820 manum
1076 799 1166 820 suam

193 835 228 865 iu
252 834 457 865 substantiam
474 833 617 872 proximi
635 833 695 863 sui.

454 1004 517 1034 EX
540 1002 705 1034 EODEM
730 1002 907 1034 CAPITE.

282 1090 321 1120 10
331 1090 357 1131 ²)
383 1089 419 1120 Si
448 1089 565 1120 dederit
592 1089 751 1128 quispiam
775 1089 922 1127 pronmo
951 1099 1006 1119 suo
1029 1089 1163 1125 asinum,

196 1133 243 1164 vet
265 1133 381 1169 boi-em,
411 1132 456 1163 vel
479 1132 645 1170 pecudem,
675 1134 728 1162 aut
757 1132 955 1171 quodcunque
984 1132 1104 1163 animal
1125 1131 1166 1162 ad

195 1176 435 1211 custodiendum,
461 1178 486 1205 et
508 1178 664 1205 mortuum
685 1174 790 1214 fuerit,
814 1177 869 1205 aut
889 1177 1089 1211 contractum,
1113 1177 1167 1205 aut

195 1218 233 1250 ab
256 1218 392 1249 hostibus
415 1220 536 1256 captum
559 1218 679 1248 nemine
701 1217 830 1253 vidente,
878 1217 926 1247 11.
952 1217 1166 1248 Iuramentum

196 1260 326 1292 [eborae
355 1261 412 1292 erit
442 1262 521 1291 ‘iuter
549 1263 729 1299 utrumque,
759 1270 863 1291 armon
892 1260 1013 1291 miserit
1040 1270 1165 1290 manum

194 1314 284 1335 suam
308 1305 343 1334 iu
364 1303 570 1335 substantiam
587 1303 730 1342 proximi
749 1304 809 1339 sui,
830 1305 855 1333 et
877 1303 1082 1333 iuramentum
1100 1313 1166 1334 sus-

195 1348 287 1385 cipiet
309 1347 457 1378 domiuus
479 1347 555 1384 eius,
580 1349 607 1376 et
626 1356 684 1376 non
703 1346 814 1377 reddet.
853 1345 900 1376 12.
929 1346 1014 1385 Quod
1032 1346 1062 1376 si
1082 1346 1166 1385 furto

196 1390 332 1421 ablatum
354 1390 452 1428 fuerit
475 1390 519 1424 ei,
550 1390 656 1420 reddet
683 1389 807 1420 domiuo
829 1389 905 1420 eius.
952 1388 1001 1419 13.
1033 1388 1069 1419 Si
1098 1398 1167 1419 vero

197 1433 345 1472 rapiendo
378 1435 503 1472 raptum
535 1432 646 1471 fuerit,
679 1432 807 1463 adducet
836 1432 865 1462 ei
895 1434 1012 1463 testem:
1044 1434 1167 1470 raptum

196 1486 255 1506 uon
279 1475 391 1506 reddet.

283 1560 312 1592 5.
345 1560 381 1591 Si
411 1561 544 1600 depasci.
599 1560 716 1591 Merito
746 1560 830 1590 inter
860 1560 948 1590 furta
978 1563 1167 1590 numeratur

198 1604 259 1635 hoe
284 1614 387 1644 genus
412 1603 551 1634 fraudis:
579 1602 613 1634 Si
638 1604 710 1642 quis
735 1602 855 1633 animal
879 1614 973 1633 suum
998 1602 1167 1633 immiserit

198 1648 230 1678 in
252 1658 366 1687 agrum
387 1647 520 1676 alterius
540 1652 594 1677 aut
618 1646 717 1677 vitem
738 1645 776 1676 ad
797 1645 1003 1685 pascendum.
1037 1645 1121 1676 Nam
1141 1645 1167 1676 si

200 1690 271 1730 quis
302 1690 341 1719 ad
373 1689 546 1720 furandum
575 1689 694 1720 abusus
717 1689 758 1720 sit
783 1689 868 1720 servi
897 1699 1008 1728 opera.
1041 1692 1168 1719 tenetur

200 1733 268 1773 ipse
292 1742 366 1763 reus
390 1732 509 1768 delicti,
535 1732 662 1763 etiamsi
687 1742 785 1762 manu
810 1731 891 1762 nihil
915 1736 1079 1762 attrectet:
1103 1741 1166 1761 non

200 1777 309 1806 minus
333 1782 439 1805 autem
466 1780 573 1812 nocet,
598 1775 652 1814 qui
676 1785 733 1814 per
757 1775 876 1805 animal
901 1774 1030 1805 brutum
1055 1783 1169 1805 causae

200 1828 318 1849 noxam
344 1817 476 1848 dederit.
519 1818 714 1857 Quanquam
737 1818 826 1848 Deus
850 1822 1010 1857 temperat
1033 1827 1167 1856 poenam

201 1861 304 1901 quoad
335 1861 423 1901 dupli
455 1861 723 1897 satisfactionem,
755 1861 830 1900 quia
859 1867 945 1891 certo
976 1859 1073 1891 statui
1104 1869 1168 1889 non
1194 1869 1195 1873 ¹

203 1909 306 1944 potest
337 1914 376 1934 an
409 1903 632 1934 fraudulenter
662 1914 698 1934 ac
722 1904 796 1934 data
821 1914 918 1943 opera
943 1903 1094 1933 damnum
1119 1902 1169 1932 in·
1194 1928 1196 1932 ,

201 1948 284 1978 ferre
309 1946 450 1977 voluerit
474 1946 624 1977 dominus
647 1946 806 1977 animalis.
842 1945 935 1976 Iubet
959 1950 1067 1976 tamen
1082 1945 1169 1975 Deus

203 1989 356 2020 damnum
387 1990 506 2020 sarcire
530 1990 643 2029 quanti
668 1989 811 2019 maximo
835 1989 1040 2020 aestimatum
1064 1987 1169 2018 fuerit.

203 2032 258 2063 Sic
282 2033 366 2063 enim
392 2032 569 2062 bonitatem
594 2032 664 2072 agri
688 2037 719 2062 et
750 2032 863 2066 vineae
898 2032 1106 2071 interpretor,
1136 2036 1170 2060 ut

203 2075 272 2106 loco
286 2076 438 2114 inspecto,
453 2075 629 2106 liberaliter
643 2075 772 2105 domino
793 2073 992 2105 adiudicetur
1011 2078 1169 2113 quantum

204 2118 368 2158 probabile
404 2118 499 2148 fuerit
530 2119 561 2148 in
593 2128 720 2149 summa
743 2117 962 2149 foecunditate
984 2116 1051 2147 illic
1074 2116 1171 2146 fuisse

204 2161 407 2201 productum.

291 2204 319 2234 6.
344 2204 442 2242 Quum
463 2214 603 2243 eyressus
620 2203 724 2242 fuerit.
760 2203 850 2233 Haec
869 2213 953 2233 noxa
972 2202 1171 2241 aliquantum
1198 2238 1199 2248 ἵ

208 2247 364 2285 superiori
390 2246 554 2277 dissimilis
579 2254 635 2284 051,
660 2247 734 2285 quia
759 2246 888 2277 iubetur
910 2245 964 2285 qui
988 2245 1094 2284 ignem
1121 2254 1171 2274 ac-

208 2289 314 2319 cendit
339 2289 492 2319 damnum
518 2300 556 2319 ex
582 2300 617 2319 00
647 2289 768 2320 factum
802 2288 995 2328 rependerev
1026 2286 1172 2326 quamvis

209 2332 296 2361 nulla
327 2331 461 2363 nocendi
494 2332 644 2362 voluntas
675 2331 903 2363 intercesserit.
950 2330 1032 2361 Nam
1067 2331 1172 2359 incen-

209 2374 329 2405 diarius
354 2376 405 2414 qui
431 2374 503 2405 dolo
527 2375 611 2405 malo
636 2375 683 2405 vel
710 2380 849 2414 segetem
876 2374 925 2404 vel
958 2374 1082 2404 vineam
1107 2382 1173 2402 cor-

210 2418 358 2456 rupisset,
384 2417 478 2457 longe
503 2419 635 2457 gravius
665 2417 854 2457 plectendus
880 2417 954 2451 fuit,
988 2415 1037 2446 1110
1067 2419 1174 2444 autem

211 2460 345 2498 punitur
368 2461 434 2491 sola
459 2461 592 2491 incuria.
639 2461 711 2491 Etsi
735 2467 841 2490 autem
873 2460 986 2489 domus
1011 2457 1058 2487 vel
1084 2467 1175 2487 areae

211 2502 299 2532 nulla
324 2505 357 2532 111
386 2504 519 2540 montio,
546 2504 597 2533 lex
623 2509 729 2533 tamen
755 2503 876 2542 species
900 2511 1010 2532 omnes
1034 2510 1176 2539 eompre-

300 2606 325 2635 1)
340 2606 419 2630 iit-m.
438 2604 512 2629 44

299 2640 327 2671 2)
346 2640 426 2664 Htlrr.
447 2639 538 2664 942.

894 181 1117 213 OCTAVUM
1141 182 1461 214 PRAECEP'PUM.

1202 2543 1203 2546 ’
1228 2543 1314 2582 ipsos
1344 2542 1522 2573 dirimatur.

2123 182 2186 214 692

1219 276 1342 315 hendit‚
1362 277 1613 308 satisfactionem
1626 276 1665 307 ab
1679 286 1715 306 eo
1728 276 1861 315 exigens
1878 276 1932 315 qui
1952 276 2002 307 vel
2021 277 2053 307 in
2072 286 2186 317 campo

1218 325 1330 360 aperto
1364 321 1471 360 ignem
1508 319 1699 350 accenderit.
1751 317 1890 349 Videtur
1921 323 2028 349 autem
2057 319 2085 350 is
2114 329 2185 350 esse

1218 367 1310 393 extra
1341 363 1482 402 culpam,
1514 362 1589 402 quia
1619 360 1808 402 praevidere
1831 360 1886 391 vix
1910 361 2013 400 potuit
2037 372 2078 392 an
2100 361 2187 402 ignis

1219 406 1329 444 spinas
1368 406 1563 445 corriperet:
1601 414 1715 435 verum
1745 409 1780 433 111
1810 403 1945 443 quisque
1975 403 2109 435 eandem
2137 404 2186 436 rei

1219 448 1343 479 alienae
1362 459 1472 479 curam
1496 458 1591 487 quam
1615 446 1763 486 propriae
1786 446 1953 484 sustineat,
1977 447 2112 486 supinae
2134 447 2186 479 vel

1219 501 1346 522 crassae
1370 491 1553 522 securitatis
1576 500 1645 520 eam
1670 499 1806 528 poenam
1831 489 1918 519 luere
1940 471 2031 520 iubet
2054 488 2153 521 Deus.

1305 534 1333 565 7.
1375 534 1474 581 Quum
1510 533 1634 564 dederit.
1691 531 1754 562 Hic
1791 531 1985 563 discernitur
2020 542 2186 572 quousque

1218 582 1380 624 competat
1399 576 1482 607 actio
1502 575 1579 606 furti
1603 575 1635 605 in
1660 573 1820 614 deposito:
1844 584 1969 614 nempe,
1993 575 2021 606 si
2042 585 2094 606 res
2116 575 2185 606 ina-

1219 619 1316 649 nimis
1332 618 1405 649 data
1420 618 1517 649 fuerit
1539 618 1571 648 in
1596 616 1784 654 custodiam,
1810 621 1844 647 ut
1867 618 1976 655 vestis,
2000 622 2057 648 aut
2079 618 2186 657 supel-

1218 661 1280 698 lex,
1301 672 1336 693 ac
1355 661 1495 701 excipiat
1514 660 1728 700 depositarius
1747 669 1818 690 eam
1838 660 1922 690 furto
1941 659 2081 691 ablatam
2100 670 2186 692 esse:

1219 704 1307 735 iubet
1338 705 1444 741 Deus⁷
1482 704 1509 734 si
1539 704 1590 733 fur
1619 707 1805 742 compertus
1834 702 1948 740 fuerit,
1986 703 2019 733 in
2051 702 2186 743 duplum

1219 746 1382 778 damnari:
1406 747 1454 777 sin
1478 746 1595 781 minus,
1617 744 1840 776 iusiurandum
1865 745 1904 776 ab
1928 756 1964 776 eo
1987 745 2186 786 exigendum

1218 791 1272 830 qui
1303 800 1370 820 rem
1394 790 1452 820 sibi
1477 789 1616 820 ablatam
1641 787 1726 818 dicit.
1774 787 1808 819 81
1831 799 1908 819 vero
1931 787 2112 828 depositum
2136 789 2186 820 fu-

1219 833 1279 864 erit
1310 832 1428 863 animal
1454 833 1486 862 in
1510 830 1705 868 custodiam,
1734 830 1787 861 ius
1810 830 1996 862 decernitur
2018 831 2115 872 paulo
2138 831 2185 862 di-

1220 885 1365 906 versum:
1400 885 1515 914 nempe
1549 874 1576 904 si
1609 878 1739 913 raptum
1772 873 1930 904 violenter
1959 874 2057 905 fuerit
2087 874 2139 906 vel
2167 884 2186 905 a

1218 918 1295 948 feris
1319 918 1538 954 dilaceratum,
1561 916 1718 947 liberetur
1740 923 1859 947 eustos:
1887 916 1972 947 furto
1996 921 2104 948 autem
2129 916 2185 948 ab·

1218 961 1319 991 latum
1343 961 1500 991 restituat.
1543 959 1643 990 Cuius
1666 958 1747 999 legis
1770 960 1852 990 ratio
1876 965 1911 989 ut
1934 959 2026 990 nobis
2050 964 2185 998 constet,

1218 1010 1329 1034 notare
1352 1003 1517 1040 convenit,
1548 1013 1610 1032 nou
1635 1001 1721 1032 ultra
1744 1002 1907 1043 urgendos
1931 1013 2000 1033 0550
2024 1002 2185 1042 deposita-

1217 1047 1280 1077 rios
1300 1056 1396 1085 quam
1417 1051 1453 1076 ut
1473 1056 1539 1076 rem
1564 1045 1625 1076 sibi
1648 1045 1852 1076 commissam
1876 1044 2015 1076 fideliter
2038 1049 2185 1077 servent:

1217 1089 1350 1129 perinde
1370 1096 1405 1119 ut
1424 1087 1576 1128 providus
1597 1092 1629 1118 et
1651 1086 1783 1118 sedulus
1807 1087 2039 1127 paterfamilias
2063 1087 2103 1119 ad
2126 1098 2186 1119 sua

1217 1131 1377 1163 servanda
1406 1136 1550 1162 attentus
1574 1135 1631 1161 est
1678 1129 1742 1161 Ubi
1766 1130 1826 1162 hac
1851 1131 2020 1171 diligentia
2043 1130 2185 1162 defuncti

1217 1180 1310 1211 sunt,
1334 1175 1479 1213 iniquum
1505 1179 1590 1204 esset
1615 1173 1685 1212 plus
1704 1173 1743 1204 ab
1766 1173 1845 1213 ipsis
1868 1174 2039 1214 postulari:
2064 1173 2187 1222 alioqui

1218 1217 1293 1248 dum
1328 1228 1409 1248 onus
1441 1217 1573 1255 gratuiti
1607 1216 1701 1246 officii
1736 1216 1934 1256 suscipiunt,
1966 1215 2072 1247 fraudi
2106 1216 2186 1257 ipsis

1218 1266 1302 1292 esset
1333 1271 1390 1290 sua
1420 1259 1603 1290 liberalitas.
1650 1259 1773 1289 Verum
1804 1259 1879 1299 quia
1903 1270 1965 1290 non
1990 1259 2068 1290 adeo
2092 1259 2186 1291 facile

1219 1311 1266 1334 est
1291 1302 1413 1333 animal
1438 1314 1453 1332 e
1477 1302 1576 1333 caulis
1600 1301 1652 1332 vel
1676 1302 1814 1340 pastoris
1838 1302 1985 1332 manibus
2009 1301 2185 1342 subripere,

1219 1345 1419 1386 negligentia
1454 1345 1592 1385 pastoris
1622 1355 1655 1375 se
1686 1344 1792 1384 prodit
1822 1344 1856 1375 in
1885 1345 2004 1376 amisso
2033 1345 2184 1382 iumento,

1219 1389 1245 1419 51
1277 1389 1367 1419 nulla
1399 1388 1446 1419 vis
1475 1387 1697 1418 intervenerit.
1742 1387 1844 1419 Recte
1872 1387 1972 1427 igitur
1994 1391 2185 1428 utrumque:

1219 1432 1268 1462 Ne
1290 1442 1354 1467 vas,
1379 1439 1435 1462 aut
1457 1430 1637 1470 pecuniam,
1662 1434 1718 1460 aut
1741 1436 1862 1461 vestem
1886 1430 2038 1461 restituat
2061 1430 2186 1470 deposi-

1220 1475 1335 1505 tarius:
1361 1474 1434 1513 quia
1453 1473 1511 1504 hoc
1531 1478 1615 1504 esset
1634 1472 1868 1512 quodammodo
1892 1484 1964 1504 eum
1988 1473 2187 1504 substituere

1220 1518 1252 1548 in
1290 1517 1394 1547 locum
1433 1516 1522 1547 furis.
1577 1515 1610 1547 81
1645 1526 1719 1546 vero
1751 1516 1899 1547 abactum
1928 1516 2025 1546 fuerit
2055 1515 2185 1555 animal,

1220 1561 1357 1600 pretium
1389 1560 1493 1590 solvat
1522 1559 1575 1599 qui
1607 1569 1640 1590 sc
1670 1558 1709 1589 ab
1731 1559 1856 1590 incuria
1878 1569 2018 1599 purgare
2040 1569 2106 1589 non
2130 1569 2186 1599 po-

1221 1609 1293 1634 test.
1327 1602 1361 1634 81
1382 1603 1452 1642 quis
1475 1607 1565 1641 putet
1588 1601 1725 1632 nimium
1750 1600 1879 1632 concedi
1904 1600 2108 1641 depositario,
2132 1601 2188 1633 ubi

1221 1647 1311 1677 Deus
1346 1657 1385 1676 ex
1416 1645 1503 1675 1111115
1531 1644 1742 1675 iureiurando
1774 1644 1863 1675 litem
1899 1644 1970 1675 vult
2000 1644 2103 1676 finiri:
2135 1654 2186 1676 re-

1220 1688 1348 1728 sponsio
1367 1688 1399 1719 in
1425 1692 1574 1728 promptu
1600 1692 1656 1724 est,
1682 1698 1739 1718 nos
1763 1687 1895 1718 alterius
1918 1687 1992 1718 fidei
2015 1697 2079 1718 non
2101 1698 2188 1719 com-

1221 1732 1349 1762 mittere
1373 1730 1492 1770 aliquid
1517 1730 1731 1766 servandum,
1763 1730 1826 1760 nisi
1850 1729 1888 1761 de
1912 1730 2003 1761 cuius
2027 1730 2187 1770 probitate

1221 1785 1332 1805 sumus
1360 1773 1511 1813 persuasi.
1560 1773 1624 1812 Qui
1656 1782 1733 1813 ergo
1763 1773 1809 1803 rei
1833 1783 1910 1804 suae
1933 1772 2099 1804 custodem
2123 1773 2187 1804 ele·

1221 1818 1276 1856 git,
1301 1827 1358 1847 suo
1378 1816 1572 1856 praeiudicio
1592 1821 1730 1847 testatus
1749 1822 1797 1846 est
1821 1826 1894 1846 eum
1918 1826 1987 1847 esse
2012 1816 2132 1847 bonum
2155 1820 2188 1847 et

1222 1860 1384 1899 integrum
1422 1860 1534 1889 virum.
1590 1860 1697 1898 Atque
1728 1859 1774 1889 ita
1805 1859 1899 1898 paulo
1930 1863 2017 1898 post,
2050 1859 2089 1890 ob
2118 1869 2188 1890 rem

1222 1903 1378 1943 perditam
1409 1902 1485 1932 furti
1516 1902 1650 1933 crimine
1680 1901 1799 1941 absque
1830 1901 2020 1941 probatione
2050 1902 2188 1940 onerari,

1222 1945 1396 1976 absurdum
1421 1950 1513 1975 esset.
1549 1944 1767 1983 Quamobrem
1793 1955 1857 1975 non
1881 1944 1937 1975 abs
1961 1954 1995 1975 re
2018 1943 2110 1975 Deus
2133 1944 2189 1976 do-

1223 1988 1344 2018 minum
1375 1988 1418 2018 rei
1449 1987 1574 2018 ablatae
1598 1987 1800 2026 acquiescere
1824 1987 1894 2018 vult
1916 1987 1985 2018 eius
2008 1987 2189 2019 iuramento

1223 2041 1315 2070 quem
1346 2030 1443 2060 fidum
1475 2030 1533 2061 sibi
1565 2031 1703 2061 amicum
1735 2040 1803 2061 esse
1834 2030 1936 2060 duxit.
1981 2029 2075 2061 Adde
2104 2029 2189 2070 quod

1223 2081 1299 2104 111110
1329 2073 1456 2103 demum
1487 2073 1667 2103 absolvitur
1694 2072 1747 2112 qui
1779 2083 1812 2103 se
1838 2072 1907 2103 Deo
1938 2077 2019 2103 teste
2042 2072 2188 2104 adhibito

1223 2122 1356 2156 purgat,
1386 2117 1411 2146 si
1436 2116 1524 2146 nulla
1547 2116 1677 2146 sinistra
1700 2115 1840 2163 suspicio
1862 2115 1896 2145 in
1920 2125 1993 2146 eum
2017 2115 2189 2155 profertur,

1224 2165 1255 2190 et
1278 2170 1311 2189 50
1334 2160 1400 2197 ipse
1424 2164 1557 2189 exeas-it
1580 2158 1737 2206 probabili
1760 2158 1956 2189 coniectura.

1311 2200 1374 2243 [10.
1402 2202 1437 2231 5¹1]
1465 2202 1582 2232 dederit
1603 2201 1771 2240 quispiam.
1818 2200 1979 2239 Quoniam
2003 2200 2036 2231 in
2061 2211 2097 2232 eo
2120 2201 2189 2233 loco

1225 2244 1405 2274 111111015105
1429 2250 1565 2283 quituor
1591 2255 1702 2275 versus
1725 2244 1856 2292 sumpsi,
1881 2243 2017 2283 depositi
2041 2244 2078 2274 fit
2100 2254 2190 2275 men-

1226 2288 1286 2323 110,
1318 2294 1347 2316 01
1373 2287 1478 2317 110515
1508 2288 1543 2317 fr·
1539 2287 1693 2323 1011111115,
1718 2286 1856 2326 rapinis,
1882 2291 1913 2316 et
1936 2286 2030 2316 furtis
2054 2297 2093 2317 ex
2117 2297 2190 2327 pro-

1226 2330 1309 2359 10550
1328 2330 1481 2359 occurrit:
1508 2331 1539 2359 in
1560 2342 1575 2359 e
1579 2341 1595 2360 -1
1619 2330 1657 2360 cl·
1660 2340 1720 2360 1550
1744 2339 1900 2368 reponere
1924 2328 2055 2368 placuit.
2091 2328 2191 2370 Speo-

1199 2382 1201 2398 1
1227 2378 1273 2402 tat
1294 2371 1419 2410 quidem
1441 2373 1645 2411 aliquatenus
1665 2372 1702 2402 ad
1725 2373 1855 2402 tertium
1877 2378 2093 2412 praeceptum,
2117 2372 2192 2412 quia

1228 2415 1406 2451 legiumuni
1432 2426 1521 2445 11511111
1547 2414 1755 2445 iurisiurandi
1779 2415 1934 2445 ostendit:
1959 2425 2075 2454 nempe
2099 2420 2135 2446 ut
2157 2416 2190 2446 in

1229 2458 1322 2487 rebus
1353 2458 1485 2487 oecultis
1513 2458 1551 2487 ad
1579 2459 1637 2488 Dei
1668 2457 1885 2488 testimonium
1916 2457 2105 2498 confugiant
2133 2457 2192 2489 ho-

1229 2501 1347 2535 11111105,
1382 2511 1416 2529 1ιο
1445 2500 1632 2540 interposito
1661 2510 1751 2531 sacro
1779 2500 1849 2531 eius
1880 2500 2008 2531 nomine
2038 2500 2076 2531 lis
2105 2501 2193 2532 inter

1569 2544 1680 2581 Quum
1712 2548 1820 2574 autem
1849 2553 1888 2573 ex
1919 2543 1980 2573 Dei
2009 2544 2193 2574 reverentia

1230 2586 1365 2624 pendeat
1397 2596 1476 2624 quae
1506 2586 1648 2617 defertur
1678 2586 1834 2616 autoritas
1866 2585 2072 2623 iuramentis,
2096 2585 2193 2617 simul

1230 2628 1261 2658 in
1294 2628 1370 2667 ipsis
1402 2630 1644 2659 commendatur
1673 2629 1751 2660 fides
1779 2634 1810 2659 et
1833 2629 1961 2669 religio,
1994 2632 2029 2659 ut
2052 2628 2136 2659 inter
2159 2638 2194 2660 se
