2304 3034
195 206 259 238 503

192 301 323 342 pulsor,
353 298 446 330 sicuti
477 300 589 337 gentes
618 296 782 326 finxerunt
812 293 889 324 deos
920 294 1074 333 quosdam
1097 293 1162 324 ἄλε-

196 342 344 382 ξικιὲκους,
376 350 489 371 vereor
515 350 555 369 ne
586 337 737 368 subtilius
768 337 817 367 sit.
864 335 997 376 Optime
1027 336 1163 376 quadrat

197 385 281 426 quod
305 384 371 414 dixi
395 383 433 413 de
455 391 568 421 caprae
592 381 696 411 abitu:
729 389 913 419 quanquam
938 379 976 410 ab
1004 379 1163 410 Hebraeis

199 427 365 462 dissentio,
397 425 451 465 qui
480 424 584 454 locum
609 422 712 453 monti
735 421 827 453 Sinai
851 422 1039 462 contiguum
1063 422 1163 453 fuisse

198 470 327 503 volunt:
360 467 449 507 quasi
473 477 548 497 vero
573 476 635 496 non
660 464 758 495 fuerit
781 465 953 504 quotannis
979 475 1048 495 sors
1079 465 1164 496 iacta

198 511 331 549 Azazel,
355 521 452 550 quum
483 514 590 540 tamen
618 507 805 547 longissime
831 507 957 538 abesset
984 507 1122 547 populus
1146 518 1164 538 a

198 561 307 586 monte
329 553 429 584 Sinai.
461 551 609 583 Sufficiat
632 551 732 591 igitur
755 550 913 581 delectam
936 550 1035 581 fuisse
1059 550 1163 591 regio-

197 608 273 628 nem
296 596 472 627 solitariam
496 599 527 625 et
546 594 679 624 minime
702 593 920 629 habitabilem,
940 596 976 623 ut
998 593 1073 625 illuc
1097 593 1163 624 abi-

198 644 329 680 geretur
358 638 482 676 hircus,
514 647 554 667 ne
584 636 616 667 in
647 636 764 676 populo
792 634 948 667 resideret
975 635 1038 667 Dei
1066 635 1164 667 male—

196 683 299 714 dictio.

287 725 335 755 12.
370 724 515 754 Asszmzez‘,
537 731 652 761 quoque
669 721 796 761 plenum
818 720 1018 752 thuribulum.
1065 722 1164 752 Ante-

198 778 293 808 quam
328 766 517 806 sauguinem
551 765 584 795 in
619 764 839 795 sanctuarium
871 763 1005 802 inferat,
1035 763 1165 794 iubetur

198 812 344 842 suffitum
379 809 502 839 offerre.
554 807 637 838 Erat
665 807 793 847 quidem
825 806 875 848 (ut
905 812 979 838 ante
1011 806 1164 848 vidimus)

197 855 298 885 altare
322 851 554 892 thymiamatis,
575 849 628 881 ubi
652 850 801 881 adolebat
823 849 988 886 sacerdos,
1013 849 1067 881 scd
1088 855 1164 880 ante

198 897 321 927 velum:
353 904 437 925 nunc
467 904 542 925 vero
572 898 607 923 ut
642 894 786 924 suffitum
820 893 916 923 faciat
948 892 1097 924 sacerdos
1129 893 1163 923 in

197 940 266 979 ipso
290 938 399 978 adyto,
422 936 553 967 iubetur
576 936 662 966 intra
685 936 792 967 velum
816 940 996 976 penetrare.
1042 935 1163 966 Notatu

197 993 276 1013 vero
301 981 434 1020 dignum
463 984 513 1009 est
546 978 630 1018 quod
665 978 784 1009 dicitur
818 978 906 1009 fumo
942 978 1164 1017 thymiamatis

197 1023 405 1064 operiendum
429 1033 498 1053 esse
521 1022 789 1061 propitiatorium,
814 1032 854 1052 no
877 1022 1036 1052 moriatur
1059 1031 1163 1052 sacer-

196 1067 260 1098 dos.
308 1066 376 1096 Hoc
401 1066 485 1096 enim
510 1065 603 1105 signo
627 1070 793 1095 ostensum
818 1064 877 1094 fuit
900 1074 995 1104 quam
1016 1064 1165 1095 formida-

195 1110 267 1141 bilis
290 1109 330 1140 sit
354 1108 415 1138 Dei
440 1108 601 1144 maiestas,
624 1107 715 1138 cuius
734 1111 925 1147 conspectus
945 1107 1040 1137 etiam
1060 1117 1164 1138 sacer-

196 1153 261 1183 doti
279 1151 408 1182 lethalis
423 1156 521 1182 esset:
543 1155 577 1181 ut
597 1160 708 1181 omnes
728 1149 888 1181 discerent
908 1150 1165 1188 contremiscere,

196 1201 228 1226 et
250 1194 438 1234 suppliciter
464 1203 571 1224 coram
603 1203 639 1223 eo
671 1203 704 1223 se
732 1197 950 1233 prosternere,
983 1192 1098 1224 deinde
1129 1199 1164 1223 ut

196 1238 302 1269 omnis
332 1236 465 1267 audacia
493 1241 524 1266 et
548 1236 714 1266 temeritas
743 1241 1010 1276 compesceretur.
1056 1235 1165 1267 Incer-

195 1286 264 1312 tum
288 1290 364 1311 vero
389 1284 439 1310 est
461 1290 502 1310 an
523 1279 617 1310 simul
637 1279 828 1309 mactaverit
847 1279 1020 1310 iuvencum
1040 1289 1097 1318 pro
1120 1289 1163 1316 se,

197 1330 227 1355 et
250 1323 376 1354 hircum
401 1332 458 1362 pro
489 1322 624 1362 popule,
649 1332 688 1352 an
713 1332 790 1353 vero
812 1327 981 1362 postquam
1005 1322 1163 1362 sanguine

195 1367 244 1398 sui
268 1365 415 1396 sacrificii
445 1365 666 1396 sanctuarium
696 1369 893 1404 asperserat,
923 1365 1049 1396 hircum
1076 1375 1163 1395 seor—

196 1420 266 1441 sum
302 1407 528 1439 immolaverit.
589 1406 729 1438 Videtur
772 1407 901 1447 quidem
938 1407 1046 1438 Moses
1081 1408 1164 1438 hanc

197 1452 382 1483 distinctam
407 1451 523 1482 seriem
549 1449 656 1480 verbis
685 1450 753 1481 suis
782 1456 908 1488 notare,
939 1451 1014 1490 quia
1042 1450 1093 1481 ubi
1125 1450 1163 1481 de

196 1496 301 1535 prima
332 1494 516 1534 aspersione
536 1493 689 1533 loquutus
718 1499 781 1531 est,
809 1494 963 1524 continuo
991 1498 1062 1533 post
1090 1493 1163 1525 sub-

195 1538 279 1569 iicit:
314 1536 472 1568 Mactabit
516 1546 642 1576 quoque
676 1535 801 1567 hircum
837 1546 894 1576 pro
929 1541 1074 1576 peccato:
1108 1535 1164 1567 sed

197 1581 271 1621 quia
302 1579 384 1619 apud
411 1579 524 1610 Mosen
554 1579 755 1610 narrationes
782 1589 876 1619 saepe
904 1590 967 1610 non
1000 1583 1165 1619 ponuntur

197 1634 253 1655 suo
277 1623 360 1660 loco,
390 1627 421 1653 et
451 1632 502 1653 res
525 1626 573 1653 est
600 1622 710 1662 exigui
740 1622 911 1659 momenti,
937 1622 1035 1662 eligat
1065 1622 1165 1653 lector

196 1671 306 1697 utrum
333 1665 426 1696 volet.

285 1709 333 1739 16.
369 1707 412 1738 Et
430 1707 605 1739 emundabit
627 1708 849 1739 sanctuarium.
890 1706 1041 1738 Absurda
1065 1707 1166 1738 videri

197 1756 305 1791 posset
328 1751 504 1782 sanctuarii
529 1751 659 1788 ablutio,
683 1761 719 1782 ac
743 1751 770 1781 si
794 1751 826 1781 in
846 1750 1015 1781 hominum
1034 1750 1166 1781 arbitrio

198 1800 282 1825 esset
306 1793 389 1834 quod
414 1794 503 1824 Deus
531 1794 599 1833 ipse
623 1794 842 1831 consecravit,
867 1793 1018 1833 polluere.
1065 1793 1167 1832 Atqui

197 1838 317 1868 scimus
336 1836 444 1867 Deum
469 1847 617 1867 veracem
637 1847 779 1872 manere,
803 1836 951 1876 quamvis
970 1840 1056 1867 totus
1075 1846 1167 1866 mun-

199 1880 258 1910 dus
288 1880 405 1919 impius
438 1879 495 1910 sit:
529 1879 613 1910 unde
643 1880 806 1919 sequitur,
838 1879 992 1919 quidquid
1026 1878 1167 1909 instituit

198 1923 288 1953 Deus
312 1928 461 1953 naturam
486 1933 548 1952 uon
573 1928 699 1953 mutare
730 1922 897 1953 hominum
929 1922 1027 1953 vitiis.
1072 1921 1166 1960 Quod

200 1966 226 1996 si
251 1965 340 1995 nulla
363 1976 403 1995 ex
431 1965 601 1995 hominum
632 1966 770 2005 peccatis
801 1965 949 2005 contagio
976 1965 1166 1996 tabernacu-

196 2008 264 2039 lum
290 2008 416 2043 infecit,
440 2018 640 2047 supervacua
664 2012 733 2039 erat
757 2008 889 2039 ablutio:
915 2018 1029 2039 verum
1054 2018 1166 2047 quam-

197 2052 248 2082 vis
275 2051 495 2081 sanctuarium
527 2061 585 2090 per
615 2062 648 2081 se
679 2051 803 2081 nullam
833 2051 937 2082 labem
968 2049 1167 2081 contraxerit

199 2105 239 2124 ex
275 2093 447 2125 sceleribus
483 2094 607 2133 populi,
644 2098 751 2124 tamen
786 2093 889 2133 quoad
923 2094 1023 2133 ipsius
1057 2092 1166 2132 populi

199 2137 325 2176 culpam
352 2143 382 2166 et
406 2142 541 2171 reatum,
562 2137 676 2167 merito
696 2137 900 2167 immundum
920 2140 1078 2167 censetur.
1110 2136 1166 2165 At-

198 2190 259 2219 que
283 2180 327 2210 ita
350 2184 568 2219 exaggeratur
594 2179 731 2218 crimen,
756 2179 838 2219 quod
866 2179 1013 2210 homines
1037 2178 1166 2220 (quibus

199 2222 318 2262 alioqui
341 2222 540 2261 propositum
565 2228 613 2253 est
638 2222 742 2252 Deum
763 2221 880 2263 colere)
903 2222 930 2253 si
954 2221 1165 2260 contemptim

197 2265 250 2296 vel
280 2265 389 2295 minus
413 2269 600 2296 reverenter
630 2264 660 2295 id
682 2265 816 2303 faciant,
841 2276 968 2296 sacrum
992 2263 1166 2304 profanant

198 2309 266 2339 eius
291 2318 418 2338 nomen.
466 2307 664 2338 Detestabile
689 2308 838 2339 omnibus
863 2307 1067 2348 sacrilegium
1097 2314 1165 2336 tum

200 2351 275 2385 fuit,
310 2350 411 2380 altare
447 2355 478 2380 et
512 2351 732 2381 sanctuarium
764 2352 823 2381 Dei
858 2351 1010 2391 polluere.
1066 2349 1165 2388 Atqui

200 2393 307 2423 Moses
328 2393 423 2423 huius
442 2393 602 2433 sacrilegii
622 2404 693 2424 reos
713 2394 788 2424 facit
804 2393 980 2430 Israelitas,
1005 2392 1056 2423 ubi
1076 2392 1166 2422 iubet

199 2435 419 2465 sanctuarium
449 2437 590 2475 purgari.
638 2437 739 2467 Porro
774 2438 913 2468 sciamus
943 2436 1090 2466 homines
1121 2434 1166 2464 ita

201 2478 420 2509 contaminare
458 2479 518 2509 Dei
557 2489 662 2515 sacra,
702 2490 739 2509 ue
781 2479 856 2518 quid
893 2484 1000 2509 tamen
1035 2476 1166 2508 decedat

200 2531 308 2551 eorum
330 2526 473 2558 naturae,
494 2531 552 2552 nec
572 2521 714 2561 dignitas
734 2522 877 2553 violetur.
919 2521 1028 2560 Quare
1048 2519 1165 2550 diserte

200 2564 353 2602 exprimit
384 2564 490 2594 Moses
525 2565 656 2603 purgari
694 2565 914 2596 sanctuarium
949 2564 987 2594 ab
1018 2562 1165 2602 inquina-

943 2606 1039 2637 Nunc
1069 2605 1163 2635 huius

1102 2647 1165 2677 I'er

201 2607 317 2635 mentis
344 2617 407 2636 non
432 2607 513 2643 suis,
543 2607 598 2637 sed
622 2607 759 2637 filiorum
786 2607 896 2637 Israel.

198 2648 321 2688 figurae
346 2649 464 2679 veritas
488 2649 520 2679 iu
545 2660 637 2680 usum
666 2655 811 2680 nostrum
837 2648 974 2680 tenenda
998 2652 1054 2679 est.

889 199 1141 232 SECUNDUM
1164 201 1483 233 PRAECEPTUM.

2115 200 2179 232 504

1215 294 1409 334 baptismum
1433 299 1465 325 ct
1485 305 1606 326 sacram
1640 304 1771 325 coenam
1803 293 1895 325 nobis
1925 298 2057 333 apparet
2086 294 2179 327 Deus

1214 337 1247 368 in
1271 337 1336 368 filio
1359 348 1416 369 suo
1439 337 1620 378 unigenito:
1646 337 1724 368 haec
1747 340 1823 367 sunt
1845 336 2025 368 sanctitatis
2049 342 2178 369 nostrae

1214 380 1364 420 pignora:
1400 391 1515 411 verum
1549 390 1629 420 quae
1659 384 1771 410 nostra
1804 379 1968 419 corruptio
2001 385 2065 417 est,
2099 380 2179 413 haec

1215 422 1348 463 spiritus
1371 433 1503 463 organa,
1526 422 1641 462 quibus
1666 433 1722 453 nos
1746 421 1836 453 Deus
1859 422 2049 459 sanctificat,
2073 423 2178 462 profa-

1216 476 1293 496 nare
1312 476 1376 496 non
1396 465 1582 503 desinimus,
1605 470 1761 505 quantum
1782 465 1815 495 in
1838 465 1929 496 nobis
1949 468 2006 496 est.
2041 463 2179 504 Quando

1216 512 1322 539 autem
1348 508 1454 539 nullae
1478 508 1616 548 pecudes
1639 512 1836 546 mactantur,
1859 507 2069 548 ingemiscere
2087 518 2179 548 opor-

1217 555 1279 581 tet:
1305 561 1340 582 ac
1364 551 1553 591 suppliciter
1575 551 1708 590 precari,
1733 555 1767 581 ut
1786 549 1895 581 sordes
1915 554 2042 581 nostras
2064 551 2180 590 quibus

1217 592 1396 633 baptismus
1418 594 1554 626 vitiatur
1577 600 1609 625 et
1630 604 1721 625 sacra
1744 603 1851 631 coena,
1876 593 2026 624 Christus
2049 594 2180 634 sangui-

1218 636 1266 667 nis
1289 637 1337 667 sui
1362 637 1545 676 aspersione
1568 636 1688 675 deleat,
1712 646 1747 667 ac
1777 641 1901 676 purget.
1948 635 2043 666 Ratio
2062 646 2180 677 purga-

1217 679 1313 709 tionis
1346 679 1487 710 notanda
1527 683 1591 719 est,
1632 679 1781 719 quoniam
1818 678 1941 709 habitet
1978 678 2062 718 apud
2095 679 2181 719 ipsos

1216 721 1458 752 tabernaculum
1477 722 1561 753 inter
1579 732 1690 753 eorum
1708 720 1939 752 immunditias.
1964 720 2088 760 Quibus
2107 732 2181 754 ver-

1218 764 1264 795 bis
1294 764 1455 804 significat
1483 765 1604 803 Moses,
1634 765 1678 796 sic
1709 764 1847 804 pollutos
1873 774 1943 795 esse
1970 763 2119 795 homines
2148 768 2181 797 et

1216 807 1407 847 corruptelis
1430 807 1572 846 refertos,
1595 811 1631 838 ut
1653 806 1807 847 quidquid
1830 812 1977 838 sanctum
2000 810 2049 838 est
2070 810 2182 839 conta-

1217 850 1350 888 minent,
1375 850 1435 881 nisi
1459 850 1637 881 intercedat
1661 850 1833 880 abstersio:
1858 860 1932 881 nam
1957 859 2014 889 pro
2037 850 2181 882 confesso

1216 893 1324 929 sumit,
1348 893 1417 923 fieri
1442 903 1504 924 non
1528 903 1619 932 posse
1643 893 1719 933 quin
1744 892 1891 924 homines
1914 902 2042 932 semper
2061 891 2182 932 aliquid

1216 936 1413 975 impuritatis
1445 945 1554 966 secum
1586 936 1700 966 ferant.
1747 934 1840 974 Quod
1872 937 1979 966 autem
2014 934 2053 966 de
2083 934 2182 977 adyto

1216 977 1336 1009 dictum
1360 984 1417 1015 est,
1440 978 1479 1009 ad
1500 978 1599 1009 altare
1619 988 1746 1018 quoque
1767 977 1931 1014 transfert,
1951 981 1982 1008 et
2004 981 2108 1009 totum
2132 981 2182 1009 ta-

1216 1020 1434 1052 bernaculum.

1303 1064 1350 1094 17.
1388 1063 1507 1094 Nullus
1539 1065 1640 1094 autem
1680 1062 1773 1094 homo.
1821 1062 1914 1101 Quod
1950 1073 2062 1094 omnes
2095 1063 2183 1095 inter

1217 1106 1321 1146 ipsum
1347 1106 1537 1146 expiationis
1561 1110 1666 1137 actum
1692 1106 1730 1136 ab
1757 1115 1885 1137 accessu
1909 1105 2108 1137 tabernaculi
2132 1116 2183 1137 ar-

1217 1153 1338 1187 centur,
1361 1148 1594 1189 quodammodo
1615 1158 1717 1188 poena
1735 1148 1799 1179 illis
1818 1148 1976 1188 infligitur
1995 1148 2182 1188 temporalis

1217 1192 1338 1222 exsilii:
1359 1196 1395 1222 ut
1416 1195 1593 1232 agnoscant
1613 1201 1646 1222 se
1666 1191 1831 1231 profligari
1851 1201 1869 1220 a
1889 1191 1949 1221 Dei
1969 1191 2060 1228 facie,
2081 1191 2182 1223 donec

1217 1234 1304 1266 locus
1318 1235 1372 1274 qui
1386 1235 1545 1265 maculam
1559 1234 1721 1265 contraxit
1734 1244 1773 1264 ex
1783 1244 1893 1264 eorum
1909 1234 2182 1274 peceatis7purge-

1218 1283 1279 1308 tur.
1327 1277 1396 1309 Hoc
1420 1277 1511 1308 triste
1535 1276 1595 1307 fuit
1613 1276 1842 1316 spectaculum,
1867 1287 1965 1316 quum
1991 1276 2181 1308 tabernacu-

1217 1320 1283 1351 lum
1318 1320 1501 1351 desererent
1535 1329 1646 1350 omnes
1677 1329 1814 1359 quorum
1848 1328 1943 1349 causa
1977 1323 2181 1351 exstructum

1217 1363 1335 1394 fuerat:
1360 1362 1414 1394 sed
1435 1363 1494 1393 hoc
1514 1361 1606 1392 modo
1626 1362 1781 1393 admoniti
1801 1362 1940 1399 fuerunt,
1960 1372 2072 1393 omnes
2095 1362 2182 1393 salu-

1218 1406 1258 1437 tis
1277 1410 1385 1445 partes
1411 1411 1441 1436 et
1461 1415 1612 1436 numeros
1634 1403 1755 1436 includi
1784 1404 1843 1435 sub
1867 1415 1932 1435 una
1961 1404 2024 1436 Dei
2055 1404 2181 1436 miseri-

1217 1448 1340 1485 cordia,
1367 1448 1442 1479 dum
1461 1459 1495 1479 se
1513 1447 1666 1479 videbant
1685 1458 1702 1478 a
1721 1447 1883 1487 proposito
1902 1447 2015 1478 veniae
2033 1446 2182 1479 obtinen-

1218 1491 1276 1522 dae
1299 1491 1438 1522 remedio
1462 1490 1603 1522 excludi:
1635 1490 1698 1520 nisi
1722 1490 1824 1520 altera
1846 1489 1940 1520 venia
1962 1494 2180 1521 succurreret:

1218 1534 1369 1575 quoniam
1394 1545 1412 1564 a
1435 1544 1491 1573 spe
1513 1533 1780 1564 reconciliationis
1803 1532 1998 1563 exciderant.

1303 1577 1352 1608 20.
1388 1576 1488 1616 Quum
1504 1576 1620 1615 finierit
1640 1576 1776 1614 expiare.
1816 1575 1945 1606 Clarius
1966 1584 2054 1606 nunc
2072 1575 2181 1616 expri-

1219 1620 1319 1650 mitur
1342 1620 1421 1650 ratio
1453 1619 1569 1659 piaculi
1599 1617 1703 1658 quoad
1726 1618 1863 1649 alterum
1891 1617 2034 1655 hircum,
2064 1628 2182 1658 nempe

1219 1669 1254 1694 ut
1277 1662 1410 1694 sistatur
1434 1672 1541 1693 eoram
1565 1661 1648 1699 Deo,
1672 1666 1705 1692 et
1727 1660 1875 1692 sacerdos
1904 1661 2054 1692 manibus
2084 1672 2182 1701 super

1217 1710 1314 1745 caput
1337 1705 1404 1736 eius
1427 1704 1598 1744 impositis,
1630 1704 1821 1735 confiteatur
1844 1707 1976 1743 peccata
1999 1703 2123 1744 populi,
2145 1707 2182 1735 ut

1218 1748 1476 1779 maledictionem
1495 1746 1618 1778 reiiciat
1640 1747 1673 1777 in
1697 1747 1802 1786 ipsum
1826 1746 1965 1777 hircum:
1990 1745 2051 1777 hoc
2079 1757 2181 1778 unum

1218 1791 1266 1833 (ut
1289 1790 1369 1832 dixi)
1391 1789 1546 1828 ἀναίματον
1568 1789 1759 1820 sacrificium
1780 1789 1855 1820 fuit:
1875 1789 1992 1820 diserte
2019 1789 2104 1820 enim
2125 1800 2181 1829 po-

1219 1834 1306 1865 nitur
1334 1833 1466 1869 oblatio,
1491 1832 1546 1864 sed
1577 1843 1658 1872 quae
1684 1832 1934 1862 immolationem
1958 1832 2076 1872 prioris
2099 1831 2181 1864 hirci

1219 1877 1404 1916 respiceret:
1433 1875 1566 1915 ideoque
1592 1874 1696 1914 quoad
1726 1875 1790 1905 vim
1820 1874 2024 1914 placationis,
2047 1874 2181 1907 minime

1217 1925 1301 1951 esset
1319 1919 1359 1949 ab
1377 1929 1414 1949 ea
1431 1917 1619 1958 separanda.
1655 1918 1755 1948 Porro
1774 1917 1944 1948 innoxium
1967 1917 2087 1948 animal
2103 1918 2181 1949 sub-

1217 1962 1308 1994 stitui
1332 1963 1364 1992 in
1389 1961 1493 1992 locum
1513 1960 1697 1997 hominum,
1722 1965 1756 1990 ut
1783 1961 1842 1991 Dei
1862 1959 2078 1992 maledictioni
2105 1960 2180 1992 sub-

1217 2006 1384 2039 ficeretur,
1407 2004 1539 2034 minime
1562 2008 1811 2034 consentancum
1836 2003 1910 2034 fuit:
1934 2003 1997 2034 nisi
2020 2007 2057 2034 ut
2079 2003 2180 2034 disce-

1218 2053 1291 2079 rent
1325 2047 1435 2078 fideles
1465 2057 1499 2077 se
1528 2045 1658 2077 ferendo
1690 2045 1749 2076 Dei
1777 2045 1891 2077 iudicio
1926 2045 2057 2077 minime
2085 2056 2180 2086 pares

1217 2101 1302 2127 esse⁷
1322 2100 1380 2120 nec
1403 2089 1496 2120 aliter
1514 2100 1547 2120 se
1570 2088 1698 2119 liberari
1722 2099 1815 2128 quam
1841 2099 1926 2119 noxa
1948 2092 1980 2120 et
2002 2088 2095 2128 culpa
2118 2089 2180 2120 alio

1218 2133 1382 2164 translata.
1428 2132 1511 2162 Nam
1535 2132 1609 2171 quia
1632 2131 1775 2162 sentiunt
1800 2131 1956 2168 homines,
1981 2141 2015 2162 se
2038 2132 2085 2162 ira
2106 2131 2179 2169 Dei,

1217 2186 1297 2216 quae
1328 2175 1475 2206 omnibus
1506 2174 1672 2209 incumbit,
1700 2174 1829 2213 penitus
1858 2173 1963 2211 obrui,
1991 2184 2074 2205 onus
2100 2174 2179 2206 illud

1218 2218 1416 2250 intolerabile
1450 2216 1550 2249 variis
1579 2216 1681 2247 modis
1712 2216 1837 2247 amoliri
1869 2216 1918 2248 vel
1949 2221 2101 2248 excutere
2131 2228 2182 2249 co-

1219 2267 1352 2296 nantur,
1377 2260 1432 2291 sed
1452 2260 1587 2290 frustra:
1612 2260 1684 2299 quia
1712 2260 1800 2290 nulla
1826 2259 1982 2291 absolutio
2009 2260 2180 2300 speranda,

1218 2305 1279 2335 nisi
1302 2303 1518 2334 satisfactione
1542 2303 1745 2342 interposita:
1771 2301 1853 2333 hanc
1878 2313 1952 2333 vero
1979 2303 2025 2333 fas
2048 2313 2111 2333 non
2131 2307 2182 2334 est

1217 2346 1347 2378 obtrudi
1371 2346 1536 2375 hominum
1561 2345 1708 2376 arbitrio:
1735 2351 1765 2375 et
1789 2345 1906 2376 stultae
1930 2345 2097 2385 superbiae
2122 2350 2180 2384 cst,

1218 2390 1250 2420 in
1274 2400 1307 2420 se
1327 2389 1404 2428 ipsis
1434 2388 1573 2427 pretium
1599 2398 1766 2427 quaerere,
1795 2398 1855 2427 quo
1879 2392 2008 2428 peccata
2030 2399 2179 2429 compen-

1217 2437 1296 2463 sent.
1344 2431 1417 2461 Alia
1443 2431 1543 2471 igitur
1573 2430 1719 2470 placandi
1750 2431 1812 2462 Dei
1846 2431 1927 2462 ratio
1964 2430 2082 2462 tradita
2111 2431 2179 2470 fuit,

1217 2475 1292 2505 dum
1313 2473 1463 2505 Christus
1482 2474 1583 2504 factus
1604 2473 1793 2509 maledictio,
1818 2474 1851 2503 in
1871 2485 1905 2505 se
1924 2479 2054 2514 peccata
2073 2478 2180 2505 trans-

1217 2517 1293 2548 tulit
1323 2527 1403 2556 quac
1436 2516 1582 2546 homines
1618 2528 1636 2546 a
1667 2516 1735 2546 Deo
1764 2516 1949 2547 alienabant
1979 2515 2021 2557 (2.
2046 2516 2119 2548 Cor.
2150 2516 2178 2553 5,

1220 2560 1266 2591 19.
1295 2560 1401 2590 Galat.
1431 2559 1459 2595 3,
1493 2559 1540 2589 13.
1572 2558 1656 2589 Psal.
1685 2559 1734 2595 51,
1768 2558 1828 2599 19).
1874 2559 2041 2590 Confessio
2072 2564 2179 2590 autem

1217 2603 1254 2633 ad
1288 2601 1524 2633 humiliandum
1557 2602 1708 2641 populum
1742 2602 1859 2638 valuit,
1891 2608 1921 2633 ct
1948 2602 1994 2632 ita
2027 2602 2180 2633 stimulus

1216 2646 1273 2676 fuit
1299 2645 1337 2675 ad
1361 2644 1501 2675 studium
1533 2645 1762 2684 poenitentiae:
1788 2645 1862 2684 quia
1886 2644 2078 2676 sacrificium
2108 2643 2180 2676 Deo
