2304 3034
161 180 219 211 137

159 274 232 306 Nisi
250 274 332 313 quod
352 275 384 305 in
404 277 590 305 transcursu
609 271 784 303 notandum
804 275 860 308 est,
879 271 971 311 signo
990 270 1118 302 annecti

160 317 307 348 beneficii
347 316 630 356 praedicationem:
672 314 744 353 quia
786 313 904 352 alioqui
938 312 1054 352 frigida
1087 317 1119 343 et

162 359 284 390 insulsa
307 359 422 389 fuisset
444 358 534 389 actio.
580 357 693 387 Patres
724 365 799 395 ergo
824 355 892 386 vult
914 354 1003 386 Deus
1027 365 1118 394 prae-

163 412 257 433 cones
281 412 349 433 esse
372 400 455 440 apud
479 400 569 436 filios,
593 403 628 429 ut
650 397 877 437 redemptionis
900 398 1038 437 cognitio
1062 407 1119 437 per

161 454 278 475 manus
309 443 426 474 tradita
455 442 486 472 in
518 451 627 472 omnes
663 444 783 471 aetates
825 440 942 479 vigeat.
993 439 1118 470 Nomen

161 493 223 523 Ἓν
249 495 413 526 perperam
437 483 565 524 quidam
588 482 793 522 interpretati
816 488 893 513 sunt
920 492 1015 522 opus,
1044 483 1117 521 quia

162 530 268 569 potius
292 528 429 559 sumitur
453 537 508 566 pro
529 525 630 556 cultu:
662 524 755 555 sicuti
778 524 925 564 plurimis
948 525 1024 555 loeis
1048 525 1117 555 Deo

162 572 283 602 servire
306 569 493 601 tantundem
526 567 630 599 valeat
658 572 753 606 atque
783 567 886 606 ipsum
916 567 1028 598 colere.
1075 567 1118 597 Et

162 624 218 644 nos
242 613 370 653 gallice,
401 610 552 650 quidquid
582 609 621 639 ad
651 609 778 648 pietatis
802 610 954 640 exercitia
977 609 1118 649 pertinet

162 656 326 687 servitium
356 653 418 684 Dei
453 663 610 683 vocamus.
663 651 807 682 Tandem
839 651 966 683 subiicit
997 652 1115 688 Moses,

161 698 316 738 populum
347 696 468 726 solenni
500 694 682 725 adoratione
713 694 890 733 professum
921 705 989 725 esse
1020 694 1116 725 fidem

162 746 192 771 et
216 739 437 771 obedientiam.
482 737 554 768 Hoc
577 736 702 776 quidem
728 737 789 767 iam
813 747 829 766 a
854 737 1010 776 principio
1035 738 1115 767 sece-

161 790 249 819 rnet,
279 781 333 812 sed
363 790 474 820 parum
506 784 704 810 constanter:
740 779 813 818 quia
843 779 937 810 rebus
971 779 1116 810 adversis

161 825 280 856 turbati
303 824 341 854 ab
364 824 465 853 ot'ficio
490 821 700 852 desciverant.
735 821 829 853 Nune
851 832 927 861 ergo
951 823 1117 862 corrigunt

159 867 247 898 illam
269 864 508 906 ingratitudinis
529 864 665 903 culpam.
700 863 776 895 Ideo
798 875 861 895 uon
881 870 1006 895 tantum
1031 865 1115 904 capi-

161 910 201 941 tis
224 917 316 949 gestu
339 907 508 938 declarant.
533 906 588 937 sed
612 917 646 936 re
671 907 739 945 ipsa
763 906 970 947 comprobant
995 908 1115 938 serium

159 962 252 983 suum
284 950 441 981 affectum.
488 949 615 980 Diserte
646 950 730 979 enim
762 950 968 989 exprimitur,
1004 949 1115 981 scdulo

158 994 268 1026 fecisse
291 991 444 1032 quidquid
467 991 657 1022 mandatum
682 998 759 1022 erat.

242 1078 291 1109 29.
315 1077 358 1108 Et
385 1077 501 1116 factum
531 1079 573 1107 est
602 1077 636 1107 in
658 1077 756 1108 medio
779 1077 873 1108 noctis
896 1080 929 1108 ut
949 1080 1116 1115 percuteret

159 1121 269 1152 Iclzova
299 1130 383 1151 omne
415 1119 655 1159 primoyenitnm
680 1120 711 1150 in
734 1122 813 1150 terra
837 1120 984 1159 Aegypti,
1009 1132 1027 1150 a
1046 1121 1117 1159 pri-

157 1164 301 1203 moyenito
335 1162 511 1193 Pharaonis
544 1162 662 1193 sedente
691 1172 786 1201 snper
819 1162 929 1193 solium
958 1163 1040 1198 eins,
1075 1162 1116 1193 acl

150 1205 384 1246 primoyenitzcm
418 1205 532 1243 captivi
559 1205 613 1243 qui
646 1207 712 1235 erat
742 1205 773 1235 in
807 1215 940 1236 carcere:
972 1208 997 1235 et
1031 1215 1116 1236 omne

150 1248 390 1288 prinzoyerzitztm
408 1248 529 1278 bestiae.
564 1247 614 1278 30.
638 1246 781 1278 Surrexit
798 1258 866 1287 eryo
881 1247 1006 1278 Pharao
1025 1250 1114 1283 nocte,

155 1292 220 1330 ipse
242 1294 268 1322 et
290 1301 391 1321 omnes
415 1291 495 1321 servi
519 1291 601 1324 eius,
632 1292 657 1320 et
684 1300 785 1320 omnes
809 1291 968 1329 Aegygslttii:
995 1290 1115 1329 fuitque

156 1334 268 1365 clamor
287 1343 418 1372 maynus
439 1334 467 1363 in
485 1333 628 1372 Aeyypto,
653 1333 799 1371 qnoniam
818 1333 906 1363 nulla
924 1336 990 1364 erat
1007 1333 1115 1363 (lomus

156 1376 208 1407 ubi
242 1386 298 1406 nenv
331 1378 406 1406 esset
439 1378 585 1406 mortuns.
642 1375 692 1405 31.
734 1375 913 1415 Vocaritqne
947 1375 1055 1406 Illosen
1090 1378 1115 1405 ct

156 1418 287 1450 Aharon
310 1420 398 1454 nocte,
421 1421 447 1448 et
470 1418 529 1448 ait:
554 1418 685 1457 Sto-yae,
708 1420 734 1447 et
756 1419 834 1448 exite
852 1428 867 1449 e
889 1419 987 1449 medio
1002 1418 1115 1458 populi

157 1462 215 1492 mei
238 1464 299 1492 tam
324 1471 372 1491 vos
395 1471 486 1499 quam
506 1460 566 1499 filii
590 1460 707 1491 Israel:
738 1461 779 1491 ite
805 1463 831 1491 et
853 1461 962 1491 servite
985 1461 1115 1491 Ieliooae

156 1504 319 1535 secundnm
339 1513 504 1534 sermonem
519 1506 656 1534 restrmn.
686 1503 736 1533 32.
757 1503 865 1534 Etiam
875 1514 980 1544 yreycs
993 1506 1114 1541 vestros,
1141 1529 1142 1548 ζ

157 1547 249 1578 etiam
270 1549 407 1577 armenta
435 1548 534 1576 restra
557 1546 700 1585 accipite,
733 1546 825 1577 sicuti
848 1546 989 1577 dixistis:
1016 1549 1042 1577 et
1065 1547 1113 1582 ite,

157 1599 192 1621 ac
214 1589 374 1620 benedicite
396 1589 485 1619 etiam
504 1588 588 1619 milei.
624 1588 674 1619 33.
695 1588 738 1618 Et
758 1588 942 1620 veliementer
959 1589 1115 1620 instabant

157 1632 302 1672 Aeyyptii
331 1642 402 1671 crya
424 1631 574 1670 populum
601 1634 633 1661 ut
659 1631 842 1671 festinanter
871 1642 920 1663 eos
949 1632 1117 1663 emitterent

157 1685 172 1705 e
189 1677 287 1706 terra.-
305 1675 378 1713 qaia
394 1674 542 1705 dicebant:
566 1674 676 1705 Omnes
687 1675 926 1705 sumusmortni.
957 1675 1007 1705 34.
1031 1675 1118 1706 Tulit

157 1727 225 1757 erqo
253 1717 388 1756 populus
410 1717 649 1755 conspersionem
672 1727 763 1748 snam
791 1720 955 1756 antequam
983 1718 1117 1756 fermen-

158 1762 282 1796 taretur,
306 1759 388 1790 cibos
409 1769 480 1790 suos
502 1760 610 1799 liyatos
634 1760 665 1789 in
690 1759 822 1790 vestibus
845 1760 1118 1799 supernumerarii

157 1813 256 1833 snum.
312 1802 361 1832 35.
402 1801 551 1833 Fecerunt
590 1805 689 1833 antem
722 1803 784 1841 filit
818 1802 921 1834 Israel
952 1803 1118 1834 secundum

158 1855 320 1876 sermonem
352 1843 466 1881 lllosis,
500 1848 533 1875 nt
554 1844 747 1884 postularent
780 1844 816 1875 ab
846 1846 1010 1885 Aeyyptiis
1039 1856 1117 1877 vasa

159 1890 309 1928 arycntea,
334 1890 360 1918 ct
378 1897 453 1918 rasa
472 1898 576 1925 aurea,
599 1890 625 1917 et
642 1890 745 1919 vestes.
780 1888 830 1918 36.
850 1888 893 1918 Et
910 1888 993 1919 dedit
1005 1888 1118 1920 Ielzova

156 1931 292 1970 qratiam
308 1930 424 1970 populo
449 1931 479 1961 in
502 1931 597 1961 centis
616 1930 846 1970 Aeyyptiorum,
869 1934 897 1961 et
918 1932 1119 1962 commodave-

158 1973 301 2003 runteis:
319 1973 826 2013 itaquespoliaveruntAeyyptios.
858 1973 907 2004 37.
928 1973 1118 2013 Profectique

158 2018 228 2047 sunt
269 2015 330 2053 filii
370 2015 472 2046 Israel
510 2026 524 2046 e
565 2015 729 2047 Ramesses
770 2017 800 2047 in
843 2016 951 2047 Sucotlz
998 2017 1119 2047 circiter

159 2061 296 2089 sexcenta
318 2058 420 2088 millia
438 2058 576 2097 peditum
603 2061 629 2089 et
657 2058 786 2098 quidem
816 2059 969 2097 virorum,
995 2062 1119 2098 praeter

155 2100 312 2140 parvulos.
347 2101 396 2132 38.
417 2101 517 2139 Atque
535 2101 624 2132 etiam
643 2101 752 2132 mixtio
774 2102 871 2132 multa
893 2103 1030 2133 ascendit
1051 2112 1119 2133 cum

160 2143 212 2179 eis,
236 2146 261 2174 et
277 2144 409 2182 pecudes
432 2146 456 2174 et
479 2143 574 2181 bovesy
588 2153 684 2182 pecus
702 2144 857 2183 copiosum
874 2145 971 2175 valde.
1006 2145 1057 2176 39.
1078 2144 1120 2175 Et

161 2188 300 2216 coxerunt
328 2187 569 2225 conspersionem
598 2197 692 2225 quam
718 2187 891 2218 ‹wtulerant
912 2197 949 2218 eir
971 2187 1119 2228 Aegypto,

156 2227 316 2266 placentas
343 2229 588 2268 infermentatas,
618 2230 692 2268 quia
718 2239 777 2260 non
800 2232 865 2261 erat
892 2230 1120 2269 fermentatum,

163 2280 193 2300 eo
226 2271 304 2309 quod
338 2272 423 2302 eiecti
454 2271 586 2310 fuissent
615 2282 652 2302 ea:
682 2272 834 2312 Aeyypt0‚
869 2283 920 2303 nce
949 2273 1121 2312 potuissent

162 2313 288 2350 morari,
311 2313 437 2353 ideoque
459 2314 558 2345 eibum
580 2325 639 2345 non
657 2318 849 2354 paraverant
871 2315 939 2346 sibi.

250 2396 299 2427 29.
324 2397 364 2427 Et
393 2399 507 2438 factum
529 2403 572 2430 cst
594 2400 627 2430 in
648 2400 745 2431 medio
768 2400 871 2431 noctis.
916 2400 966 2431 Ne
989 2400 1123 2431 obseura

166 2439 208 2470 sit
236 2439 267 2469 in
300 2439 360 2470 hoc
390 2441 543 2472 miraculo
566 2441 628 2473 Dei
658 2453 774 2473 manus
804 2447 870 2473 tam
902 2443 934 2473 in
962 2443 1122 2474 servando

166 2481 293 2522 populo,
313 2492 408 2520 quam
420 2484 452 2513 in
466 2484 643 2515 exercenda
656 2490 766 2516 contra
779 2486 957 2526 Aegyptios
971 2485 1121 2522 vindicta,

167 2524 235 2554 eius
260 2525 409 2555 virtutem
437 2526 546 2556 multis
569 2527 818 2558 circumstantiis
841 2528 982 2559 illustrat
1005 2529 1123 2559 Moses.

166 2566 249 2597 Nam
274 2572 304 2597 et
328 2567 432 2597 media
455 2574 546 2599 nocte
570 2574 709 2609 stragem
733 2569 851 2601 editam
876 2571 972 2601 fuisse
997 2577 1121 2601 narrat:

167 2609 250 2648 quod
271 2614 396 2648 tempus
416 2620 433 2639 a
446 2610 515 2640 Deo
536 2612 638 2642 fuerat
659 2613 847 2651 praefixum.
879 2613 1005 2644 Deinde
1025 2614 1122 2650 addit,

731 176 1097 209 COMMENTARIUS
1121 176 1169 207 IN
1193 175 1340 207 EXODI
1363 177 1460 208 CAP.
1484 177 1562 208 ΧΠ.

1143 338 1145 348 λ
1170 323 1270 351 usque
1299 313 1337 344 ad
1368 313 1468 344 filium
1500 314 1584 345 servi
1614 313 1668 353 qui
1697 318 1765 344 erat
1794 314 1826 344 in
1862 323 1997 344 carcere.

2067 178 2127 209 138

1170 271 1401 311 primogenitos
1430 281 1541 303 omnes
1572 271 1670 302 fuisse
1700 281 1882 310 percussos,
1906 280 1924 301 a
1947 270 2011 301 filio
2041 271 2128 311 regis

2043 313 2126 344 Nam

1169 356 1362 394 proverbiali
1384 357 1488 396 figura
1510 355 1801 395 contemptissimos
1824 357 1869 387 sic
1892 360 1998 393 vocat,
2028 366 2127 395 quum

1169 397 1257 436 prius
1282 398 1428 429 dixisset:
1449 399 1557 438 Usque
1576 398 1615 429 ad
1634 399 1735 429 filium
1755 398 1889 430 ancillae
1909 408 1989 438 quae
2008 398 2126 429 molam

1170 445 1277 470 versat
1299 441 1331 471 in
1352 441 1494 480 pistrino.
1528 441 1618 472 Fieri
1637 441 1723 472 enim
1742 441 1836 471 aliter
1855 451 1949 480 quam
1969 440 2127 481 singulari

1169 482 1324 513 miraculo
1349 494 1410 514 non
1434 484 1538 523 potuit
1562 488 1596 514 ut
1619 484 1762 523 singulas
1786 483 1894 514 domos
1922 483 1991 514 sine
2010 493 2124 523 excep-

1170 525 1255 555 tione
1279 525 1356 556 haec
1379 525 1484 557 clades
1509 526 1651 557 afficeret
1681 526 1792 557 eadem
1814 525 1909 564 hora,
1936 526 2126 565 praesertim

1169 577 1267 606 quum
1291 568 1329 598 ad
1359 578 1472 607 pecora
1502 579 1602 608 usque
1631 573 1778 609 grassata
1808 569 1858 598 sit.
1904 568 2013 599 Tertio
2041 578 2126 599 com-

1170 614 1334 646 memorat,
1359 621 1423 640 uno
1445 616 1605 642 momento
1629 611 1869 651 expergefactos
1891 611 1990 642 fuisse
2014 621 2126 641 omnes

1170 653 1362 691 Aegyptios,
1394 657 1425 683 et
1454 654 1622 684 manifeste
1653 655 1815 685 convictos
1846 663 1916 684 esse
1948 658 1980 683 ut
2005 653 2127 684 scirent

1168 694 1275 724 Deum
1298 694 1428 726 Israelis
1452 695 1511 726 sibi
1535 707 1602 727 esse
1626 697 1786 727 infestum.
1825 695 1958 734 Quarto,
1983 696 2126 726 Pharao-

1168 747 1241 767 nem
1265 737 1450 777 suppliciter
1472 749 1600 778 rogasse
1621 744 1653 769 ut
1675 739 1780 770 Moses
1803 739 1948 770 celeriter
1972 738 2125 778 populum

1168 779 1331 810 educeret:
1353 781 1415 810 imo
1435 781 1531 811 etiam
1551 782 1732 820 importune
1751 781 1901 821 coegisse.
1931 781 1998 812 Nec
2018 786 2126 811 tamen

1168 821 1261 852 claris
1287 821 1364 853 adeo
1386 829 1417 853 et
1440 823 1548 853 solidis
1579 823 1777 855 documentis
1800 823 1939 854 cohibita
1963 823 2024 853 fuit
2047 834 2125 862 quo-

1168 864 1306 894 rundam
1319 865 1507 904 improbitas
1523 871 1551 896 et
1572 866 1747 905 petulantia
1767 866 1843 906 quin
1863 865 1930 897 suis
1949 865 2124 897 mendaciis

1168 905 1226 937 hoc
1247 907 1453 938 memorabile
1468 908 1527 938 Dei
1547 919 1626 948 opus
1648 908 1781 939 obruere
1805 909 1909 940 conati
1928 908 2000 939 sint.
2037 908 2124 939 Satis

1167 959 1327 989 superque
1341 955 1433 980 notae
1453 955 1527 981 sunt
1545 951 1721 982 calumniae
1740 962 1818 991 quas
1836 952 1954 981 refutat
1966 951 2125 990 Iosephus

1167 997 1276 1022 eontra
1320 993 1498 1032 Appionem
1539 995 1800 1033 grammaticum:
1842 1001 1871 1024 et
1913 999 2046 1033 apparet
2085 1004 2123 1024 ex

1168 1033 1308 1072 Iustino,
1338 1035 1455 1074 passim
1486 1042 1627 1075 receptas
1658 1036 1765 1067 fuisse.
1812 1036 1877 1067 Nec
1908 1046 1982 1067 vero
2006 1036 2123 1066 mirum

1167 1082 1214 1106 est
1229 1076 1387 1108 diabolum
1403 1078 1641 1118 quibuscunque
1655 1080 1756 1118 potuit
1778 1079 1920 1110 artificiis
1941 1078 2125 1109 incubuisse

1168 1124 1201 1149 ut
1233 1120 1339 1150 varias
1374 1120 1497 1151 fabulas
1532 1121 1707 1158 miscendo,
1739 1133 1777 1152 ex
1808 1121 1924 1152 animis
1955 1121 2124 1151 hominum

1168 1161 1288 1192 deleret
1311 1163 1462 1193 ecclesiae
1482 1163 1741 1203 redemptionem.
1777 1163 1841 1195 Sed
1861 1164 1895 1194 in
1918 1163 1978 1194 hoc
2001 1174 2125 1203 quoque

1167 1205 1283 1235 enituit
1295 1205 1481 1236 admirabile
1495 1206 1555 1237 Dei
1568 1207 1745 1243 consilium,
1760 1206 1842 1246 quod
1855 1206 1990 1237 futilitas
2008 1206 2125 1237 harum

1168 1257 1340 1287 nugarum,
1365 1249 1509 1288 quamvis
1529 1260 1621 1279 nemo
1640 1254 1801 1289 coarguat,
1821 1260 1877 1289 per
1896 1259 1929 1279 se
1953 1249 2123 1280 evanescit.

1168 1289 1267 1320 Forte
1302 1301 1364 1321 non
1399 1291 1460 1321 fuit
1494 1292 1637 1330 profanis
1677 1292 1885 1332 scriptoribus
1925 1291 2123 1331 propositum

1170 1332 1307 1367 mentiri,
1322 1344 1420 1372 quum
1437 1333 1565 1364 frivolas
1585 1334 1720 1374 ineptias
1734 1335 1772 1365 de
1786 1334 1913 1365 Iudaeis
1933 1334 2123 1365 retulerunt.

1169 1375 1282 1405 Voluit
1305 1376 1389 1406 enim
1415 1375 1499 1406 haud
1531 1376 1624 1407 dubie
1649 1376 1764 1408 Strabo
1796 1387 1903 1409 veram
1936 1376 1973 1407 de
2001 1376 2125 1416 origine

1169 1418 1419 1449 circumcisionis
1443 1418 1608 1450 historiam
1632 1420 1767 1457 tradere,
1792 1430 1889 1459 quum
1913 1419 2009 1450 stulte
2032 1418 2124 1449 fabu-

1169 1459 1253 1491 latus
1273 1466 1320 1491 cst
1340 1465 1369 1491 et
1392 1461 1460 1491 sinc
1482 1461 1594 1493 colore.
1626 1462 1691 1494 Nec
1711 1473 1784 1493 vero
1799 1462 1968 1493 Cornelius
1981 1461 2123 1498 Tacitus,

1169 1504 1315 1542 quamvis
1340 1504 1480 1544 maligno
1503 1511 1533 1535 et
1556 1505 1715 1536 virulento
1739 1506 1844 1536 animo
1868 1504 2036 1542 scriberet,
2064 1515 2123 1544 pu-

1170 1546 1279 1576 dorem
1304 1557 1395 1577 suum
1421 1547 1494 1577 data
1516 1558 1613 1587 opera
1635 1548 1807 1587 prostituit.
1853 1546 1918 1578 Sed
1942 1557 2039 1586 quum
2064 1546 2123 1578 Sa-

1170 1593 1264 1619 tanae
1295 1589 1434 1629 impulsu
1464 1590 1671 1620 obscurarent
1695 1591 1755 1621 Dei
1785 1590 1938 1630 gloriam,
1972 1590 2124 1620 caecitate

1169 1636 1201 1661 et
1225 1632 1365 1662 amentia
1393 1633 1533 1671 percussi
1563 1639 1653 1669 sunt,
1684 1639 1718 1663 ut
1742 1644 1757 1663 a
1786 1632 1893 1672 pueris
1922 1642 2046 1671 quoque
2071 1632 2125 1662 de-

1168 1674 1325 1713 prehendi
1356 1680 1453 1713 queat
1484 1675 1615 1705 ridicula
1647 1676 1787 1715 ipsorum
1820 1675 1960 1706 vanitas:
1994 1685 2032 1705 ex
2062 1685 2125 1714 qua

1168 1721 1276 1747 ‘tamen
1297 1717 1410 1747 elicere
1431 1717 1584 1756 quasdam
1607 1719 1750 1749 veritatis
1769 1717 1924 1749 scintillas
1942 1717 2027 1748 lieet:
2048 1717 2125 1757 quia

1168 1770 1281 1799 passus
1307 1770 1369 1790 nou
1396 1765 1443 1789 est
1468 1760 1570 1790 Deum
1605 1766 1667 1791 tam
1693 1760 1899 1791 memorabile
1927 1770 2006 1799 opus
2031 1770 2125 1790 suum

1168 1813 1298 1842 prorsus
1320 1803 1493 1843 exstingui,
1514 1804 1604 1834 cuius
1623 1814 1795 1843 praecones
1815 1804 1946 1834 fuerunt
1965 1802 2049 1833 caeci
2068 1802 2125 1840 illi,

1169 1855 1303 1884 quorum
1328 1855 1424 1884 opera
1447 1845 1486 1876 ad
1510 1846 1726 1877 suffocandam
1751 1846 1819 1876 eius
1839 1845 2027 1876 memoriam
2048 1855 2126 1876 usus

1170 1893 1216 1918 est
1241 1886 1394 1918 diabolus.

1253 1930 1303 1960 31.
1332 1930 1510 1970 Vocavitqne
1524 1930 1638 1962 Mosen.
1674 1931 1745 1962 Non
1765 1936 1812 1962 est
1830 1929 2002 1970 probabilis
2014 1940 2125 1961 servos

1170 1972 1232 2003 Dei
1262 1974 1359 2004 fuisse
1390 1975 1558 2004 accersitos
1589 1979 1624 2004 ut
1653 1984 1763 2004 rursus
1797 1974 1947 2003 venirent
1976 1973 2009 2003 in
2040 1972 2125 2013 regis

1170 2020 1391 2055 conspectum:
1416 2016 1471 2047 sed
1493 2027 1532 2047 ex
1556 2016 1768 2056 praedictione
1782 2016 1880 2046 Mosis
1900 2015 2058 2054 petendus
2078 2019 2126 2046 est

1171 2058 1266 2089 huius
1285 2058 1343 2089 loci
1356 2069 1477 2090 sensus.
1502 2059 1641 2090 Vocassc
1654 2060 1752 2099 igitur
1766 2059 1881 2089 dicitur
1895 2058 2021 2088 Pharao
2035 2068 2124 2097 quos,

1172 2101 1277 2131 missis
1312 2101 1424 2132 aulicis
1455 2102 1656 2141 proceribus,
1690 2101 1729 2131 ad
1760 2101 1933 2131 discessum
1963 2099 2124 2140 compulit.

1172 2143 1266 2182 Quod
1290 2144 1386 2174 etiam
1409 2149 1576 2175 contextus
1598 2145 1674 2175 satis
1697 2144 1822 2184 probat:
1846 2144 1919 2182 quia
1941 2143 2035 2182 paulo
2055 2145 2126 2182 post

1171 2186 1353 2222 subiicitur,
1397 2187 1553 2218 violenter
1593 2192 1716 2218 coactos
1757 2186 1853 2216 fuisse
1887 2185 2052 2217 Israelitas
2086 2184 2126 2216 ab

1172 2229 1343 2269 Aegyptiis
1376 2229 1415 2259 ad
1449 2230 1587 2260 subitum
1622 2229 1804 2260 discessum.
1858 2228 2016 2267 Quamvis
2049 2238 2125 2267 ergo

1173 2272 1283 2302 Mosen
1315 2282 1478 2311 nunquam
1514 2272 1629 2303 viderit
1661 2272 1801 2307 Pharao,
1836 2282 1875 2301 ex
1909 2281 1970 2310 quo
2005 2270 2127 2300 malum

1173 2314 1314 2345 minatus
1337 2314 1441 2345 fuerat
1465 2316 1490 2346 si
1515 2326 1625 2346 rursus
1644 2314 1683 2345 ad
1702 2325 1735 2345 sc
1760 2313 1893 2351 Veniret,
1918 2313 1997 2344 nihil
2018 2319 2126 2343 tamen

1174 2357 1304 2388 absurdi
1327 2356 1354 2387 si
1378 2357 1494 2388 dicitur
1516 2358 1554 2388 ad
1574 2368 1607 2388 se
1630 2367 1773 2393 vocasse,
1804 2355 1880 2386 dum
1910 2366 1967 2395 pro
1990 2355 2126 2395 imperio

1173 2410 1246 2430 suos
1271 2410 1416 2439 proceres
1438 2400 1477 2431 ad
1496 2411 1567 2430 eum
1587 2400 1756 2439 ablegavit.
1798 2399 1968 2429 Caeterum
1988 2398 2126 2429 hominis

1175 2442 1263 2473 anxii
1297 2446 1328 2472 et
1357 2443 1473 2482 trepidi
1501 2443 1696 2482 perturbatio
1725 2441 1765 2472 ad
1792 2442 1900 2473 vivum
1934 2441 2127 2481 exprimitur

1175 2484 1226 2515 his
1249 2484 1369 2515 verbis:
1403 2485 1545 2526 Surgite,
1576 2484 1780 2524 egredimini,
1809 2484 1906 2515 ctiam
1931 2493 2002 2521 vos,
2029 2483 2127 2514 etiam

1176 2527 1231 2557 filii
1252 2527 1360 2565 vestri,
1380 2528 1433 2564 ite,
1457 2528 1549 2559 colite
1568 2528 1736 2558 Iehovam:
1761 2527 1857 2557 etiam
1877 2537 1990 2566 pecora
2012 2532 2127 2564 vestra,

1176 2570 1272 2600 etiam
1306 2569 1404 2601 boves
1438 2576 1558 2601 vestros
1592 2570 1738 2609 accipite,
1771 2569 1853 2601 sicut
1886 2568 2008 2608 loquuti
2042 2569 2127 2600 estis.

1176 2612 1287 2653 Neque
1311 2613 1394 2643 enim
1421 2614 1525 2643 minus
1549 2617 1670 2643 attente
1693 2616 1785 2643 cavet
1816 2622 1855 2642 ne
1879 2611 1954 2651 quid
1985 2622 2128 2642 remorae
