2304 3034
87 194 150 225 329

88 289 156 320 eius
184 288 237 326 qui
263 287 426 326 profundit
450 287 572 325 fluxum
593 296 701 322 suum,
730 285 795 315 sive
823 284 864 314 sit
885 283 1051 319 masculus,
1078 306 1079 314 1

88 331 152 363 sive
172 330 298 369 femina,
323 332 349 360 et
368 330 429 360 viri
451 330 505 368 qui
527 329 685 359 dormierit
707 337 775 357 cum
798 325 967 357 immunda.

174 414 203 445 2.
235 412 456 453 Unusquisque,
486 423 581 452 quum
603 422 702 443 semen
731 411 799 441 eius
827 410 941 448 defluet.
987 410 1050 441 Hic

89 457 153 488 alia
173 466 293 496 genera
312 455 621 487 contaminationum
642 454 780 492 attingit,
808 453 840 483 in
861 452 976 492 quibus
1000 463 1050 482 re-

88 500 228 540 quiritur
259 499 399 530 solennis
426 498 583 538 purgatio.
630 498 676 527 Ac
706 495 808 535 primo
840 495 929 526 docet
964 495 1050 525 viros

88 543 188 582 pollui
219 542 350 572 seminis
380 541 487 571 fluxu:
522 540 574 579 qui
608 538 753 569 bifariam
785 537 959 577 contingit,
998 537 1049 568 vel

88 595 186 625 quum
211 595 318 614 semen
339 584 442 622 ipsum
466 581 580 612 ebullit
603 591 659 620 per
678 580 848 615 somnium,
872 580 922 610 vel
951 590 1049 619 quum

88 627 242 668 paulatim
279 626 428 663 distillat,
461 635 500 655 ex
537 624 648 654 morbo
686 623 739 662 qui
771 622 905 653 Graecis
934 622 1050 653 dicitur

87 669 241 710 γονόῤῥοια.
262 669 375 699 Posset
387 667 513 707 quidem
528 666 630 706 aptari
645 665 722 696 haee
735 664 895 705 appendix
910 664 961 706 (ut
970 664 1050 705 dixi)

87 713 126 744 ad
146 713 317 752 septimum
338 716 552 750 praecept-um,
571 708 644 748 quia
661 708 789 738 videtur
809 707 860 737 hic
878 708 982 738 omnis
1001 708 1049 737 in-

87 754 259 794 temperies
280 753 420 783 libidinis
440 751 599 782 damnari:
624 761 738 781 verum
759 750 785 781 si
805 751 934 790 propius
947 755 1050 780 atten-

88 797 209 830 dimus,
240 796 292 826 lex
322 794 482 835 generalis
507 798 555 824 est
578 793 616 823 de
646 792 779 824 colenda
802 794 957 832 puritate,
991 803 1050 823 nec

89 839 129 871 ad
151 839 249 870 solam
274 838 459 878 pudicitiam
488 836 639 875 restringi
671 835 773 866 debet.
819 835 938 865 Fluxio
964 836 1048 865 enim

87 893 129 914 ex
152 882 262 912 morbo
285 887 316 910 et
335 879 513 915 debilitate,
538 879 598 909 nisi
622 884 786 909 contracta
810 879 851 908 sit
872 889 910 908 ex
935 878 1049 908 immo-

88 925 158 955 dico
188 923 316 954 veneris
345 933 421 958 usu,
452 921 533 952 nihil
563 931 735 952 commune
764 920 863 951 habet
885 931 957 951 cum
983 920 1050 950 libi-

89 967 163 998 dine
187 976 332 997 venerea,
376 964 446 994 Iam
477 963 560 1003 quod
591 963 685 1002 paulo
720 968 791 1002 post
814 963 981 993 subiicitur
1011 962 1049 993 de

88 1009 262 1040 menstruis
292 1007 480 1041 mulierum,
511 1005 645 1036 eandem
672 1005 768 1036 habet
792 1006 950 1036 rationem
975 1016 1047 1037 cum

88 1052 160 1082 aliis
182 1051 329 1082 sordibus
353 1054 384 1079 et
407 1048 671 1088 inquinamentis.
709 1047 845 1079 Summa
868 1049 967 1088 igitur
990 1054 1047 1084 est,

88 1095 220 1125 seminis
254 1093 439 1123 eiectionem
475 1092 596 1123 censeri
627 1092 714 1121 inter
743 1091 936 1131 pollutiones
967 1101 1047 1130 quae

86 1137 249 1168 Israelitas
272 1135 424 1166 arcebant
446 1134 485 1165 ab
509 1144 636 1165 accessu
661 1134 867 1171 tabernaculi,
891 1139 924 1164 et
942 1140 1046 1164 exter-

86 1191 128 1210 no
149 1180 206 1210 Dei
232 1178 329 1209 cultu.
374 1177 514 1216 Ideoque
538 1187 665 1216 semper
689 1176 827 1207 tenenda
856 1182 904 1207 est
927 1176 1047 1216 regula,

86 1222 238 1253 vitiosum
272 1230 340 1251 esse
374 1218 528 1259 quidquid
559 1220 597 1250 ab
622 1219 751 1250 homine
781 1219 949 1249 immundo
978 1229 1048 1258 pro-

86 1264 254 1300 ficiscitur,
279 1273 337 1293 nec
360 1272 552 1301 quemquam
576 1272 609 1292 se
632 1268 687 1292 aut
709 1272 766 1292 sua
789 1272 880 1302 posse
892 1262 962 1292 Deo
986 1262 1046 1292 rite

86 1308 209 1342 offerre,
233 1306 295 1336 nisi
318 1305 370 1344 qui
395 1305 503 1335 anima
525 1312 557 1335 et
579 1315 674 1335 earne
702 1315 803 1344 purus
829 1310 878 1335 est
903 1315 939 1335 ac
962 1304 1045 1335 inte-

86 1360 151 1390 ger.
177 1348 279 1380 Sicuti
300 1348 421 1378 Paulus
440 1346 482 1389 (2.
496 1347 568 1378 Cor.
584 1347 610 1382 7,
628 1346 658 1388 1)
678 1348 772 1377 finem
794 1351 825 1378 et
838 1358 931 1377 usum
949 1347 1045 1377 buius

85 1391 302 1423 caeremoniae
321 1390 467 1429 explicat,
489 1390 565 1420 dum
588 1391 735 1420 hortatur
754 1389 864 1420 fideles
878 1396 913 1420 ut
926 1390 1043 1429 recepti

84 1435 118 1465 in
137 1434 328 1474 peculiarem
348 1433 407 1464 Dei
428 1433 580 1472 populum
599 1432 759 1463 mundent
777 1443 810 1463 se
830 1434 868 1462 ab
888 1433 975 1463 omni
995 1434 1044 1462 in-

84 1477 292 1517 quinamento
310 1476 418 1506 carnis
437 1481 469 1506 et
492 1475 633 1515 spiritus.
679 1475 781 1505 Porro
803 1475 1043 1505 immunditiem

84 1520 230 1552 contrahi
254 1519 454 1558 pronunciat,
477 1529 541 1549 non
565 1517 658 1549 modo
681 1529 779 1558 quum
800 1528 909 1548 semen
930 1519 1044 1548 emitti-

84 1566 146 1599 tur,
172 1572 281 1593 verum
306 1561 331 1591 si
352 1567 511 1591 retentum
536 1561 646 1591 fuerit:
671 1571 729 1591 nec
752 1560 915 1591 hominem
936 1561 1045 1600 ipsum

85 1605 177 1636 modo
211 1603 316 1635 reddit
349 1603 568 1640 immundum,
606 1604 660 1634 sed
695 1604 848 1643 quidquid
884 1604 1044 1644 attigerit:

84 1652 122 1678 ut
144 1652 228 1684 sunt,
252 1647 361 1683 lectus,
385 1646 478 1683 sella,
502 1646 690 1686 ephippium
721 1647 803 1686 equi,
834 1647 934 1677 vestis
964 1653 1045 1677 stra-

85 1690 175 1730 gula:
209 1694 244 1720 ut
267 1690 363 1720 etiam
385 1688 426 1720 ad
449 1689 527 1719 alios
551 1690 718 1729 perveniat
744 1689 900 1728 contagio,
924 1689 950 1719 si
974 1689 1045 1728 quis

84 1733 118 1763 in
141 1732 250 1763 eodem
274 1737 374 1763 strato
396 1732 541 1769 iacuerit,
573 1732 621 1762 vel
647 1731 842 1771 equitaverit
863 1742 961 1771 super
984 1731 1045 1762 eis-

85 1776 156 1806 dem
180 1775 348 1815 ephippiis.
390 1775 441 1804 Ita
470 1774 634 1805 horrorem
654 1774 798 1805 incutere
822 1774 924 1805 voluit
946 1773 1046 1807 Deus,

84 1829 146 1858 quo
169 1819 271 1857 magis
295 1822 400 1848 essent
423 1817 551 1848 solliciti
572 1817 611 1848 ad
635 1817 806 1857 fugiendas
827 1816 946 1847 sordes.
981 1817 1046 1847 Ne-

86 1871 146 1901 que
165 1861 249 1891 enim
269 1860 391 1890 crimen
411 1870 468 1899 per
486 1870 519 1890 se
539 1859 726 1890 detestabile
746 1860 867 1895 fuisset,
888 1860 949 1889 nisi
969 1870 1045 1899 qua-

86 1909 179 1934 tenus
213 1903 272 1933 hoc
304 1910 437 1933 externo
472 1903 623 1933 exercitio
659 1903 711 1933 vel
745 1902 887 1941 symbolo
917 1907 1047 1933 ostensa

87 1946 148 1976 fuit
169 1946 344 1985 spiritualis
364 1945 497 1984 puritas.
530 1944 632 1976 Sicuti
656 1945 752 1975 etiam
774 1945 904 1975 Psalmo
927 1945 968 1975 24
992 1956 1046 1975 ve-

87 1989 166 2019 ritas
197 1988 290 2019 huius
320 1989 441 2027 figurae
475 1988 679 2018 describitur:
720 1988 802 2026 Quis
832 1987 983 2018 ascendet
1014 1988 1046 2018 in

88 2035 227 2061 montem
247 2030 408 2061 Iehovae‘?
440 2031 490 2060 vel
511 2032 581 2070 quis
604 2030 782 2069 requiescet
804 2031 835 2060 in
861 2031 1046 2061 sanctuario

90 2073 178 2104 eius?
213 2072 353 2103 Mundus
372 2073 519 2103 manibus
538 2079 570 2103 et
588 2072 728 2103 mundus
748 2073 850 2103 corde.
883 2074 970 2113 Ergo
993 2074 1046 2112 qui

90 2115 123 2145 in
142 2116 271 2146 seminis
289 2116 430 2146 fluxione
453 2116 572 2146 nullius
591 2116 703 2155 culpae
723 2116 781 2146 sibi
802 2116 948 2146 conscius
967 2121 1046 2153 erat,

91 2157 198 2188 debuit
226 2164 332 2188 tamen
363 2159 454 2198 signo
483 2159 538 2189 illo
566 2159 803 2189 eommoncficri
839 2159 877 2188 dc
912 2164 1047 2189 naturae

92 2209 166 2230 suae
184 2201 374 2240 corruptela:
395 2207 426 2231 et
445 2201 540 2231 simul
555 2202 626 2231 alils
638 2211 708 2231 esse
727 2201 885 2240 exemplo.
903 2206 939 2231 ut
952 2212 1045 2232 unus-

93 2242 222 2281 quisque
245 2243 380 2274 disceret
402 2243 512 2274 sedulo
534 2244 592 2274 sibi
617 2253 740 2277 cavere,
762 2245 837 2283 quia
860 2249 962 2274 totum
988 2244 1046 2274 hu-

94 2293 221 2314 manum
245 2295 344 2324 genus
367 2292 499 2325 occupat
522 2286 690 2317 vitiositas.
732 2286 770 2316 In
791 2286 955 2317 ablutione
975 2297 1046 2326 pro-

94 2326 230 2365 positum
247 2327 306 2357 fuit
328 2328 402 2358 mali
422 2329 612 2359 remedium:
637 2329 730 2359 sicuti
757 2336 833 2359 nota
851 2329 1047 2369 ignominiae

94 2367 134 2397 ad
157 2368 381 2406 poenitentiam
404 2371 545 2402 adduxit.
592 2372 674 2402 Eum
695 2372 748 2411 qui
772 2372 842 2402 labe
866 2372 975 2411 aliqua
998 2372 1046 2402 in-

95 2410 196 2440 fectus
218 2418 273 2447 est,
297 2412 447 2450 pudefieri
472 2414 608 2453 expedit,
633 2420 668 2444 ut
691 2415 752 2445 sibi
779 2414 961 2453 displiceat:
991 2414 1045 2444 sed

96 2452 346 2491 desperationem
376 2456 520 2495 gigneret
550 2457 627 2487 mali
648 2457 787 2496 cog-nitio
812 2458 872 2487 nisi
896 2457 1047 2487 adiuncta
1072 2454 1074 2486 ἒ

95 2505 151 2534 spe
171 2495 289 2525 veniae.
313 2496 397 2535 Ergo
417 2508 541 2537 semper
563 2500 602 2529 ad
622 2510 735 2538 aquam
755 2500 886 2530 fuerunt
909 2499 1047 2539 ablegati

97 2537 214 2576 quibus
247 2539 423 2569 necessaria
455 2546 523 2570 erat
556 2542 714 2582 purgatio.
771 2542 905 2580 Quoties
939 2548 1047 2572 autem
1073 2550 1075 2584 g

812 190 997 221 PRIMUM
1022 189 1340 221 PRAEGEPTUM.

97 2581 130 2609 fit
155 2589 253 2618 aquae
276 2581 409 2617 mentio,
439 2583 550 2613 subeat
579 2585 612 2614 in
637 2591 777 2615 mentem
801 2585 880 2615 illud
905 2585 1046 2621 Ioannis,
1073 2590 1075 2606 '

97 2621 262 2652 Christum
282 2622 404 2654 venisse
422 2623 454 2654 in
472 2634 552 2664 aqua
570 2632 602 2657 et
619 2627 775 2667 sanguine
795 2627 834 2658 ad
854 2627 963 2658 sordes
982 2638 1048 2658 om·
1073 2637 1075 2651 ¹

2007 188 2070 220 330

1106 293 1162 312 nes
1181 283 1366 322 purgandas
1385 287 1417 312 et
1435 283 1612 322 expiandas
1632 282 1673 323 (1.
1694 281 1782 312 Ioan.
1803 282 1831 319 5,
1854 281 1895 323 6).
1937 282 2070 313 Praeter

1105 335 1221 363 aquam
1242 325 1370 355 additur
1389 325 1578 356 sacrificium
1599 336 1636 355 ex
1658 324 1849 360 turturibus,
1874 324 1923 355 vel
1945 324 2069 356 duobus

1105 367 1201 406 pullis
1234 368 1466 398 columbarum.
1523 367 1616 406 Quod
1659 368 1769 397 eodem
1812 367 1926 398 referri
1965 367 2068 406 debet,

1105 420 1219 449 nempe
1259 410 1434 440 immundis
1476 409 1606 440 aliunde
1641 409 1812 449 petendam
1846 420 1915 440 esse
1949 420 2066 450 purga-

1104 453 1240 489 tionem,
1274 463 1368 492 quam
1404 452 1532 483 tandem
1567 452 1673 492 adepti
1710 463 1822 483 sumus
1861 451 1983 483 Christi
2016 463 2066 484 sa-

1103 495 1230 525 orificio.

1190 537 1238 567 19.
1264 536 1381 568 Mulier
1402 540 1502 568 autem
1524 547 1618 576 quum
1639 538 1734 577 fuerit
1752 538 1859 575 fluens.
1912 537 2004 568 Nunc
2028 537 2066 569 de

1103 579 1290 610 mulieribus
1315 580 1421 619 agitur
1444 590 1525 619 quae
1545 580 1662 619 duplici
1682 580 1773 610 fluxu
1793 580 1959 619 sanguinis
1978 580 2065 611 labo·-

1104 628 1186 652 rant.
1232 622 1314 652 Nam
1343 623 1492 652 omnibus
1523 623 1586 652 fere
1615 633 1670 661 per
1699 622 1843 662 singulos
1866 633 1994 653 menses
2017 633 2065 653 re-

1103 665 1203 694 currit
1226 664 1324 705 (unde
1344 675 1470 695 meuses
1494 670 1525 695 et
1549 664 1728 705 menstrua)
1751 670 1783 695 et
1806 665 1962 704 quaedam
1989 665 2064 696 hae-

1102 707 1304 737 morrhoidas
1337 708 1515 747 patiuntur,
1551 707 1601 738 vel
1637 709 1824 738 continuum
1859 708 2063 746 profluvium.

1102 749 1266 789 Utrasque
1285 749 1467 780 immundas
1487 760 1554 780 esse
1575 750 1778 789 pronunciat:
1797 760 1833 781 ac
1852 751 2063 782 menstruosis

1102 792 1229 831 quidem
1255 792 1441 832 praefigitur
1464 798 1586 823 eertum
1612 798 1737 832 tempus
1760 792 1980 832 separationis,
2000 803 2063 832 quo

1102 834 1153 865 lex
1178 846 1231 865 eas
1253 835 1382 865 arcebat
1405 845 1423 865 a
1446 844 1619 874 congressu
1644 836 1804 866 virorum:
1828 835 1854 866 si
1878 846 1954 865 vero
1973 846 2063 874 prae—

1102 882 1151 907 ter
1174 888 1296 908 morem
1321 877 1475 907 usitatum
1499 878 1630 917 sanguis
1654 878 1741 916 fluat,
1765 878 1912 908 differtur
1934 882 2063 917 tempus

1102 921 1319 959 purgationis,
1366 930 1529 959 quousque
1568 920 1735 951 destiterit.
1791 920 1885 951 Unde
1919 924 2062 960 apparet,

1102 963 1132 992 in
1157 963 1245 993 omni
1268 973 1303 992 re
1326 962 1474 1002 pudenda
1498 963 1692 1001 propositam
1727 963 1825 993 fuisse
1848 962 1977 994 Iudaeis
2007 962 2062 993 ad-

1101 1005 1312 1036 monitionem
1336 1016 1464 1035 suarum
1489 1005 1646 1036 sordium:
1678 1012 1713 1036 ut
1740 1005 1801 1036 hoc
1830 1006 1924 1036 modo
1948 1005 1986 1036 ad
2010 1016 2062 1037 ve-

1102 1048 1288 1078 recundiam
1333 1054 1595 1083 consuescerent,
1637 1052 1668 1078 et
1712 1047 1880 1078 studerent
1918 1048 2061 1087 puritati.

1102 1090 1195 1129 Quod
1229 1091 1325 1120 etiam
1356 1101 1396 1120 ex
1426 1091 1490 1120 fine
1513 1090 1625 1129 capitis
1648 1091 1766 1121 certius
1789 1096 1885 1130 patet,
1908 1090 1963 1121 ubi
1984 1090 2061 1122 dici-

1101 1139 1169 1163 tur:
1195 1131 1353 1172 separato
1376 1132 1458 1163 filios
1482 1132 1581 1163 Israel
1607 1133 1645 1163 ab
1668 1132 1880 1163 immunditiis
1909 1133 1992 1171 suis,
2021 1144 2061 1164 ne

1100 1176 1297 1210 moriantur,
1354 1176 1378 1206 si
1428 1175 1600 1215 polluerint
1650 1175 1891 1206 tabernaculum
1942 1186 2059 1207 meum.

1100 1218 1265 1255 Breviter,
1296 1219 1443 1257 inquam,
1478 1218 1644 1248 consilium
1674 1229 1768 1248 suum
1800 1219 1887 1248 Deus
1918 1218 2059 1258 exponit,

1100 1267 1135 1291 ut.
1158 1261 1262 1291 omnis
1292 1261 1471 1300 profanatio
1495 1260 1588 1300 longe
1619 1271 1637 1290 a
1667 1261 1783 1300 populo
1805 1261 1954 1291 facessat:
1986 1261 2060 1300 quia

1101 1304 1178 1334 velit
1207 1303 1240 1333 in
1269 1304 1335 1334 suis
1369 1302 1543 1334 cultoribus
1581 1304 1690 1342 vigere
1725 1304 1957 1341 sinceritatem,
2001 1313 2060 1334 nec

1099 1347 1183 1377 ferre
1196 1346 1295 1386 possit
1317 1345 1558 1377 tabernaculum
1577 1356 1670 1376 suum
1695 1345 1760 1376 ulla
1783 1346 1910 1377 macula
1928 1345 2058 1377 foedari.

1371 1515 1432 1546 nx
1458 1514 1589 1546 DEUT.
1613 1514 1735 1546 xxm
1750 1514 1782 1556 ι).

1186 1602 1248 1642 1²).
1275 1601 1346 1632 Nou
1374 1601 1562 1641 ingredietur
1584 1601 1637 1638 qui
1667 1600 1837 1631 contusione
1869 1600 1982 1639 fractos
2003 1603 2058 1631 aut

1099 1645 1248 1676 abscissos
1271 1643 1357 1674 habet
1385 1643 1548 1677 testiculos,
1578 1643 1612 1673 in
1641 1642 1898 1682 conyreyationem
1928 1642 2057 1674 Iehovae

1099 1688 1128 1719 2.
1154 1687 1227 1718 Nou
1251 1686 1440 1726 inyredz'etur
1467 1686 1598 1724 spurius
1625 1686 1883 1725 congyreyatiouem
1914 1684 2057 1716 Ielzovae:

1099 1731 1191 1761 etiam
1213 1729 1404 1769 yeneratione
1425 1729 1541 1760 decima
1564 1738 1623 1759 non
1645 1728 1831 1767 inyredielur
1857 1728 2058 1768 conyreyatio-

1099 1783 1165 1805 uem
1190 1773 1327 1803 Ielmvae.

1187 1859 1213 1888 1.
1240 1857 1310 1888 Non
1331 1856 1524 1896 ivzyredz'etur.
1554 1854 1646 1893 Quod
1671 1855 1708 1885 de
1732 1855 1855 1885 mutilis
1879 1860 1909 1885 et
1931 1855 2060 1897 illegiti-

1099 1902 1161 1932 mis
1180 1901 1232 1931 hie
1251 1899 1403 1935 traditur,
1431 1898 1470 1929 ad
1496 1898 1632 1929 eundem
1658 1898 1752 1928 finem
1773 1902 1907 1937 spectat:
1933 1909 1973 1929 ne
1996 1899 2058 1930 Dei

1100 1944 1233 1975 ecclesia
1262 1942 1410 1982 turpibus
1440 1941 1572 1971 maculis
1603 1941 1856 1975 contaminetur,
1888 1945 1982 1980 atque
2013 1942 2059 1972 ita

1101 1987 1314 2018 reverentiam
1355 1985 1445 2015 suani
1482 1983 1610 2013 amittat
1645 1983 1767 2023 religio.
1827 1982 1900 2013 Duo
1940 1994 2058 2023 genera

1100 2030 1265 2060 hominum
1291 2028 1393 2057 reiicit
1417 2027 1523 2057 Moses
1547 2037 1564 2055 a
1587 2031 1680 2056 coetu
1710 2025 1871 2061 fidelium,
1903 2032 2058 2057 castratos

1100 2073 1228 2109 scilicet,
1251 2070 1365 2100 deinde
1388 2070 1520 2108 spurios.
1567 2067 1630 2098 Sed
1664 2076 1834 2106 antequam
1865 2068 1903 2098 de
1933 2080 1967 2099 re
1989 2070 2059 2108 ipsa

1099 2120 1285 2150 tractemus,
1305 2112 1442 2143 tenenda
1461 2116 1509 2141 est
1532 2121 1642 2141 vocum
1662 2110 1813 2141 definitio.
1838 2111 1948 2141 Prima
1966 2122 2060 2150 quae-

1100 2159 1161 2188 stio
1184 2162 1241 2193 cst,
1264 2156 1338 2195 quid
1363 2156 1405 2185 sit
1427 2154 1549 2194 ingredi
1574 2154 1604 2183 in
1629 2153 1923 2192 congregationem:
1947 2153 2057 2191 altera,

1100 2200 1175 2240 quid
1199 2200 1240 2230 sit
1263 2199 1441 2230 confractos
1461 2196 1577 2226 habere
1600 2195 1779 2226 testiculos:
1803 2196 1907 2232 tertia,
1927 2197 2058 2235 quinam

1101 2249 1215 2276 D’ffmm
1235 2252 1314 2281 quos
1334 2240 1490 2271 vertimus
1508 2238 1641 2278 spurios.
1676 2237 1774 2268 Multi
1797 2244 1963 2277 exponunt
1984 2249 2058 2278 pro-

1101 2286 1204 2316 hiberi
1235 2284 1274 2314 ab
1302 2282 1435 2314 ecclesia
1462 2287 1627 2321 utrosque,
1659 2291 1699 2310 ne
1733 2280 1896 2319 publicum
1929 2280 2059 2320 aliquod

1101 2338 1219 2359 munus
1242 2331 1424 2366 capessant:
1448 2324 1510 2360 alii,
1537 2334 1575 2353 ne
1599 2333 1715 2353 uxores
1737 2322 1855 2353 ducant
1875 2333 1913 2353 ex
1937 2324 2059 2354 semine

1101 2370 1269 2401 Abrahae:
1293 2369 1367 2408 quia
1389 2378 1488 2406 neque¹
1513 2366 1681 2396 honestum
1707 2371 1790 2396 esset
1813 2376 1866 2396 eas
1890 2367 2059 2397 mamzeris

1099 2413 1265 2453 prostitui,
1304 2417 1336 2442 et
1371 2409 1564 2441 effeminatis
1603 2407 1723 2438 nubere
1760 2407 1935 2438 absurdum
1974 2412 2059 2440 esset

1098 2466 1179 2496 quae
1203 2454 1242 2485 ad
1262 2451 1538 2492 multiplicandum
1560 2450 1621 2481 Dei
1641 2450 1792 2490 populum
1812 2456 1936 2481 creatae
1956 2455 2057 2482 erant.

1100 2498 1165 2530 Sed
1196 2497 1276 2528 mihi
1311 2502 1442 2535 utraque
1474 2493 1634 2525 sententia
1657 2493 1774 2532 frigida
1798 2493 1930 2524 videtur.
1975 2493 2058 2524 Nam

1186 2600 1213 2630 1)
1232 2599 1354 2658 gamm?
1375 2598 1446 2656 {ines
1459 2596 1502 2628 qui
1522 2596 1646 2621 excluent
1668 2596 1705 2620 les
1724 2595 1843 2620 hommes
1854 2595 1889 2619 du
1899 2595 2059 2620 tabernaele.

1186 2634 1213 2667 2)
1259 2634 1314 2658 ebr.
1335 2649 1357 2663 u,
1396 2651 1400 2655 .
