2304 3034
183 209 243 240 501

267 303 295 333 ⁶2.
331 302 465 341 Loquere
486 300 526 332 ad
550 298 684 329 Aharon.
733 296 867 328 Summa
895 297 976 337 legis
1005 303 1068 336 est,
1099 308 1139 328 ne

182 345 330 377 sacerdos
361 344 486 384 saepius
519 340 715 381 ingrediatur
743 340 879 370 interius
910 341 1139 377 sanctuarium,
1165 378 1167 382 ‚

182 388 238 419 sed
260 391 385 418 tantum
404 384 501 416 semel
520 383 698 423 quotannis,
719 392 832 421 nempe
852 382 930 412 festo
949 382 1140 422 expiationis
1166 386 1167 389 ’

183 431 235 462 die
262 440 370 461 mense
393 425 584 467 Septembri.
629 424 724 463 Quod
754 424 825 454 ideo
856 425 974 455 factum
1003 431 1068 463 cst,
1099 436 1139 455 ne

182 475 346 514 ingressus
369 468 561 510 frequentior
582 467 767 498 vilesceret:
799 477 874 497 nam
905 467 932 497 si
959 468 1140 507 promiscue

181 517 214 548 in
238 514 384 546 omnibus
403 510 564 543 sacrificiis
582 516 665 540 esset
684 509 857 549 ingressus.
883 519 944 540 non
965 519 1078 549 parum
1102 509 1141 540 de

182 557 362 590 reverentia
386 554 560 585 detractum
584 557 675 582 esset.
711 551 799 582 Satis
822 551 862 582 ad
886 551 1066 582 testandam
1091 563 1139 583 re—

182 599 434 632 conciliationem
454 594 577 626 valebat
592 594 755 624 ordinaria
773 594 884 625 altaris
903 595 1060 633 aspersio:
1082 605 1139 625 an-
1164 605 1166 610 ·

182 654 266 674 nnus
295 647 400 672 autem
425 638 476 669 hic
504 637 586 666 ritus
614 637 716 676 magis
740 637 883 676 erigebat
911 637 1021 676 populi
1050 647 1138 668 men—

182 690 240 717 tes.
285 681 409 715 Deinde
432 678 604 716 sacrificio,
634 678 718 718 quod
743 679 840 709 semel
868 684 994 710 tantum
1018 681 1051 710 in
1075 680 1139 710 fine

181 728 258 760 anni
279 724 457 761 cernebant,
479 721 598 753 ‘clarius
622 727 899 761 repraesentatum
923 722 983 752 fuit
1006 722 1138 754 unicum
1164 760 1165 765 1

181 775 214 802 et
239 772 426 809 perpetuum
460 763 543 803 quod
577 763 693 794 obtulit
722 764 806 795 filius
838 764 909 794 Dei.
954 764 1068 803 Itaque
1099 764 1138 795 ad

181 813 264 844 hanc
291 807 522 841 caeremoniam
561 807 717 837 concinne
758 806 872 837 alludit
907 807 1071 846 apostolus
1106 807 1139 837 in

181 853 314 895 epistola
335 850 373 882 ad
397 849 562 880 Hebraeos
591 848 632 889 (9,
657 848 674 879 8
699 854 730 878 ct
756 849 803 885 10,
830 848 896 889 13):
928 849 980 880 ubi
1011 848 1138 885 dicitur,
1164 850 1165 858 ¹

180 893 396 929 anniversario
428 891 600 923 sacerdotis
633 891 782 931 ingressu
811 891 960 931 spiritum
991 897 1138 923 sanctum

182 939 332 973 docuisse,
351 934 502 975 quamdiu
518 935 606 964 stetit
618 934 709 973 prius
723 934 975 969 tabernaculum,
994 935 1138 965 nondum

180 980 368 1022 patefactam
398 976 494 1007 fuisse
525 980 708 1007 sanctorum
743 977 843 1007 viam:
879 982 910 1007 et
940 977 1035 1016 paulo
1067 982 1138 1016 post

181 1022 275 1060 addit,
297 1024 463 1061 postquam
495 1019 642 1058 apparuit
672 1018 823 1049 Christus
858 1030 954 1050 verus
984 1020 1138 1059 pontifex,

179 1064 276 1098 semel
303 1064 483 1103 ingressum
513 1061 610 1092 fuisse
638 1061 670 1091 in
701 1066 829 1097 sancta,
865 1061 940 1101 quia
973 1067 1137 1093 aeternam

178 1106 428 1146 redemptionem
462 1103 596 1143 adeptus
629 1108 687 1134 est.
743 1103 795 1134 Ita
829 1114 934 1135 annus
968 1105 1001 1135 in
1037 1105 1137 1135 veteri

177 1152 296 1191 figura,
327 1147 439 1178 unicae
463 1146 631 1177 oblationis
655 1145 715 1176 fuit
742 1145 940 1186 symbolum,
961 1152 996 1177 ut
1019 1147 1138 1177 intelli-

177 1196 290 1233 gerent
322 1189 432 1221 fideles
467 1199 530 1219 non
563 1188 746 1219 iterandum
776 1199 844 1219 esse
877 1190 1005 1229 saepius·
1041 1191 1137 1220 sacri-

177 1235 302 1270 ficium,
334 1243 394 1272 quo
425 1231 601 1271 placandus
627 1236 696 1261 erat
726 1231 823 1262 Deus.

177 1276 301 1308 timoris
313 1274 404 1306 Deus
422 1274 567 1311 incutiat,
591 1278 622 1304 et
642 1273 847 1305 securitatem
868 1275 1009 1306 excutiat
1033 1285 1137 1306 sacer·

178 1319 313 1355 dotibus,
336 1323 564 1349 commemorat
587 1326 678 1347 suam
698 1315 833 1356 gloriam
857 1317 891 1347 in
912 1317 993 1347 nube
1013 1319 1138 1358 conspi-

178 1372 270 1393 cuam
300 1360 366 1392 fore
396 1360 429 1390 in
452 1364 544 1399 parte
574 1359 765 1396 sanctuarii,
790 1358 843 1389 ubi
870 1364 939 1390 erat
957 1361 1139 1400 propitiato-

177 1405 271 1435 rium.
333 1402 459 1435 Scimus
497 1401 582 1432 enim
623 1402 752 1441 signum
795 1401 885 1433 illinc
921 1401 1030 1433 datum
1071 1413 1139 1434 esse

176 1446 340 1483 Israelitis,
363 1444 490 1484 quando
513 1443 670 1475 movenda
693 1450 800 1474 essent
819 1449 934 1482 castra,
957 1445 1008 1475 vel
1027 1456 1138 1485 quam-

177 1489 231 1520 diu
253 1488 404 1520 standum
427 1492 511 1518 esset
534 1487 565 1517 in
590 1497 655 1517 uno
679 1487 755 1518 loco.
801 1486 886 1517 Illud
910 1496 1016 1518 autem
1047 1499 1138 1528 prae-

177 1531 300 1563 sentiae
323 1531 384 1562 Dei
408 1530 628 1561 testimonium
653 1530 768 1560 merito
796 1529 978 1561 sacerdotes
1008 1530 1047 1561 ad
1072 1541 1138 1561 ma-

176 1574 276 1605 iorem
302 1583 411 1605 curam
443 1577 475 1603 et
504 1572 713 1602 attentionem
745 1572 868 1612 erigere
899 1572 1023 1603 debuit:
1056 1572 1139 1604 unde

178 1627 264 1648 nunc
285 1626 408 1656 quoque
428 1614 614 1646 discendum
635 1620 692 1649 est,
716 1625 778 1654 quo
798 1615 928 1655 propius
948 1626 981 1646 se
1000 1615 1139 1646 ostendit
1164 1611 1167 1644 ἵ

178 1659 240 1691 Dei
263 1659 423 1695 maiestas,
447 1668 483 1688 eo
506 1658 608 1697 magis
631 1657 765 1688 sollicite
792 1657 971 1689 cavendum
996 1668 1073 1694 esse,
1099 1669 1139 1689 ne

178 1701 261 1742 quod
280 1703 410 1742 signum
428 1705 629 1740 contemptus
648 1700 760 1730 demus
782 1706 891 1731 nostra
910 1701 1138 1741 incogitantia:
1164 1706 1166 1731 ἐ

178 1744 234 1775 sed
252 1754 314 1783 qua
334 1744 423 1774 decet
443 1742 624 1774 humilitate
644 1749 675 1773 et
697 1742 866 1781 modestia,
891 1743 1138 1774 submissionem

179 1791 323 1818 nostram
346 1792 508 1817 testemur.

264 1828 291 1860 3.
333 1828 410 1860 Cum
442 1828 494 1859 hoc
526 1828 715 1868 ingredietur
747 1827 877 1858 Alearon
915 1829 1137 1859 sanctuarimn„

180 1871 273 1907 Nunc
295 1872 377 1902 ritus
400 1876 430 1902 et
454 1871 557 1901 forma
580 1870 788 1908 describitur,
811 1870 915 1910 primo
945 1876 980 1900 ut
1003 1871 1137 1902 Aharon

181 1924 286 1945 sacras
308 1919 413 1945 vestes
443 1912 566 1950 induat,
599 1918 630 1943 ct
659 1912 770 1943 abluat
799 1923 927 1952 corpus:
959 1913 1073 1944 deinde
1103 1920 1138 1944 ut

181 1955 353 1988 iuvencum
377 1963 405 1986 et
431 1956 562 1986 arietem
587 1955 621 1988 in
641 1955 863 1986 holocaustum
883 1956 1013 1986 offerat:
1045 1957 1137 1987 tertio

182 2005 218 2029 ut
247 1998 324 2030 duos
356 1999 463 2030 hircos
497 1998 633 2037 accipiat
665 2008 682 2028 a
715 1997 849 2038 populo,
884 2009 1019 2038 quorum
1056 2010 1138 2030 unus

179 2041 273 2073 vivus
302 2043 480 2079 emittatur,
511 2040 591 2071 alter
624 2050 702 2071 vero
734 2046 891 2071 mactetur
924 2042 957 2071 in
988 2041 1136 2072 hostiam.

180 2083 330 2115 Diximus
349 2089 455 2115 autem
474 2083 550 2114 alibi
568 2094 625 2114 cur
641 2083 702 2114 alio
722 2094 817 2123 quam
837 2084 999 2114 communi
1018 2085 1136 2115 vestitu

181 2126 313 2157 ornandi
335 2126 458 2157 fuerint
480 2125 675 2157 sacerdotes:
704 2126 757 2166 qui
787 2126 873 2156 enim
903 2126 1061 2157 mediator
1090 2132 1136 2158 est

181 2167 243 2199 Dei
265 2173 297 2200 et
313 2169 488 2206 hominum,
513 2169 601 2199 omni
624 2168 716 2200 sorde
735 2174 767 2199 et
787 2169 912 2199 macula
930 2179 1045 2208 purum
1068 2179 1137 2200 esse

182 2215 314 2249 oportet.
358 2211 428 2242 Hoc
458 2222 557 2251 quum
584 2211 693 2242 nullus
726 2211 911 2241 mortalium
941 2222 1015 2241 vere
1044 2222 1135 2252 prae—

183 2256 266 2283 stare
289 2258 396 2293 queat,
420 2254 524 2294 figura
544 2254 611 2285 loco
641 2254 686 2284 rei
715 2255 881 2294 supposita
904 2253 979 2291 fuit,
1011 2264 1049 2284 ex
1074 2265 1137 2294 qua

183 2293 340 2326 discerent
360 2295 476 2334 fideles,
500 2296 598 2327 alium
617 2307 686 2327 esse
704 2295 958 2335 exspectandum
980 2296 1137 2328 mediato-

183 2347 265 2374 rem,
289 2338 362 2377 quia
387 2339 420 2368 in
450 2339 523 2370 filiis
546 2339 678 2370 Aharon
709 2345 834 2369 tantum
859 2338 1040 2370 umbratilis
1067 2345 1137 2370 erat

183 2377 339 2419 dignitas,
366 2390 426 2411 non
449 2386 554 2412 autem
578 2392 654 2412 vera
677 2387 708 2412 et
730 2381 840 2412 solida.

183 2465 342 2494 communi
361 2471 521 2504 separatas
544 2467 706 2504 sumebat,
733 2466 866 2507 perinde
889 2466 948 2496 fuit
971 2477 1006 2498 ac
1029 2467 1056 2497 si
1080 2478 1135 2507 pa-

184 2506 247 2536 lam
277 2511 426 2537 testatum
456 2508 572 2540 faceret
596 2510 730 2541 alienam
762 2520 794 2540 se
821 2520 991 2549 personam
1013 2520 1136 2549 gerere.

184 2547 278 2587 Quod
301 2549 327 2579 si
347 2548 378 2578 id
402 2550 576 2588 symbolum
600 2563 664 2583 non
688 2551 859 2589 sufficeret,
882 2551 1001 2583 ablutio
1025 2563 1135 2584 rursus

184 2589 305 2628 docuit,
334 2592 493 2623 neminem
523 2604 563 2624 ex
592 2595 664 2626 filiis
699 2594 832 2625 Aharon
861 2594 1040 2635 legitimum
1067 2605 1136 2626 esse

183 2633 430 2672 propitiatorem.
481 2634 647 2674 Quomodo
674 2638 758 2668 enim
786 2637 864 2668 alios
888 2642 1058 2677 purgasset
1083 2638 1135 2677 qui

886 2380 1022 2420 Quoties
1051 2384 1135 2413 enim
1160 2376 1163 2410 l

183 2422 250 2452 suis
281 2422 420 2453 vest-ibus
449 2431 564 2455 exutus
594 2424 754 2462 sacerdos,
788 2429 913 2455 sanctas
943 2428 974 2454 et
1005 2423 1044 2454 ab
1074 2435 1135 2456 usu
1160 2433 1162 2444 ‘r

869 203 1119 236 SECUNDUM
1142 207 1459 238 PRAECEPTUM.

870 1232 938 1262 Iam
974 1243 1035 1272 quo
1066 1233 1137 1272 plns
1163 1265 1165 1275 x

2080 208 2143 238 502

1192 300 1384 339 purgatione
1407 299 1520 339 egebat
1542 300 1618 339 ipse,
1643 309 1798 338 suamquc
1821 299 2060 330 immunditiam
2082 311 2153 339 pro-

1191 341 1362 372 fitebatur?
1394 342 1540 372 Tertium
1559 351 1681 381 quoque
1701 341 1882 381 symbolum
1903 343 2051 373 accessit:
2075 353 2152 374 nam

1191 384 1244 423 qui
1269 385 1395 423 proprio
1419 385 1574 415 sacrificio
1604 395 1637 414 se
1662 390 1694 414 et
1724 383 1852 413 domum
1885 384 2048 423 expiabat,
2072 395 2151 424 quo-

1191 425 1284 456 modo
1313 427 1352 457 ad
1383 426 1628 466 promerendum
1652 426 1722 456 aliis
1754 426 1815 456 Dei
1845 426 1988 456 favorem
2017 426 2151 458 idoneus

1191 468 1325 499 fuisset?
1360 469 1447 509 Ergo
1481 469 1527 500 ita
1561 469 1714 499 admoniti
1746 468 1877 498 fuerunt
1907 469 2007 499 sancti
2031 475 2149 508 patres,

1190 511 1249 541 sub
1279 512 1418 552 imagine
1449 512 1588 543 hominis
1620 510 1763 541 mortalis
1794 511 1935 550 promitti
1961 511 2059 542 alium
2085 522 2152 543 me-

1191 551 1356 590 diatorem,
1375 554 1428 593 qui
1448 553 1488 584 ad
1507 554 1778 585 reconciliandum
1797 563 1898 593 genus
1918 553 2094 584 humanum
2116 565 2151 585 se

1191 605 1297 626 coram
1317 597 1386 627 Deo
1410 597 1537 627 sisteret
1559 607 1631 627 eum
1650 596 1790 635 perfecta
1813 600 1845 626 et
1872 595 1945 634 plus
1968 606 2064 635 quam
2094 607 2151 627 an-

1191 638 1290 677 gelica
1312 639 1462 678 puritate.
1506 639 1552 669 Ad
1576 640 1662 675 haec,
1686 639 1719 669 in
1742 648 1878 678 persona
1898 639 2071 669 sacerdotis
2095 650 2150 670 ex-

1191 680 1329 711 hibitum
1353 681 1467 720 populo
1498 681 1559 712 fuit
1589 682 1806 721 spectaculum
1832 681 2062 719 corruptionis,
2088 691 2151 720 qua

1191 723 1394 761 inquinatum
1418 730 1465 754 est
1492 729 1591 754 totum
1618 724 1796 754 humanum
1827 733 1945 763 genus,
1978 730 2012 753 ut
2042 734 2149 754 coram

1191 764 1262 795 Deo
1295 766 1419 796 foeteat.
1464 766 1548 796 Nam
1582 767 1607 796 si
1637 765 1784 797 sacerdos
1813 771 1845 795 et
1874 776 1891 795 a
1920 766 1988 796 Deo
2020 765 2148 802 electus,

1191 815 1221 837 et
1245 818 1334 838 sacra
1355 809 1503 839 unctione
1525 808 1704 848 praeditus,
1735 814 1842 838 tamen
1873 808 1912 838 ob
1943 818 2016 838 suas
2039 808 2149 839 sordes

1191 849 1345 889 indiguus
1368 858 1436 881 erat
1464 851 1517 890 qui
1545 851 1583 881 ad
1608 851 1708 882 altare
1730 850 1904 886 accederet,
1935 861 2092 890 quaenam
2117 851 2150 881 in

1191 892 1287 932 vulgo
1320 900 1446 931 reperta
1474 893 1587 923 fuisset
1616 893 1776 933 dignitas?
1822 892 1927 932 Atque
1957 893 2033 924 hinc
2054 892 2148 924 hodie

1191 945 1315 974 quoque
1339 934 1378 965 ad
1403 946 1460 966 nos
1484 941 1593 966 manat
1621 935 1712 966 valde
1737 935 1824 966 utilis
1847 935 2009 972 doctrina,
2032 936 2087 966 ubi
2111 935 2149 966 de

1190 977 1392 1017 propitiando
1418 978 1485 1008 Deo
1516 979 1638 1018 agitur,
1663 988 1724 1008 non
1747 989 1815 1008 esse
1840 977 1902 1008 huc
1923 978 1973 1008 vel
1997 977 2071 1008 illuc
2095 979 2154 1009 cir-

1191 1020 1479 1059 cumspiciendum:
1501 1021 1574 1060 quia
1593 1026 1683 1051 extra
1696 1021 1863 1051 Christum
1885 1020 1973 1050 nulla
1992 1024 2042 1050 est
2060 1031 2152 1051 mun—

1191 1062 1294 1097 dities,
1319 1068 1348 1092 et
1373 1063 1555 1093 innocentia
1579 1074 1658 1102 quae
1682 1063 1740 1093 Dei
1765 1062 1882 1093 iudicio
1901 1063 2098 1102 respoudeat.

1277 1105 1303 1135 7.
1341 1104 1450 1136 Postea
1472 1106 1571 1144 capiet
1593 1106 1667 1136 daos
1690 1105 1796 1136 hircos.
1832 1105 1962 1144 Duplex
1986 1105 2037 1136 hic
2061 1106 2158 1147 poni--

1190 1153 1242 1178 tur
1266 1148 1456 1187 expiationis
1479 1148 1595 1178 forma:
1629 1158 1702 1178 nam
1726 1158 1765 1178 ex
1789 1147 1910 1178 duobus
1942 1147 2041 1178 hircis
2072 1147 2153 1178 alter

1180 1187 1279 1221 ‘more
1302 1190 1397 1230 legali
1421 1190 1543 1221 oblatus
1568 1190 1625 1220 fuit
1649 1190 1680 1220 in
1705 1190 1878 1226 victimam,
1903 1189 1985 1220 alter
2008 1190 2151 1229 emissus,

1190 1240 1226 1263 ut
1239 1238 1320 1264 esset
1334 1231 1475 1272 κάθαρμα
1490 1233 1706 1273 γεῑπερίψημα.
1721 1232 1897 1272 Utriusque
1910 1237 2016 1262 autom
2030 1233 2153 1272 figurae

1192 1275 1312 1306 veritas
1336 1276 1367 1305 in
1393 1275 1523 1306 Christo
1546 1275 1605 1305 fuit
1626 1275 1784 1311 exhibita,
1816 1275 1889 1314 quia
1910 1280 1940 1305 et
1965 1286 2067 1313 agnus
2093 1275 2154 1306 Dei

1191 1318 1251 1348 fuit
1275 1318 1377 1359 (cuius
1402 1317 1576 1348 immolatio
1600 1317 1717 1348 delevit
1741 1325 1867 1356 pet-vata
1898 1316 2025 1358 mundi)
2049 1322 2096 1355 ct,
2118 1322 2153 1348 ut

1191 1363 1334 1399 κάθαρμα
1347 1365 1437 1397 esset,
1462 1361 1639 1391 exstinctus
1657 1360 1713 1389 fuit
1736 1360 1766 1389 in
1788 1370 1824 1390 eo
1844 1360 1946 1395 decor,
1967 1365 1997 1390 ct
2017 1360 2153 1391 reiectus

1193 1403 1250 1433 fuit
1273 1404 1311 1433 ab
1336 1403 1528 1434 hominibus.
1574 1403 1685 1433 Posset
1705 1403 1832 1441 quidem
1856 1402 1964 1432 afferri
1984 1402 2086 1442 magis
2105 1413 2153 1432 ar-

1193 1452 1271 1485 guta
1293 1446 1483 1486 speculatio,
1511 1456 1624 1485 nempe
1651 1454 1818 1484 postquam
1842 1444 1966 1475 oblatus
1991 1449 2060 1475 erat
2086 1445 2152 1475 hir-

1192 1498 1265 1526 cus,
1289 1489 1490 1519 omissionem
1516 1489 1582 1518 eius
1617 1488 1713 1518 fuisse
1749 1487 1991 1518 resurrectionis
2025 1487 2149 1518 Christi

1193 1531 1343 1571 figuram:
1376 1540 1412 1562 ac
1437 1532 1463 1562 si
1486 1531 1662 1561 immolatio
1686 1531 1781 1560 unius
1802 1529 1881 1560 hirci
1912 1536 2027 1560 testata
2057 1534 2152 1566 esset,

1164 1575 1167 1610 ξ
1191 1574 1224 1603 in
1248 1580 1350 1604 morte
1374 1573 1495 1604 Christi
1529 1572 1780 1604 satisfactionem
1804 1582 1860 1611 pro
1891 1572 2029 1611 peccatis
2059 1583 2152 1612 quae-

1192 1615 1324 1646 rendam
1348 1625 1433 1647 esse:
1458 1615 1592 1646 alterius
1611 1623 1717 1645 autem
1738 1615 1803 1645 vita
1824 1622 1853 1644 et
1874 1613 2031 1645 discessus
2049 1620 2151 1646 osten-

1192 1657 1306 1694 disset,
1335 1658 1500 1688 Christum
1532 1669 1571 1689 ex
1595 1668 1656 1697 quo
1686 1668 1743 1697 pro
1773 1657 1910 1696 peccatis
1938 1657 2062 1688 oblatus
2093 1662 2150 1695 est,

1192 1708 1220 1731 et
1246 1701 1502 1732 maledictionem
1527 1701 1694 1731 hominum
1720 1700 1881 1735 sustinuit,
1908 1699 2019 1729 vivum
2043 1705 2150 1730 tamen

1190 1754 1321 1774 manere
1342 1750 1374 1775 et
1399 1743 1615 1783 superstitem.
1662 1743 1730 1782 Ego
1759 1752 1832 1772 vero
1860 1741 1941 1781 quod
1973 1741 2150 1782 simplicius

1191 1792 1239 1817 est
1261 1792 1291 1817 et
1314 1786 1432 1818 certius
1458 1786 1641 1826 amplector,
1666 1796 1763 1824 coque
1783 1795 1852 1815 sum
1876 1790 2060 1815 contentus:
2085 1784 2151 1815 hir-

1190 1838 1262 1859 cum
1286 1830 1339 1868 qui
1366 1830 1459 1860 vivus
1486 1834 1516 1859 et
1546 1828 1626 1859 liber
1653 1827 1777 1864 abibat,
1801 1827 1870 1857 vice
1900 1826 2017 1866 piaculi
2042 1827 2149 1864 fuisse,

1190 1876 1225 1902 ut
1249 1882 1289 1902 ex
1314 1871 1400 1902 illius
1426 1871 1566 1902 discessu
1592 1878 1622 1901 et
1645 1870 1723 1910 fuga
1752 1870 1866 1900 certior
1896 1870 1986 1899 fieret
2014 1869 2150 1909 populus

1189 1918 1317 1954 peccata
1350 1924 1407 1945 sua
1439 1914 1548 1953 procul
1584 1913 1694 1944 abacta
1727 1912 1902 1943 evanuisse.
1950 1913 2054 1951 Atque
2089 1912 2148 1943 hoc

1188 1957 1291 1988 solum
1327 1957 1359 1987 in
1395 1957 1463 1996 lege
1498 1956 1557 1987 fuit
1598 1955 1759 1995 piaculare
1798 1954 1987 1985 sacrificium
2029 1953 2148 1994 absque

1189 2000 1355 2039 sanguine.
1401 1999 1512 2038 Neque
1540 1998 1571 2028 id
1605 1997 1737 2037 apostoli
1765 1997 1943 2028 sententiae
1969 2002 2147 2036 repugnat:

1189 2052 1262 2072 nam
1287 2052 1383 2081 quum
1408 2041 1489 2072 hirci
1510 2041 1570 2071 duo
1589 2040 1784 2071 coniunctim
1805 2039 1901 2070 oblati
1922 2039 2049 2077 fuerint,
2072 2040 2148 2070 satis

1188 2084 1250 2115 fuit
1271 2084 1403 2115 alterius
1421 2083 1548 2115 caedem
1568 2082 1773 2119 intercedere,
1793 2088 1823 2112 ct
1846 2082 2035 2121 sanguinem
2055 2081 2149 2112 fundi

1190 2127 1223 2157 in
1255 2127 1482 2167 expiationem.
1530 2125 1605 2156 Sors
1634 2126 1717 2155 enim
1748 2135 1812 2154 non
1841 2123 2019 2155 iaciebatur
2048 2123 2149 2156 donec

1188 2170 1226 2200 ad
1247 2171 1363 2200 ostium
1380 2168 1578 2200 tabernaculi
1599 2172 1731 2207 uterque
1752 2167 1859 2197 hircus
1879 2165 2033 2197 adductus
2053 2172 2146 2198 esset.

1188 2212 1238 2242 Ita
1263 2212 1409 2251 quamvis
1436 2222 1535 2242 unum
1562 2210 1671 2241 vivum
1698 2210 1826 2240 sisteret
1855 2208 2004 2239 sacerdos
2033 2208 2072 2239 ad
2101 2220 2147 2241 re-

1188 2255 1457 2291 conciliationem,
1490 2252 1757 2293 quemadmodum
1786 2251 1890 2282 verbis
1916 2251 2015 2282 Mosis
2039 2252 2147 2291 expri-

1188 2298 1304 2333 mitur,
1329 2307 1392 2328 non
1416 2302 1524 2327 tamen
1554 2295 1698 2335 placatus
1721 2295 1781 2325 fuit
1804 2293 1893 2324 Deus
1924 2294 2043 2333 absque
2073 2305 2146 2325 san—

1187 2340 1293 2380 guine,
1319 2340 1392 2379 quia
1414 2339 1464 2369 vis
1487 2338 1678 2377 expiationis
1702 2348 1719 2368 a
1742 2337 1897 2367 sacrificio
1916 2336 2046 2367 alterius
2066 2337 2148 2368 hirci

1187 2382 1356 2422 pendebat.
1401 2381 1493 2420 Quod
1523 2380 1562 2410 ad
1593 2390 1701 2411 vocem
1729 2379 1843 2409 Azazel
1873 2384 2012 2418 spectat,
2045 2390 2147 2418 quan-

1187 2436 1283 2464 quam
1306 2426 1434 2455 variant
1458 2425 1664 2462 interpretes,
1696 2432 1760 2452 non
1792 2421 1901 2452 dubito
1933 2422 2008 2461 quin
2041 2422 2147 2453 locum

1187 2468 1335 2508 designet
1354 2467 1391 2498 ad
1413 2477 1505 2507 quem
1527 2465 1711 2504 abigebatur
1731 2464 1897 2503 piacularis
1922 2464 2039 2495 hircus.
2087 2465 2146 2495 Est

1185 2516 1271 2541 certe
1295 2520 1410 2540 nomen
1434 2508 1653 2548 compositum,
1679 2506 1763 2546 quod
1787 2506 1977 2537 tantundem
2003 2507 2086 2537 valet
2110 2517 2147 2538 ac

1186 2552 1361 2584 discessum
1378 2562 1499 2591 caprae,
1513 2550 1594 2590 quod
1609 2549 1726 2580 Graeci
1744 2548 1949 2587 ἁποπομπαΐον
1968 2554 2146 2587 verterunt,

1187 2596 1293 2627 nescio
1318 2605 1357 2625 an
1388 2593 1566 2625 conveniat.
1613 2592 1708 2623 Certe
1738 2591 1820 2631 quod
1847 2593 2039 2631 interpretes
2069 2592 2148 2623 acci-

1187 2639 1295 2678 piunt,
1325 2647 1359 2669 ac
1384 2637 1408 2668 si
1435 2640 1564 2667 vocatus
1587 2639 1670 2666 esset
1691 2634 1799 2665 hircus
1827 2634 1881 2665 ille
1908 2634 2067 2665 malorum
2092 2634 2149 2665 de-

1892 2684 1941 2709 32*
