2304 3034
168 188 226 218 105

165 280 218 312 vel
243 280 407 311 tantillum
431 280 500 310 Deo
523 277 709 314 concedunt,
738 279 853 316 putare
877 285 910 305 se
934 274 1030 314 probe
1055 284 1124 304 esse

168 322 344 354 defunctos.
368 322 453 353 Hinc
478 323 513 353 fit
536 326 572 352 ut
594 319 669 350 victi
693 323 724 349 et
743 318 840 349 coacti
860 327 922 347 non
943 321 1048 347 tamen
1070 316 1125 347 du-

167 365 271 396 bitent
290 365 376 395 aliud
401 364 439 395 de
461 364 530 395 iure
550 362 611 393 Dei
634 361 788 398 minuere,
806 359 870 395 sed,
891 360 918 390 si
936 359 1067 399 impune
1087 359 1123 388 li-

167 413 247 443 ceat,
269 407 406 438 libenter
425 411 526 437 totum
547 405 714 443 eriperent.
734 403 778 433 Et
797 406 881 433 certe
901 401 1053 441 quamdiu
1073 411 1123 431 ar-

168 449 251 480 ridet
274 450 417 485 fortuna,
448 449 605 486 rebusque
624 445 786 485 prosperis
806 450 838 475 et
856 444 991 484 integris
1011 445 1123 474 fruun-

169 499 237 530 tur,
271 492 462 523 exinaniunt
486 495 639 530 quantum
663 489 693 518 in
719 498 753 518 se
776 493 824 518 est
848 491 948 517 totam
972 487 1034 517 Dei
1058 486 1124 526 glo-

169 534 264 565 riam:
296 544 406 565 verum
430 532 484 563 ubi
507 542 559 562 eos
583 530 689 561 deficit
716 529 887 561 resistendi
911 529 1057 566 facultas,
1081 529 1125 558 ita

169 577 208 607 ad
243 576 468 607 subiectionem
504 573 717 609 descendunt,
763 578 797 603 ut
832 571 938 602 Deum
973 571 1124 602 fraudent

170 618 301 650 dimidia
323 618 397 649 iusti
421 616 550 647 honoris
573 621 671 655 parte.
709 615 851 645 Iusserat
876 615 964 645 Deus
987 613 1123 644 liberum

169 661 288 692 exitum
324 660 392 691 dari
429 658 559 699 populo:
590 657 664 688 huic
694 657 845 688 mandato
868 668 930 687 non
960 657 1123 696 obtempe-

168 708 227 741 rat,
252 703 305 734 sed
329 702 511 733 satisfacere
531 701 599 731 Deo
622 700 716 731 aliter
739 705 855 730 tentat:
881 710 995 739 nempe
1019 699 1045 729 si
1068 709 1123 739 po-

168 745 280 785 pulum
315 756 377 775 non
408 748 493 774 vetet
523 743 714 773 sacrificium
747 743 777 773 in
809 743 960 782 Aegypto
997 742 1121 772 offerre.

168 788 268 819 Porro
288 787 369 827 quod
389 786 522 817 saeculis
548 785 697 816 omnibus
720 795 887 816 commune
913 785 972 814 fuit
996 785 1122 821 vitium,

168 830 262 861 hodie
282 830 375 860 nimis
394 829 477 860 clare
497 828 649 859 cernitur.
674 828 838 867 Cuperent
857 828 959 858 nostri
979 827 1124 858 Pharao—

168 883 224 903 nes
249 872 308 903 Dei
332 872 466 911 gloriam
490 880 622 910 prorsus
646 871 863 911 exstinguere,
888 870 982 909 idque
1006 870 1123 900 furiose

168 915 355 945 moliuntur:
376 914 415 944 ad
435 918 579 944 extrema
603 918 709 943 autem
725 913 855 949 redacti,
875 913 901 943 si
921 913 984 943 ium
999 923 1036 942 ex
1050 922 1123 952 pro-

167 957 250 988 fesso
281 967 422 997 pugnare
451 956 527 986 utile
557 965 620 986 non
652 956 691 986 sit
716 956 826 986 fictitia
850 955 898 996 (ut
921 954 1049 995 vocant)
1074 964 1122 984 re—

166 1000 355 1030 formatione
378 998 500 1029 cultum
525 999 592 1028 eius
616 998 759 1029 lacerant
782 1010 817 1029 ac
842 998 1002 1028 mutilant.
1038 997 1123 1027 Hinc

167 1047 277 1072 exorta
300 1042 358 1072 fuit
378 1041 457 1072 lucis
478 1046 509 1071 et
529 1040 732 1071 tenebrarum
758 1042 907 1077 mixtura,
935 1041 986 1071 cui
1006 1050 1123 1070 nomen

165 1083 301 1115 inditum
321 1084 379 1115 fuit
398 1083 545 1114 Interim.
576 1083 642 1114 Nec
662 1084 780 1115 talibus
800 1083 947 1114 ludibriis
972 1083 1124 1113 desinunt

166 1128 311 1158 veritatis
324 1126 430 1157 hostes
450 1136 531 1156 vana
551 1132 581 1156 et
601 1126 694 1156 nihili
714 1126 838 1166 piacula
852 1126 920 1156 Deo
942 1125 1122 1156 obtrudere.

248 1171 298 1202 26.
323 1168 365 1199 Et
387 1169 469 1199 dixit
491 1168 604 1199 Moses.
652 1168 750 1199 Verbi
773 1176 821 1212 352,
846 1180 907 1208 quo
932 1169 1034 1199 utitur
1053 1168 1122 1198 Mo-

164 1227 222 1252 ses,
247 1214 310 1244 late
329 1217 416 1252 patet
435 1211 636 1251 significatio.
682 1211 822 1242 Hebraei
847 1212 932 1242 0111111
958 1221 1021 1241 0011
1053 1220 1122 1241 esse

163 1263 285 1290 rectum
310 1255 420 1286 dicunt
445 1254 597 1293 quidquid
629 1265 690 1284 non
711 1255 856 1293 probant.

164 1298 369 1333 consentiunt
393 1307 503 1327 omnes
526 1297 591 1327 fere
611 1297 814 1336 interpretes,
838 1297 1042 1327 Pharaonem
1062 1296 1121 1325 mi-

165 1344 250 1374 nime
264 1351 398 1380 aequum
418 1339 595 1379 postulare:
615 1340 689 1379 quia
709 1350 841 1370 suorum
861 1339 1048 1378 lapidationi
1067 1338 1120 1369 ob-

165 1387 251 1418 iiciat
269 1383 443 1414 Israelitas.
479 1381 516 1412 Si
540 1381 617 1412 haec
640 1382 800 1412 sententia
824 1382 935 1421 placet,
960 1392 1023 1412 uno
1047 1392 1119 1412 con-

165 1432 257 1460 textu
291 1425 461 1466 legendum
497 1425 571 1461 erit,
607 1435 671 1455 non
707 1435 775 1455 esse
809 1425 924 1455 rationi
955 1428 1121 1455 consenta-

166 1481 263 1502 neum
294 1472 328 1500 ut
358 1468 538 1499 sacrificent
568 1467 735 1498 Israelitae
769 1467 801 1497 in
834 1468 982 1508 Aegypto
1017 1467 1121 1497 alieno

165 1523 267 1544 more:
303 1512 376 1551 quia
406 1510 534 1540 novitas
564 1516 648 1540 esset
677 1510 896 1540 intolerabilis.
942 1510 1015 1540 Duo
1047 1514 1122 1539 sunt

165 1555 317 1587 orationis
339 1553 491 1589 membra,
517 1563 579 1583 non
605 1563 674 1584 esse
697 1556 818 1583 rectum
845 1557 881 1583 ut
907 1553 941 1582 in
971 1553 1121 1591 Aegypto

166 1597 360 1630 sacrificium
389 1595 527 1626 offerant
556 1595 627 1626 Deo
657 1595 736 1635 ipsis
762 1595 923 1636 indigenis
957 1594 1121 1626 abomina-

165 1641 236 1679 bile,
260 1640 309 1671 vel
332 1639 499 1679 profanum
522 1639 714 1670 sacrificium
734 1650 771 1669 ex
794 1639 938 1678 gentium
958 1638 1121 1669 abomina-

164 1683 305 1715 tionibus
328 1683 480 1713 offerant:
506 1681 621 1712 deinde
640 1681 817 1721 periculum
840 1692 907 1712 esse
931 1692 971 1711 ne
994 1680 1122 1711 Israeli-

166 1731 217 1757 tae
240 1725 438 1765 lapidentur,
468 1724 494 1754 si
519 1725 695 1764 Aegyptios
718 1728 892 1764 provocent
914 1724 948 1754 in
972 1725 1037 1754 ritu
1060 1723 1123 1753 illis

167 1768 358 1799 detestabili.
403 1766 497 1806 Quod
521 1766 560 1797 ad
584 1766 760 1798 secundum
786 1766 965 1797 membrum
990 1770 1122 1806 spectat,

167 1810 297 1842 dubium
342 1821 407 1841 non
452 1814 516 1847 est,
571 1809 841 1840 abominationem
886 1809 1123 1849 Aegyptiorum

167 1854 270 1885 active
313 1853 396 1884 sumi
440 1863 496 1892 pro
541 1852 706 1883 sacrificiis
757 1862 837 1892 qnae
887 1852 1123 1882 abominantur.

166 1896 288 1927 Prioris
318 1895 452 1926 membri
476 1893 588 1925 eadem
614 1894 744 1925 videtur
767 1905 836 1926 esse
860 1895 949 1925 ratio.
995 1895 1123 1925 Durum

167 1943 250 1970 esset
272 1937 406 1969 eandem
428 1937 581 1977 loquendi
600 1938 735 1968 formam
762 1938 871 1977 paucis
895 1937 1001 1968 verbis
1025 1937 1124 1967 inter-

167 1982 280 2021 positis
309 1981 398 2012 varie
430 1980 647 2020 interpretari.
704 1980 778 2011 Nisi
812 1980 895 2020 quod
926 1990 1042 2010 nomeu
1073 1979 1123 2009 Ie-

167 2023 278 2061 hovae,
312 2023 542 2054 abominationi
576 2023 768 2063 oppositum,
803 2023 929 2053 videtur
963 2022 1124 2062 passivam

168 2066 434 2106 significationem
468 2065 640 2105 postulare.
697 2065 889 2105 Emphatice
924 2066 1008 2095 enim
1048 2064 1125 2095 dicit

168 2108 275 2139 Moses
288 2119 350 2139 non
364 2118 432 2139 esse
445 2114 568 2139 rectum
581 2109 760 2139 sacrificare
769 2108 910 2139 Iehovae
918 2108 988 2138 Deo
996 2107 1126 2137 Israelis

169 2150 436 2182 abominationem
455 2150 606 2191 Aegypti.
651 2150 722 2182 Hoc
745 2151 771 2181 si
795 2151 907 2190 placet,
932 2150 1125 2181 abominatio

171 2192 231 2222 erit
253 2193 431 2232 profanatio
455 2194 524 2224 veri
547 2198 579 2224 et
602 2194 674 2233 puri
698 2193 817 2231 cultus,
850 2204 912 2233 qua
942 2202 1031 2224 sacra
1062 2192 1124 2223 Ae-

171 2236 352 2274 gyptiorum
392 2236 560 2275 inquinata
600 2241 709 2267 erant:
751 2237 842 2275 quasi
880 2235 998 2267 diceret
1038 2235 1127 2266 nefas

171 2287 240 2307 esse
279 2277 410 2308 miscere
451 2279 519 2309 veri
557 2277 620 2309 Dei
660 2278 785 2309 cultum
826 2289 900 2310 cum
936 2277 1125 2318 sacrilegiis.

171 2318 215 2349 Et
237 2324 321 2350 certe
341 2319 467 2351 videtur
488 2321 595 2352 Moses
618 2321 737 2361 duplici
757 2325 947 2361 argumento
966 2330 1125 2360 pugnare:

171 2371 286 2400 nempe
298 2362 380 2401 quod
393 2373 456 2393 non
469 2363 570 2401 liceat,
584 2364 699 2395 deinde
712 2363 794 2404 quod
808 2374 871 2394 non
891 2363 1048 2403 expediat.
1079 2362 1129 2394 Sit

170 2403 270 2443 igitur
282 2403 359 2435 haec
377 2415 440 2435 una
458 2407 539 2437 ratio
558 2417 623 2437 non
642 2407 707 2437 fore
727 2407 906 2447 legitimum
925 2405 1128 2443 sacrificium,

171 2456 230 2493 nec
264 2446 332 2476 Deo
366 2452 512 2487 gratum,
545 2450 628 2488 quod
663 2450 815 2489 Aegypti,
839 2449 1130 2480 abominationibus

171 2493 320 2519 vitiatum
344 2489 412 2520 erit.
456 2490 572 2522 Postea
594 2500 746 2532 sequetur
763 2492 878 2529 altera,
899 2491 1075 2531 Aegyptios
1098 2490 1131 2521 id

172 2541 237 2578 non
269 2531 474 2563 toleraturos:
503 2534 577 2573 quia
608 2536 634 2565 si
658 2545 726 2565 mos
749 2533 952 2565 sacrificandi
982 2538 1130 2573 receptus

173 2573 495 2620 violetur3putabunt
507 2580 539 2606 et
557 2586 589 2607 se
608 2582 637 2607 et
652 2577 738 2608 Deos
759 2587 834 2608 suos
854 2577 945 2617 gravi
964 2581 1129 2607 contume-

172 2614 216 2646 ha
249 2616 342 2646 afficl.
398 2616 487 2648 Haec
520 2617 741 2659 interpretatio
775 2620 899 2659 plenior
933 2625 997 2656 est,
1037 2623 1131 2658 atque

730 180 1096 214 COMMENTARIUS
1120 181 1167 212 IN
1192 178 1339 209 EXODI
1364 178 1459 210 CAP.
1484 182 1579 214 VIII.

1149 684 1151 692 ,
1176 654 1277 684 nostri
1303 656 1427 694 probris
1450 663 1480 687 et
1503 658 1808 689 subsannationibus
1835 659 1989 698 gentium.

904 1254 979 1284 Ideo
1003 1254 1037 1283 in
1060 1253 1121 1284 hoc
1148 1250 1150 1255 ’

2075 185 2135 215 mc»

1176 270 1331 319 uberioris
1355 273 1528 312 doetrinae,
1553 276 1578 307 si
1603 276 1711 307 Moses
1734 277 1840 316 priore
1864 276 1931 308 1000
1955 276 1993 307 (10
2016 276 2137 308 honore

1175 314 1238 344 Del
1269 316 1424 362 sollicitus
1446 318 1558 355 fuerit,
1594 329 1655 349 non
1690 325 1796 350 autem
1827 319 2005 358 respexerit
2034 319 2136 350 solam

1176 357 1284 396 populi
1308 358 1492 390 utilitatem.
1538 361 1582 391 Et
1612 362 1644 391 in
1677 361 1736 392 hac
1760 362 1922 392 sententia
1945 361 2025 392 nihil
2050 371 2135 392 eoac-

1177 404 1261 436 tum,
1296 411 1357 431 non
1389 402 1450 432 rite
1480 403 1538 433 coli
1570 414 1680 434 verum
1714 403 1820 434 Deum
1846 405 1907 435 nisi
1931 404 1984 435 ubi
2008 414 2136 444 separa—

1177 446 1229 471 tur
1254 442 1292 490 ab
1315 444 1465 474 omnibus
1487 445 1589 476 idolis.
1636 445 1701 477 Sed
1725 447 1800 486 quia
1824 446 1934 477 eodem
1954 447 2019 478 fere
2040 457 2135 477 versu

1177 484 1371 530 abominatio
1406 488 1639 528 Aegyptiorum
1675 490 1800 528 capitur
1823 489 1942 527 active,
1978 500 2039 529 quo
2069 500 2135 520 me-

1176 525 1238 556 llus
1272 528 1351 558 fluat
1384 530 1500 567 oratio,
1543 530 1709 561 commode
1742 536 1875 571 utroque
1906 532 1973 563 1000
2003 533 2047 562 510
2080 543 2136 563 ex-

1176 579 1294 608 ponere
1329 570 1444 602 licebit.
1491 573 1581 604 Tunc
1611 573 1725 612 prioris
1756 573 1891 604 membri
1919 585 2031 605 sensus
2066 575 2135 605 erit.

1176 611 1249 641 Non
1291 618 1339 643 est
1380 620 1627 646 consentaneum
1669 617 1864 656 prostituere
1908 617 2031 648 cultum
2072 617 2135 647 Dei

2039 658 2134 698 Quod

1178 696 1267 727 fieret
1296 698 1320 727 si
1353 698 1504 739 Aegyptii
1535 700 1632 730 ritum
1663 701 1862 732 sacrificandi
1892 712 1987 741 quem
2011 701 2131 732 abomi-

1177 744 1305 786 nantur,
1331 750 1348 770 a
1368 741 1459 772 nobis
1484 742 1632 773 honorari
1654 744 1807 774 viderent.
1852 744 1975 774 Eorum
2006 744 2134 783 quidem

1176 783 1318 828 opinioni
1347 794 1410 813 1100
1442 786 1599 816 assentior
1636 786 1689 825 qui
1718 786 1928 817 bimembrem
1963 797 2031 817 esse
2065 797 2134 817 ora—

1177 831 1297 854 tionem
1322 825 1451 863 nolunt,
1487 827 1542 858 sed
1572 838 1635 858 uno
1658 834 1811 859 contextu
1834 829 1947 869 legunt
1970 839 2035 859 non
2065 840 2134 860 esse

1149 894 1150 902 ,
1176 872 1299 897 rectum
1322 868 1381 899 1100
1405 869 1520 900 facere:
1553 870 1627 910 quia
1650 871 1828 910 lapidarent
1851 872 2007 912 Aegyptii
2029 871 2133 902 Israe-

1175 909 1258 939 litas.
1315 911 1422 941 Moses
1456 912 1541 942 enim
1576 923 1638 943 non
1674 918 1798 944 tantum
1833 914 1907 954 quid
1941 914 2134 945 conduceret

1176 952 1302 992 populo,
1334 953 1388 983 sed
1410 953 1442 984 10
1468 955 1577 993 primis
1607 955 1680 995 quid
1709 956 1777 986 Deo
1802 957 1942 996 placeret
1966 957 2133 997 spectavit,

1175 1005 1215 1025 ne
1239 995 1361 1026 seilicet
1384 997 1606 1035 profanaretur
1630 1008 1755 1029 sacrum
1779 1000 1847 1030 eius
1871 1010 1997 1030 nomen.
2038 998 2135 1037 Quod

1175 1037 1272 1067 ctiam
1304 1037 1342 1068 ad
1373 1039 1525 1070 animalia
1554 1041 1706 1080 restringi
1729 1041 1808 1072 solet
1829 1052 1944 1072 nomen
1969 1042 2132 1072 abomina—

1175 1080 1279 1117 tionis,
1303 1091 1367 1111 non
1393 1081 1484 1112 video
1508 1093 1568 1122 qua
1592 1083 1713 1113 ratione
1734 1084 1870 1115 nitatur:
1894 1084 1965 1115 ideo
1978 1084 2017 1115 ad
2032 1089 2133 1114 totam

1175 1122 1377 1153 sacrificandi
1402 1126 1556 1155 rationem
1581 1125 1728 1156 extendo.

1259 1165 1309 1196 27.
1348 1166 1438 1196 Viam
1468 1168 1561 1198 trium
1589 1168 1716 1199 dierum.
1763 1168 1934 1200 Conclusio
1958 1173 2021 1206 est,
2051 1168 2133 1199 nihil

1175 1218 1243 1238 esse
1267 1209 1457 1240 mutandum
1481 1221 1519 1240 ex
1541 1211 1601 1241 Dei
1624 1211 1729 1248 iussu,
1754 1222 1865 1242 verum
1890 1211 2079 1250 simpliciter
2102 1215 2136 1242 et

1175 1251 1243 1281 sine
1269 1252 1457 1290 exceptione
1488 1252 1698 1283 obediendum
1734 1255 1800 1284 eius
1836 1258 2014 1293 praecepto.
2066 1253 2134 1285 Nec

1177 1304 1252 1323 vero
1276 1304 1406 1333 parvam
1431 1294 1556 1326 laudem
1577 1300 1718 1326 meretur
1741 1297 1840 1327 Mosis
1860 1296 2055 1327 constantia:
2079 1297 2135 1335 qui

1176 1336 1281 1366 fictam
1316 1338 1449 1376 tyranni
1483 1338 1731 1369 moderationem
1772 1339 1871 1370 libere
1908 1343 1939 1370 et
1972 1338 2135 1378 intrepido

1176 1379 1282 1409 animo
1306 1379 1503 1419 repudiavit:
1538 1381 1611 1420 quia
1640 1381 1699 1411 Dei
1731 1381 1895 1412 voluntati
1929 1380 2049 1420 aliquid
2079 1381 2134 1412 de-

1176 1421 1330 1452 traheret.
1386 1422 1493 1463 Negat
1526 1423 1625 1463 igitur
1658 1424 1749 1455 aliter
1789 1424 1928 1455 facturos
1968 1423 2134 1455 Israelitas

1176 1474 1271 1503 quam
1291 1466 1497 1505 praescripsit
1516 1465 1614 1497 Deus.

1260 1549 1310 1580 28.
1337 1550 1423 1580 Tunc
1451 1551 1531 1581 dixit
1563 1550 1687 1582 Pharao
1698 1564 1705 1581 .·
1734 1551 1800 1591 Eyo
1833 1551 1985 1582 dimittam
2018 1561 2069 1582 vos
2101 1554 2135 1582 ut

1175 1592 1354 1631 sacrificetis
1373 1592 1499 1624 Ielcorec
1517 1593 1582 1625 Deo
1604 1597 1700 1625 vestro
1719 1594 1752 1624 in
1772 1594 1904 1625 deserto:
1926 1597 2135 1625 verumtamen

1175 1646 1232 1666 nou
1265 1634 1385 1675 Ionyiu-s·
1408 1637 1543 1676 pcryetis
1572 1637 1684 1668 ettndo:
1713 1639 1795 1667 orate
1818 1647 1878 1676 pro
1899 1647 1954 1667 me.
2010 1637 2059 1668 29.
2091 1636 2135 1668 Et

1174 1678 1257 1709 dixit
1280 1678 1398 1709 Moses:
1421 1678 1506 1715 Ecce,
1531 1690 1581 1719 eyo
1604 1680 1743 1719 cyredior
1765 1690 1784 1710 a
1807 1681 1841 1716 te,
1865 1682 1892 1710 et
1912 1679 2021 1719 royabo
2044 1679 2132 1710 Ielio·

1174 1731 1245 1751 vam
1267 1723 1299 1751 ut
1322 1722 1437 1752 recedat
1460 1732 1588 1752 eranam
1611 1723 1789 1752 insectorum
1811 1732 1830 1752 α
1855 1721 2027 1758 Pharaone,
2059 1724 2085 1752 et
2113 1732 2134 1752 α

1174 1763 1272 1795 servis
1295 1764 1375 1801 eius,
1398 1767 1424 1795 et
1447 1776 1466 1795 α
1485 1765 1599 1803 populo
1621 1765 1687 1795 cius
1705 1774 1782 1796 cras.
1835 1763 2050 1795 Verumtamen
2072 1774 2134 1795 non

1175 1806 1303 1837 adiiciat
1328 1806 1455 1837 Pharao
1478 1818 1566 1846 (tyerc
1586 1807 1748 1846 fallaciter,
1768 1816 1825 1836 non
1844 1806 2021 1837 dimittendo
2033 1817 2134 1846 popu-

1175 1849 1239 1879 lum
1261 1851 1294 1879 nt
1316 1849 1463 1888 sacrificet
1483 1849 1618 1880 Iehovae.
1643 1850 1692 1880 30.
1716 1850 1800 1879 Titne
1813 1859 1954 1889 eyressus
1972 1852 2015 1879 est
2028 1849 2133 1880 Moses

1176 1903 1195 1923 α
1222 1891 1392 1928 Pharaone,
1417 1895 1445 1922 et
1465 1892 1562 1922 oravit
1584 1892 1625 1923 ad
1648 1892 1798 1922 lolam-am.
1844 1891 1893 1922 31.
1917 1891 1961 1921 Et
1985 1891 2057 1930 fecit
2085 1890 2133 1922 Ie—

1175 1934 1252 1964 hova
1275 1935 1439 1965 secundum
1462 1935 1583 1965 verbum
1606 1934 1714 1971 1110513,
1738 1937 1764 1965 et
1785 1934 1905 1964 recessit
1923 1934 2060 1964 mixtura
2084 1934 2132 1964 in-

1176 1979 1323 2007 sectorum
1345 1988 1364 2007 a
1390 1977 1561 2014 Pharaone,
1595 1980 1622 2008 et
1644 1987 1663 2008 α
1681 1976 1796 2016 populo
1828 1977 1910 2007 eius:
1943 1986 2002 2007 mm
2035 1986 2134 2007 uniam

1174 2020 1236 2059 fuit
1258 2019 1425 2051 residuwn.
1481 2020 1531 2050 32.
1556 2019 1598 2050 Et
1619 2020 1800 2060 ayyravavit
1823 2018 1949 2050 Pharao
1971 2028 2021 2050 cor
2042 2029 2136 2050 suum

1176 2062 1268 2093 etiam
1290 2062 1346 2093 hac
1364 2063 1436 2099 vice,
1460 2073 1511 2094 nec
1533 2063 1651 2094 dimisit
1669 2062 1828 2101 populum.

1262 2148 1311 2179 28.
1340 2147 1424 2178 Tunc
1445 2148 1526 2178 dixit
1552 2147 1694 2178 Pharao:
1718 2145 1785 2185 Eyo
1808 2145 1968 2177 dimittam.
2015 2145 2079 2177 Ubi
2101 2157 2136 2177 se

1177 2191 1259 2221 nihil
1283 2191 1437 2230 proficere
1460 2190 1547 2220 videt
1566 2190 1632 2220 suis
1655 2189 1777 2220 cavillis
1794 2192 1822 2218 et
1842 2188 2038 2228 ambagibus,
2063 2199 2135 2228 per-

1177 2234 1297 2264 fectum
1331 2233 1517 2272 obsequium
1555 2232 1694 2263 simulat.
1756 2231 1830 2261 Non
1870 2230 1952 2269 quod
1992 2235 2068 2262 tunc
2106 2231 2136 2262 ei

1179 2277 1378 2316 propositum
1402 2275 1497 2306 fuerit
1521 2275 1630 2305 fallere
1654 2280 1685 2305 et
1707 2273 1846 2309 mentiri,
1871 2273 1944 2312 quia
1967 2276 2056 2304 metu
2075 2273 2136 2304 im-

1179 2319 1383 2359 pediebatur:
1421 2318 1476 2349 scd
1517 2318 1591 2357 quia
1626 2316 1783 2357 praesenti
1817 2322 1943 2346 tantum
1977 2315 2136 2347 malorum

1180 2372 1277 2392 sensu
1296 2361 1451 2395 deiectus,
1476 2371 1539 2390 non
1563 2360 1699 2390 audebat
1719 2360 1830 2389 cristas
1854 2357 2010 2389 adversus
2029 2358 2136 2389 Deum

1181 2406 1313 2444 erigere.
1337 2404 1424 2444 Ergo
1444 2402 1492 2444 (ut
1512 2403 1600 2442 prius
1619 2402 1737 2433 dietum
1758 2400 1818 2441 est)
1842 2411 1904 2431 non
1929 2406 1993 2431 tam
2020 2401 2136 2432 Mosen

1181 2447 1348 2478 fallacibus
1373 2446 1478 2477 verbis
1503 2446 1628 2485 placare
1652 2451 1683 2475 et
1705 2443 1853 2474 frustrari
1872 2443 2015 2474 consulto
2035 2443 2137 2474 voluit

1181 2500 1275 2529 quam
1300 2500 1333 2519 se
1352 2489 1457 2528 ipsum
1478 2488 1607 2527 decepit.
1629 2485 1811 2517 Notandum
1826 2486 1911 2516 enim
1924 2491 1972 2516 est
1984 2484 2033 2526 (ac
2049 2486 2075 2516 si
2088 2486 2137 2517 lu-

1181 2543 1258 2572 pum
1278 2531 1408 2562 auribus
1430 2530 1565 2571 teneret)
1590 2536 1733 2561 coactum
1756 2529 1853 2559 fuisse
1876 2527 2062 2568 promittere
2081 2539 2137 2559 ex-

1181 2576 1262 2605 itum
1298 2574 1429 2614 populo,
1461 2583 1555 2612 quem
1583 2572 1722 2603 maximo
1749 2582 1806 2601 suo
1830 2570 1946 2601 damno
1969 2571 2136 2602 retinebat.

1184 2620 1291 2657 Atque
1327 2618 1390 2648 huc
1424 2616 1563 2656 pertinet
1597 2614 1680 2654 quod
1713 2626 1746 2645 50
1786 2612 1989 2644 commendat
2028 2613 2138 2654 populi
