<?xml version="1.0" encoding="UTF-8"?>
<!DOCTYPE html PUBLIC "-//W3C//DTD XHTML 1.0 Transitional//EN"
    "http://www.w3.org/TR/xhtml1/DTD/xhtml1-transitional.dtd">
<html xmlns="http://www.w3.org/1999/xhtml" xml:lang="en" lang="en">
 <head>
  <title>
</title>
<meta http-equiv="Content-Type" content="text/html;charset=utf-8" />
  <meta name='ocr-system' content='tesseract 3.04.00' />
  <meta name='ocr-capabilities' content='ocr_page ocr_carea ocr_par ocr_line ocrx_word'/>
</head>
<body>
  <div class='ocr_page' id='page_1' title='image "./ioanniscalviniop24calv_0252.png"; bbox 0 0 2304 3034; ppageno 0'>
   <div class='ocr_carea' id='block_1_1' title="bbox 195 185 260 216">
    <p class='ocr_par' dir='ltr' id='par_1_1' title="bbox 195 185 260 216">
     <span class='ocr_line' id='line_1_1' title="bbox 195 185 260 216; baseline 0 -1"><span class='ocrx_word' id='word_1_1' title='bbox 195 185 260 216; x_wconf 78' lang='lat'>483</span> 
     </span>
    </p>
   </div>
   <div class='ocr_carea' id='block_1_2' title="bbox 197 272 1165 740">
    <p class='ocr_par' dir='ltr' id='par_1_2' title="bbox 197 272 1165 649">
     <span class='ocr_line' id='line_1_2' title="bbox 197 272 1163 326; baseline -0.006 -16"><span class='ocrx_word' id='word_1_2' title='bbox 197 278 403 326; x_wconf 75' lang='lat' dir='ltr'>proficerent:</span> <span class='ocrx_word' id='word_1_3' title='bbox 428 281 522 314; x_wconf 85' lang='lat' dir='ltr'>atque</span> <span class='ocrx_word' id='word_1_4' title='bbox 545 275 588 304; x_wconf 83' lang='lat' dir='ltr'>iti</span> <span class='ocrx_word' id='word_1_5' title='bbox 613 273 708 304; x_wconf 85' lang='lat' dir='ltr'>fiebat</span> <span class='ocrx_word' id='word_1_6' title='bbox 732 278 768 304; x_wconf 85' lang='lat' dir='ltr'>ut</span> <span class='ocrx_word' id='word_1_7' title='bbox 790 283 854 303; x_wconf 90' lang='lat' dir='ltr'>non</span> <span class='ocrx_word' id='word_1_8' title='bbox 879 272 951 313; x_wconf 88' lang='lat' dir='ltr'>plus</span> <span class='ocrx_word' id='word_1_9' title='bbox 975 272 1163 304; x_wconf 84' lang='lat' dir='ltr'>duodecima</span> 
     </span>
     <span class='ocr_line' id='line_1_3' title="bbox 197 316 1160 368; baseline -0.007 -16"><span class='ocrx_word' id='word_1_10' title='bbox 197 328 288 368; x_wconf 79' lang='lat' dir='ltr'>parte</span> <span class='ocrx_word' id='word_1_11' title='bbox 322 320 355 350; x_wconf 87' lang='lat' dir='ltr'>in</span> <span class='ocrx_word' id='word_1_12' title='bbox 389 317 531 357; x_wconf 76' lang='lat' dir='ltr'>singulos</span> <span class='ocrx_word' id='word_1_13' title='bbox 566 327 666 347; x_wconf 71' lang='lat' dir='ltr'>annos</span> <span class='ocrx_word' id='word_1_14' title='bbox 700 317 777 356; x_wconf 89' lang='lat' dir='ltr'>ipsis</span> <span class='ocrx_word' id='word_1_15' title='bbox 812 316 974 355; x_wconf 82' lang='lat' dir='ltr'>integrum</span> <span class='ocrx_word' id='word_1_16' title='bbox 1006 321 1160 346; x_wconf 87' lang='lat' dir='ltr'>maneret.</span> 
     </span>
     <span class='ocr_line' id='line_1_4' title="bbox 198 358 1162 406; baseline -0.006 -11"><span class='ocrx_word' id='word_1_17' title='bbox 198 363 346 402; x_wconf 86' lang='lat' dir='ltr'>Denique</span> <span class='ocrx_word' id='word_1_18' title='bbox 371 362 402 391; x_wconf 91' lang='lat' dir='ltr'>in</span> <span class='ocrx_word' id='word_1_19' title='bbox 427 366 550 400; x_wconf 72' lang='lat' dir='ltr'>septem</span> <span class='ocrx_word' id='word_1_20' title='bbox 571 359 664 389; x_wconf 87' lang='lat' dir='ltr'>annis</span> <span class='ocrx_word' id='word_1_21' title='bbox 682 358 855 398; x_wconf 86' lang='lat' dir='ltr'>peculiaris</span> <span class='ocrx_word' id='word_1_22' title='bbox 874 358 934 388; x_wconf 89' lang='lat' dir='ltr'>fuit</span> <span class='ocrx_word' id='word_1_23' title='bbox 955 358 1052 388; x_wconf 90' lang='lat' dir='ltr'>unius</span> <span class='ocrx_word' id='word_1_24' title='bbox 1073 358 1162 406; x_wconf 81' lang='lat' dir='ltr'>ratio,</span> 
     </span>
     <span class='ocr_line' id='line_1_5' title="bbox 200 400 1162 441; baseline -0.005 -5"><span class='ocrx_word' id='word_1_25' title='bbox 200 411 236 437; x_wconf 87' lang='lat' dir='ltr'>ut</span> <span class='ocrx_word' id='word_1_26' title='bbox 258 416 321 435; x_wconf 81' lang='lat' dir='ltr'>non</span> <span class='ocrx_word' id='word_1_27' title='bbox 346 403 402 434; x_wconf 89' lang='lat' dir='ltr'>soli</span> <span class='ocrx_word' id='word_1_28' title='bbox 427 403 562 433; x_wconf 77' lang='lat' dir='ltr'>Levitae</span> <span class='ocrx_word' id='word_1_29' title='bbox 592 402 675 441; x_wconf 82' lang='lat' dir='ltr'>priv</span> <span class='ocrx_word' id='word_1_30' title='bbox 668 402 745 432; x_wconf 87' lang='lat' dir='ltr'>atim</span> <span class='ocrx_word' id='word_1_31' title='bbox 774 400 835 431; x_wconf 88' lang='lat' dir='ltr'>sibi</span> <span class='ocrx_word' id='word_1_32' title='bbox 858 400 999 432; x_wconf 85' lang='lat' dir='ltr'>decimas</span> <span class='ocrx_word' id='word_1_33' title='bbox 1022 401 1162 440; x_wconf 85' lang='lat' dir='ltr'>percipe-</span> 
     </span>
     <span class='ocr_line' id='line_1_6' title="bbox 199 442 1163 484; baseline -0.005 -5"><span class='ocrx_word' id='word_1_34' title='bbox 199 454 279 481; x_wconf 87' lang='lat' dir='ltr'>rent</span> <span class='ocrx_word' id='word_1_35' title='bbox 302 446 356 477; x_wconf 78' lang='lat' dir='ltr'>sed</span> <span class='ocrx_word' id='word_1_36' title='bbox 380 445 657 476; x_wconf 85' lang='lat' dir='ltr'>communicarent</span> <span class='ocrx_word' id='word_1_37' title='bbox 677 454 750 475; x_wconf 89' lang='lat' dir='ltr'>eum</span> <span class='ocrx_word' id='word_1_38' title='bbox 769 443 911 484; x_wconf 86' lang='lat' dir='ltr'>pupillis,</span> <span class='ocrx_word' id='word_1_39' title='bbox 937 442 1048 478; x_wconf 90' lang='lat' dir='ltr'>viduis</span> <span class='ocrx_word' id='word_1_40' title='bbox 1073 454 1163 483; x_wconf 89' lang='lat' dir='ltr'>pere-</span> 
     </span>
     <span class='ocr_line' id='line_1_7' title="bbox 198 486 1164 531; baseline -0.004 -10.988"><span class='ocrx_word' id='word_1_41' title='bbox 198 490 301 531; x_wconf 85' lang='lat' dir='ltr'>grinis</span> <span class='ocrx_word' id='word_1_42' title='bbox 325 495 355 519; x_wconf 88' lang='lat' dir='ltr'>et</span> <span class='ocrx_word' id='word_1_43' title='bbox 379 488 449 518; x_wconf 88' lang='lat' dir='ltr'>aliis</span> <span class='ocrx_word' id='word_1_44' title='bbox 474 487 679 527; x_wconf 76' lang='lat' dir='ltr'>pauperibus.</span> <span class='ocrx_word' id='word_1_45' title='bbox 711 486 899 522; x_wconf 82' lang='lat' dir='ltr'>Comedant,</span> <span class='ocrx_word' id='word_1_46' title='bbox 924 486 1036 526; x_wconf 86' lang='lat' dir='ltr'>inquit,</span> <span class='ocrx_word' id='word_1_47' title='bbox 1060 491 1092 516; x_wconf 90' lang='lat' dir='ltr'>et</span> <span class='ocrx_word' id='word_1_48' title='bbox 1114 496 1164 517; x_wconf 88' lang='lat' dir='ltr'>sa-</span> 
     </span>
     <span class='ocr_line' id='line_1_8' title="bbox 199 529 1165 570; baseline -0.004 -7"><span class='ocrx_word' id='word_1_49' title='bbox 199 538 363 568; x_wconf 82' lang='lat' dir='ltr'>turentur,</span> <span class='ocrx_word' id='word_1_50' title='bbox 395 530 510 570; x_wconf 84' lang='lat' dir='ltr'>quibus</span> <span class='ocrx_word' id='word_1_51' title='bbox 542 529 661 569; x_wconf 82' lang='lat' dir='ltr'>alioqui</span> <span class='ocrx_word' id='word_1_52' title='bbox 692 529 823 560; x_wconf 89' lang='lat' dir='ltr'>ferenda</span> <span class='ocrx_word' id='word_1_53' title='bbox 853 533 938 560; x_wconf 84' lang='lat' dir='ltr'>esset</span> <span class='ocrx_word' id='word_1_54' title='bbox 961 529 1098 564; x_wconf 78' lang='lat' dir='ltr'>esuries,</span> <span class='ocrx_word' id='word_1_55' title='bbox 1129 534 1165 559; x_wconf 83' lang='lat' dir='ltr'>ut</span> 
     </span>
     <span class='ocr_line' id='line_1_9' title="bbox 200 571 1163 612; baseline -0.004 -7"><span class='ocrx_word' id='word_1_56' title='bbox 200 574 366 606; x_wconf 73' lang='lat' dir='ltr'>benedicat</span> <span class='ocrx_word' id='word_1_57' title='bbox 391 573 449 603; x_wconf 93' lang='lat' dir='ltr'>tibi</span> <span class='ocrx_word' id='word_1_58' title='bbox 474 573 579 603; x_wconf 85' lang='lat' dir='ltr'>Deus:</span> <span class='ocrx_word' id='word_1_59' title='bbox 603 582 665 612; x_wconf 86' lang='lat' dir='ltr'>qua</span> <span class='ocrx_word' id='word_1_60' title='bbox 688 572 899 612; x_wconf 78' lang='lat' dir='ltr'>promissione</span> <span class='ocrx_word' id='word_1_61' title='bbox 922 572 1008 611; x_wconf 89' lang='lat' dir='ltr'>ipsos</span> <span class='ocrx_word' id='word_1_62' title='bbox 1028 571 1066 602; x_wconf 84' lang='lat' dir='ltr'>ad</span> <span class='ocrx_word' id='word_1_63' title='bbox 1086 572 1163 602; x_wconf 86' lang='lat' dir='ltr'>libe-</span> 
     </span>
     <span class='ocr_line' id='line_1_10' title="bbox 198 616 512 649; baseline -0.01 0"><span class='ocrx_word' id='word_1_64' title='bbox 198 617 359 649; x_wconf 88' lang='lat' dir='ltr'>ralitatem</span> <span class='ocrx_word' id='word_1_65' title='bbox 387 616 512 646; x_wconf 77' lang='lat' dir='ltr'>invitat.</span> 
     </span>
    </p>

    <p class='ocr_par' dir='ltr' id='par_1_3' title="bbox 201 656 1165 740">
     <span class='ocr_line' id='line_1_11' title="bbox 288 656 1164 696; baseline -0.002 -6"><span class='ocrx_word' id='word_1_66' title='bbox 288 660 383 695; x_wconf 82' lang='lat' dir='ltr'>Dent,</span> <span class='ocrx_word' id='word_1_67' title='bbox 404 659 453 695; x_wconf 74' lang='lat'>26,</span> <span class='ocrx_word' id='word_1_68' title='bbox 475 658 524 688; x_wconf 76' lang='lat'>12.</span> <span class='ocrx_word' id='word_1_69' title='bbox 572 657 741 696; x_wconf 74' lang='lat' dir='ltr'>Postquam</span> <span class='ocrx_word' id='word_1_70' title='bbox 764 657 970 695; x_wconf 73' lang='lat' dir='ltr'>compleveris.</span> <span class='ocrx_word' id='word_1_71' title='bbox 1002 656 1073 688; x_wconf 89' lang='lat' dir='ltr'>Hoc</span> <span class='ocrx_word' id='word_1_72' title='bbox 1096 656 1164 688; x_wconf 83' lang='lat' dir='ltr'>loco</span> 
     </span>
     <span class='ocr_line' id='line_1_12' title="bbox 201 699 1165 740; baseline -0.004 -7"><span class='ocrx_word' id='word_1_73' title='bbox 201 702 427 734; x_wconf 73' lang='lat' dir='ltr'>vehementius</span> <span class='ocrx_word' id='word_1_74' title='bbox 458 701 543 740; x_wconf 86' lang='lat' dir='ltr'>ipsos</span> <span class='ocrx_word' id='word_1_75' title='bbox 572 700 610 731; x_wconf 88' lang='lat' dir='ltr'>ad</span> <span class='ocrx_word' id='word_1_76' title='bbox 642 700 782 731; x_wconf 81' lang='lat' dir='ltr'>decimas</span> <span class='ocrx_word' id='word_1_77' title='bbox 813 700 951 730; x_wconf 80' lang='lat' dir='ltr'>libenter</span> <span class='ocrx_word' id='word_1_78' title='bbox 982 704 1014 730; x_wconf 90' lang='lat' dir='ltr'>et</span> <span class='ocrx_word' id='word_1_79' title='bbox 1042 699 1165 738; x_wconf 75' lang='lat' dir='ltr'>prolixe</span> 
     </span>
    </p>
   </div>
   <div class='ocr_carea' id='block_1_3' title="bbox 201 742 1192 782">
    <p class='ocr_par' dir='ltr' id='par_1_4' title="bbox 201 742 1192 782">
     <span class='ocr_line' id='line_1_13' title="bbox 201 742 1192 782; baseline -0.004 -6"><span class='ocrx_word' id='word_1_80' title='bbox 201 744 381 776; x_wconf 85' lang='lat' dir='ltr'>offerendas</span> <span class='ocrx_word' id='word_1_81' title='bbox 405 743 600 781; x_wconf 79' lang='lat' dir='ltr'>exstimulat,</span> <span class='ocrx_word' id='word_1_82' title='bbox 625 753 725 782; x_wconf 88' lang='lat' dir='ltr'>quum</span> <span class='ocrx_word' id='word_1_83' title='bbox 749 743 813 773; x_wconf 90' lang='lat' dir='ltr'>illis</span> <span class='ocrx_word' id='word_1_84' title='bbox 837 743 942 773; x_wconf 90' lang='lat' dir='ltr'>Deum</span> <span class='ocrx_word' id='word_1_85' title='bbox 971 742 1062 782; x_wconf 82' lang='lat' dir='ltr'>quasi</span> <span class='ocrx_word' id='word_1_86' title='bbox 1092 747 1165 773; x_wconf 84' lang='lat' dir='ltr'>ante</span> <span class='ocrx_word' id='word_1_87' title='bbox 1191 761 1192 769; x_wconf 50' lang='grc' dir='ltr'>ι</span> 
     </span>
    </p>
   </div>
   <div class='ocr_carea' id='block_1_4' title="bbox 201 787 895 911">
    <p class='ocr_par' dir='ltr' id='par_1_5' title="bbox 201 787 895 911">
     <span class='ocr_line' id='line_1_14' title="bbox 201 787 461 823; baseline -0.012 -4"><span class='ocrx_word' id='word_1_88' title='bbox 201 788 309 819; x_wconf 84' lang='lat' dir='ltr'>oculos</span> <span class='ocrx_word' id='word_1_89' title='bbox 332 787 461 823; x_wconf 79' lang='lat' dir='ltr'>statuit,</span> 
     </span>
     <span class='ocr_line' id='line_1_15' title="bbox 202 828 895 865; baseline -0.004 -4"><span class='ocrx_word' id='word_1_90' title='bbox 202 830 354 862; x_wconf 79' lang='lat' dir='ltr'>Solennis</span> <span class='ocrx_word' id='word_1_91' title='bbox 383 830 467 860; x_wconf 90' lang='lat' dir='ltr'>enim</span> <span class='ocrx_word' id='word_1_92' title='bbox 499 828 690 860; x_wconf 81' lang='lat' dir='ltr'>contestatio</span> <span class='ocrx_word' id='word_1_93' title='bbox 724 828 895 865; x_wconf 76' lang='lat' dir='ltr'>indicitur,</span> 
     </span>
     <span class='ocr_line' id='line_1_16' title="bbox 202 871 667 911; baseline -0.006 -7"><span class='ocrx_word' id='word_1_94' title='bbox 202 873 309 904; x_wconf 86' lang='lat' dir='ltr'>Deum</span> <span class='ocrx_word' id='word_1_95' title='bbox 330 878 421 903; x_wconf 80' lang='lat' dir='ltr'>reatu</span> <span class='ocrx_word' id='word_1_96' title='bbox 446 871 667 911; x_wconf 78' lang='lat' dir='ltr'>obstringant,</span> 
     </span>
    </p>
   </div>
   <div class='ocr_carea' id='block_1_5' title="bbox 700 827 1167 911">
    <p class='ocr_par' dir='ltr' id='par_1_6' title="bbox 700 827 1167 911">
     <span class='ocr_line' id='line_1_17' title="bbox 927 827 1166 867; baseline 0.004 -10"><span class='ocrx_word' id='word_1_97' title='bbox 927 838 989 867; x_wconf 90' lang='lat' dir='ltr'>qua</span> <span class='ocrx_word' id='word_1_98' title='bbox 1019 838 1052 858; x_wconf 89' lang='lat' dir='ltr'>se</span> <span class='ocrx_word' id='word_1_99' title='bbox 1082 827 1166 867; x_wconf 86' lang='lat' dir='ltr'>apud</span> 
     </span>
     <span class='ocr_line' id='line_1_18' title="bbox 700 870 1167 911; baseline -0.002 -10"><span class='ocrx_word' id='word_1_100' title='bbox 700 871 761 901; x_wconf 90' lang='lat' dir='ltr'>nisi</span> <span class='ocrx_word' id='word_1_101' title='bbox 786 870 924 901; x_wconf 80' lang='lat' dir='ltr'>fideliter</span> <span class='ocrx_word' id='word_1_102' title='bbox 948 870 1167 911; x_wconf 78' lang='lat' dir='ltr'>praestiterint</span> 
     </span>
    </p>
   </div>
   <div class='ocr_carea' id='block_1_6' title="bbox 203 913 1194 955">
    <p class='ocr_par' dir='ltr' id='par_1_7' title="bbox 203 913 1194 955">
     <span class='ocr_line' id='line_1_19' title="bbox 203 913 1194 955; baseline -0.004 -8"><span class='ocrx_word' id='word_1_103' title='bbox 203 916 388 955; x_wconf 60' lang='lat' dir='ltr'>impositum</span> <span class='ocrx_word' id='word_1_104' title='bbox 414 914 475 945; x_wconf 83' lang='lat' dir='ltr'>sibi</span> <span class='ocrx_word' id='word_1_105' title='bbox 499 914 650 954; x_wconf 83' lang='lat' dir='ltr'>vectigal:</span> <span class='ocrx_word' id='word_1_106' title='bbox 682 913 765 954; x_wconf 90' lang='lat' dir='ltr'>qnod</span> <span class='ocrx_word' id='word_1_107' title='bbox 789 915 814 944; x_wconf 89' lang='lat' dir='ltr'>si</span> <span class='ocrx_word' id='word_1_108' title='bbox 838 913 935 953; x_wconf 83' lang='lat' dir='ltr'>probe</span> <span class='ocrx_word' id='word_1_109' title='bbox 973 913 1076 944; x_wconf 75' lang='lat' dir='ltr'>officio</span> <span class='ocrx_word' id='word_1_110' title='bbox 1099 913 1165 944; x_wconf 83' lang='lat' dir='ltr'>fue-</span> <span class='ocrx_word' id='word_1_111' title='bbox 1193 923 1194 953; x_wconf 56' lang='lat' dir='ltr'>J</span> 
     </span>
    </p>
   </div>
   <div class='ocr_carea' id='block_1_7' title="bbox 201 956 1168 1125">
    <p class='ocr_par' dir='ltr' id='par_1_8' title="bbox 201 956 1168 1125">
     <span class='ocr_line' id='line_1_20' title="bbox 203 956 1167 998; baseline -0.004 -8"><span class='ocrx_word' id='word_1_112' title='bbox 203 960 269 990; x_wconf 86' lang='lat' dir='ltr'>rint</span> <span class='ocrx_word' id='word_1_113' title='bbox 303 956 472 998; x_wconf 87' lang='lat' dir='ltr'>perfuncti,</span> <span class='ocrx_word' id='word_1_114' title='bbox 507 968 616 996; x_wconf 83' lang='lat' dir='ltr'>pacem</span> <span class='ocrx_word' id='word_1_115' title='bbox 652 962 683 987; x_wconf 82' lang='lat' dir='ltr'>et</span> <span class='ocrx_word' id='word_1_116' title='bbox 716 957 853 996; x_wconf 76' lang='lat' dir='ltr'>gratiam</span> <span class='ocrx_word' id='word_1_117' title='bbox 889 960 1032 987; x_wconf 76' lang='lat' dir='ltr'>exorent.</span> <span class='ocrx_word' id='word_1_118' title='bbox 1078 956 1167 987; x_wconf 86' lang='lat' dir='ltr'>Nihil</span> 
     </span>
     <span class='ocr_line' id='line_1_21' title="bbox 202 999 1167 1041; baseline -0.002 -10"><span class='ocrx_word' id='word_1_119' title='bbox 202 1002 288 1032; x_wconf 84' lang='lat' dir='ltr'>enim</span> <span class='ocrx_word' id='word_1_120' title='bbox 312 1000 415 1041; x_wconf 84' lang='lat' dir='ltr'>magis</span> <span class='ocrx_word' id='word_1_121' title='bbox 439 1000 686 1040; x_wconf 71' lang='lat' dir='ltr'>expergefacere</span> <span class='ocrx_word' id='word_1_122' title='bbox 706 1004 810 1039; x_wconf 83' lang='lat' dir='ltr'>potest</span> <span class='ocrx_word' id='word_1_123' title='bbox 835 999 981 1030; x_wconf 87' lang='lat' dir='ltr'>homines</span> <span class='ocrx_word' id='word_1_124' title='bbox 1000 1009 1093 1038; x_wconf 86' lang='lat' dir='ltr'>quam</span> <span class='ocrx_word' id='word_1_125' title='bbox 1114 999 1167 1029; x_wconf 90' lang='lat' dir='ltr'>ubi</span> 
     </span>
     <span class='ocr_line' id='line_1_22' title="bbox 201 1041 1168 1083; baseline -0.002 -9"><span class='ocrx_word' id='word_1_126' title='bbox 201 1044 290 1075; x_wconf 89' lang='lat' dir='ltr'>Deus</span> <span class='ocrx_word' id='word_1_127' title='bbox 324 1043 355 1073; x_wconf 90' lang='lat' dir='ltr'>in</span> <span class='ocrx_word' id='word_1_128' title='bbox 392 1053 458 1073; x_wconf 86' lang='lat' dir='ltr'>rem</span> <span class='ocrx_word' id='word_1_129' title='bbox 494 1045 697 1083; x_wconf 79' lang='lat' dir='ltr'>praesentem</span> <span class='ocrx_word' id='word_1_130' title='bbox 733 1042 854 1072; x_wconf 76' lang='lat' dir='ltr'>arbiter</span> <span class='ocrx_word' id='word_1_131' title='bbox 884 1046 1026 1073; x_wconf 85' lang='lat' dir='ltr'>vocatur.</span> <span class='ocrx_word' id='word_1_132' title='bbox 1078 1041 1168 1072; x_wconf 84' lang='lat' dir='ltr'>Haec</span> 
     </span>
     <span class='ocr_line' id='line_1_23' title="bbox 201 1084 1166 1125; baseline -0.001 -9"><span class='ocrx_word' id='word_1_133' title='bbox 201 1087 283 1117; x_wconf 83' lang='lat' dir='ltr'>ratio</span> <span class='ocrx_word' id='word_1_134' title='bbox 307 1091 355 1116; x_wconf 77' lang='lat' dir='ltr'>est</span> <span class='ocrx_word' id='word_1_135' title='bbox 379 1096 435 1116; x_wconf 89' lang='lat' dir='ltr'>cur</span> <span class='ocrx_word' id='word_1_136' title='bbox 459 1086 601 1125; x_wconf 84' lang='lat' dir='ltr'>profiteri</span> <span class='ocrx_word' id='word_1_137' title='bbox 625 1086 711 1125; x_wconf 83' lang='lat' dir='ltr'>ipsos</span> <span class='ocrx_word' id='word_1_138' title='bbox 730 1085 837 1116; x_wconf 87' lang='lat' dir='ltr'>iubeat</span> <span class='ocrx_word' id='word_1_139' title='bbox 856 1085 889 1115; x_wconf 89' lang='lat' dir='ltr'>in</span> <span class='ocrx_word' id='word_1_140' title='bbox 904 1084 965 1115; x_wconf 91' lang='lat' dir='ltr'>Dei</span> <span class='ocrx_word' id='word_1_141' title='bbox 984 1089 1166 1124; x_wconf 88' lang='lat' dir='ltr'>conspeetu,</span> 
     </span>
    </p>
   </div>
   <div class='ocr_carea' id='block_1_8' title="bbox 202 1127 1194 1159">
    <p class='ocr_par' dir='ltr' id='par_1_9' title="bbox 202 1127 1194 1159">
     <span class='ocr_line' id='line_1_24' title="bbox 202 1127 1194 1159; baseline -0.004 0"><span class='ocrx_word' id='word_1_142' title='bbox 202 1139 236 1159; x_wconf 87' lang='lat' dir='ltr'>se</span> <span class='ocrx_word' id='word_1_143' title='bbox 259 1129 292 1159; x_wconf 87' lang='lat' dir='ltr'>in</span> <span class='ocrx_word' id='word_1_144' title='bbox 317 1128 447 1159; x_wconf 78' lang='lat' dir='ltr'>decimis</span> <span class='ocrx_word' id='word_1_145' title='bbox 471 1127 634 1159; x_wconf 81' lang='lat' dir='ltr'>solvendis</span> <span class='ocrx_word' id='word_1_146' title='bbox 658 1127 842 1158; x_wconf 85' lang='lat' dir='ltr'>obedientes</span> <span class='ocrx_word' id='word_1_147' title='bbox 866 1128 965 1158; x_wconf 87' lang='lat' dir='ltr'>fuisse</span> <span class='ocrx_word' id='word_1_148' title='bbox 989 1128 1057 1158; x_wconf 88' lang='lat' dir='ltr'>eius</span> <span class='ocrx_word' id='word_1_149' title='bbox 1076 1137 1167 1158; x_wconf 89' lang='lat' dir='ltr'>man·</span> <span class='ocrx_word' id='word_1_150' title='bbox 1193 1150 1194 1155; x_wconf 69' lang='grc'>,</span> 
     </span>
    </p>
   </div>
   <div class='ocr_carea' id='block_1_9' title="bbox 203 1170 939 1211">
    <p class='ocr_par' dir='ltr' id='par_1_10' title="bbox 203 1170 939 1211">
     <span class='ocr_line' id='line_1_25' title="bbox 203 1170 939 1211; baseline -0.001 -9"><span class='ocrx_word' id='word_1_151' title='bbox 203 1172 287 1202; x_wconf 78' lang='lat' dir='ltr'>dato.</span> <span class='ocrx_word' id='word_1_152' title='bbox 335 1170 494 1211; x_wconf 73' lang='lat' dir='ltr'>Separare</span> <span class='ocrx_word' id='word_1_153' title='bbox 529 1171 578 1202; x_wconf 91' lang='lat' dir='ltr'>vel</span> <span class='ocrx_word' id='word_1_154' title='bbox 611 1171 727 1202; x_wconf 83' lang='lat' dir='ltr'>efferre</span> <span class='ocrx_word' id='word_1_155' title='bbox 758 1182 797 1201; x_wconf 87' lang='lat' dir='ltr'>ex</span> <span class='ocrx_word' id='word_1_156' title='bbox 830 1170 939 1204; x_wconf 83' lang='lat' dir='ltr'>domo.</span> 
     </span>
    </p>
   </div>
   <div class='ocr_carea' id='block_1_10' title="bbox 202 1213 1168 1252">
    <p class='ocr_par' dir='ltr' id='par_1_11' title="bbox 202 1213 1168 1252">
     <span class='ocr_line' id='line_1_26' title="bbox 202 1213 1168 1252; baseline -0.002 -7"><span class='ocrx_word' id='word_1_157' title='bbox 202 1214 290 1245; x_wconf 68' lang='lat' dir='ltr'>valet</span> <span class='ocrx_word' id='word_1_158' title='bbox 313 1224 348 1244; x_wconf 88' lang='lat' dir='ltr'>ae</span> <span class='ocrx_word' id='word_1_159' title='bbox 372 1214 492 1245; x_wconf 88' lang='lat' dir='ltr'>nullius</span> <span class='ocrx_word' id='word_1_160' title='bbox 524 1214 587 1244; x_wconf 88' lang='lat' dir='ltr'>doli</span> <span class='ocrx_word' id='word_1_161' title='bbox 618 1213 676 1244; x_wconf 86' lang='lat' dir='ltr'>sibi</span> <span class='ocrx_word' id='word_1_162' title='bbox 707 1224 776 1244; x_wconf 88' lang='lat' dir='ltr'>esse</span> <span class='ocrx_word' id='word_1_163' title='bbox 799 1214 960 1251; x_wconf 70' lang='lat' dir='ltr'>conscios,</span> <span class='ocrx_word' id='word_1_164' title='bbox 991 1213 1066 1252; x_wconf 90' lang='lat' dir='ltr'>quin</span> <span class='ocrx_word' id='word_1_165' title='bbox 1098 1213 1168 1244; x_wconf 92' lang='lat' dir='ltr'>Deo</span> 
     </span>
    </p>
   </div>
   <div class='ocr_carea' id='block_1_11' title="bbox 202 1254 1195 1304">
    <p class='ocr_par' dir='ltr' id='par_1_12' title="bbox 202 1254 1195 1304">
     <span class='ocr_line' id='line_1_27' title="bbox 202 1254 1195 1304; baseline -0.001 -17"><span class='ocrx_word' id='word_1_166' title='bbox 202 1257 287 1297; x_wconf 91' lang='lat' dir='ltr'>quod</span> <span class='ocrx_word' id='word_1_167' title='bbox 311 1268 404 1287; x_wconf 88' lang='lat' dir='ltr'>suum</span> <span class='ocrx_word' id='word_1_168' title='bbox 429 1261 497 1287; x_wconf 87' lang='lat' dir='ltr'>erat</span> <span class='ocrx_word' id='word_1_169' title='bbox 521 1256 733 1287; x_wconf 85' lang='lat' dir='ltr'>reddiderint:</span> <span class='ocrx_word' id='word_1_170' title='bbox 758 1260 853 1296; x_wconf 84' lang='lat' dir='ltr'>atque</span> <span class='ocrx_word' id='word_1_171' title='bbox 877 1257 922 1286; x_wconf 88' lang='lat' dir='ltr'>ita</span> <span class='ocrx_word' id='word_1_172' title='bbox 945 1266 1042 1304; x_wconf 83' lang='lat' dir='ltr'>puros</span> <span class='ocrx_word' id='word_1_173' title='bbox 1064 1266 1132 1287; x_wconf 90' lang='lat' dir='ltr'>esse</span> <span class='ocrx_word' id='word_1_174' title='bbox 1152 1267 1169 1286; x_wconf 88' lang='lat' dir='ltr'>a</span> <span class='ocrx_word' id='word_1_175' title='bbox 1193 1254 1195 1260; x_wconf 72' lang='lat'><em>&#39;</em></span> 
     </span>
    </p>
   </div>
   <div class='ocr_carea' id='block_1_12' title="bbox 202 1299 1197 1811">
    <p class='ocr_par' dir='ltr' id='par_1_13' title="bbox 202 1299 1171 1811">
     <span class='ocr_line' id='line_1_28' title="bbox 202 1299 1168 1340; baseline -0.002 -9"><span class='ocrx_word' id='word_1_176' title='bbox 202 1299 380 1340; x_wconf 84' lang='lat' dir='ltr'>sacrilegio,</span> <span class='ocrx_word' id='word_1_177' title='bbox 405 1300 477 1339; x_wconf 85' lang='lat' dir='ltr'>quia</span> <span class='ocrx_word' id='word_1_178' title='bbox 501 1299 580 1330; x_wconf 89' lang='lat' dir='ltr'>nibil</span> <span class='ocrx_word' id='word_1_179' title='bbox 606 1305 753 1330; x_wconf 84' lang='lat' dir='ltr'>sanctum</span> <span class='ocrx_word' id='word_1_180' title='bbox 778 1299 935 1330; x_wconf 83' lang='lat' dir='ltr'>traxerint</span> <span class='ocrx_word' id='word_1_181' title='bbox 955 1299 988 1329; x_wconf 90' lang='lat' dir='ltr'>in</span> <span class='ocrx_word' id='word_1_182' title='bbox 1007 1309 1085 1329; x_wconf 91' lang='lat' dir='ltr'>usus</span> <span class='ocrx_word' id='word_1_183' title='bbox 1104 1300 1168 1338; x_wconf 88' lang='lat' dir='ltr'>pri—</span> 
     </span>
     <span class='ocr_line' id='line_1_29' title="bbox 204 1326 1169 1382; baseline -0.002 -9"><span class='ocrx_word' id='word_1_184' title='bbox 204 1326 431 1381; x_wconf 59' lang='lat' dir='ltr'>vatos.⁰Q110d</span> <span class='ocrx_word' id='word_1_185' title='bbox 455 1343 614 1382; x_wconf 85' lang='lat' dir='ltr'>sequitur:</span> <span class='ocrx_word' id='word_1_186' title='bbox 639 1342 711 1373; x_wconf 87' lang='lat' dir='ltr'>Non</span> <span class='ocrx_word' id='word_1_187' title='bbox 735 1343 905 1382; x_wconf 86' lang='lat' dir='ltr'>praeterivi</span> <span class='ocrx_word' id='word_1_188' title='bbox 930 1341 1082 1372; x_wconf 85' lang='lat' dir='ltr'>mandata</span> <span class='ocrx_word' id='word_1_189' title='bbox 1104 1346 1169 1378; x_wconf 85' lang='lat' dir='ltr'>tua,</span> 
     </span>
     <span class='ocr_line' id='line_1_30' title="bbox 204 1384 1169 1433; baseline -0.002 -17"><span class='ocrx_word' id='word_1_190' title='bbox 204 1396 306 1433; x_wconf 82' lang='lat' dir='ltr'>neque</span> <span class='ocrx_word' id='word_1_191' title='bbox 330 1385 449 1416; x_wconf 74' lang='lat' dir='ltr'>oblitus</span> <span class='ocrx_word' id='word_1_192' title='bbox 473 1395 560 1416; x_wconf 87' lang='lat' dir='ltr'>sum:</span> <span class='ocrx_word' id='word_1_193' title='bbox 594 1385 723 1416; x_wconf 86' lang='lat' dir='ltr'>nonnisi</span> <span class='ocrx_word' id='word_1_194' title='bbox 755 1385 794 1416; x_wconf 90' lang='lat' dir='ltr'>ad</span> <span class='ocrx_word' id='word_1_195' title='bbox 824 1396 892 1415; x_wconf 88' lang='lat' dir='ltr'>rem</span> <span class='ocrx_word' id='word_1_196' title='bbox 923 1384 961 1415; x_wconf 82' lang='lat' dir='ltr'>de</span> <span class='ocrx_word' id='word_1_197' title='bbox 991 1395 1053 1424; x_wconf 86' lang='lat' dir='ltr'>qua</span> <span class='ocrx_word' id='word_1_198' title='bbox 1084 1394 1169 1414; x_wconf 91' lang='lat' dir='ltr'>nunc</span> 
     </span>
     <span class='ocr_line' id='line_1_31' title="bbox 205 1428 605 1468; baseline 0 -10"><span class='ocrx_word' id='word_1_199' title='bbox 205 1428 329 1468; x_wconf 83' lang='lat' dir='ltr'>agitur,</span> <span class='ocrx_word' id='word_1_200' title='bbox 360 1429 472 1458; x_wconf 78' lang='lat' dir='ltr'>referri</span> <span class='ocrx_word' id='word_1_201' title='bbox 503 1428 605 1459; x_wconf 85' lang='lat' dir='ltr'>debet.</span> 
     </span>
     <span class='ocr_line' id='line_1_32' title="bbox 205 1470 1168 1511; baseline -0.001 -10"><span class='ocrx_word' id='word_1_202' title='bbox 205 1471 397 1502; x_wconf 85' lang='lat' dir='ltr'>temeritatis</span> <span class='ocrx_word' id='word_1_203' title='bbox 420 1476 452 1501; x_wconf 84' lang='lat' dir='ltr'>et</span> <span class='ocrx_word' id='word_1_204' title='bbox 476 1471 697 1511; x_wconf 80' lang='lat' dir='ltr'>arrogantiae,</span> <span class='ocrx_word' id='word_1_205' title='bbox 726 1472 845 1502; x_wconf 87' lang='lat' dir='ltr'>iactare</span> <span class='ocrx_word' id='word_1_206' title='bbox 876 1471 980 1511; x_wconf 87' lang='lat' dir='ltr'>legem</span> <span class='ocrx_word' id='word_1_207' title='bbox 1011 1470 1097 1501; x_wconf 87' lang='lat' dir='ltr'>omui</span> <span class='ocrx_word' id='word_1_208' title='bbox 1128 1481 1168 1500; x_wconf 78' lang='lat' dir='ltr'>ex</span> 
     </span>
     <span class='ocr_line' id='line_1_33' title="bbox 203 1513 1170 1554; baseline -0.002 -9"><span class='ocrx_word' id='word_1_209' title='bbox 203 1519 295 1554; x_wconf 88' lang='lat' dir='ltr'>parte</span> <span class='ocrx_word' id='word_1_210' title='bbox 319 1520 350 1544; x_wconf 88' lang='lat' dir='ltr'>et</span> <span class='ocrx_word' id='word_1_211' title='bbox 373 1514 520 1545; x_wconf 87' lang='lat' dir='ltr'>omuibus</span> <span class='ocrx_word' id='word_1_212' title='bbox 544 1514 688 1544; x_wconf 90' lang='lat' dir='ltr'>numeris</span> <span class='ocrx_word' id='word_1_213' title='bbox 711 1520 871 1544; x_wconf 79' lang='lat' dir='ltr'>servatam</span> <span class='ocrx_word' id='word_1_214' title='bbox 902 1524 920 1544; x_wconf 85' lang='lat' dir='ltr'>a</span> <span class='ocrx_word' id='word_1_215' title='bbox 954 1524 987 1544; x_wconf 85' lang='lat' dir='ltr'>se</span> <span class='ocrx_word' id='word_1_216' title='bbox 1016 1513 1115 1543; x_wconf 87' lang='lat' dir='ltr'>fuisse</span> <span class='ocrx_word' id='word_1_217' title='bbox 1138 1517 1170 1543; x_wconf 88' lang='lat' dir='ltr'>et</span> 
     </span>
     <span class='ocr_line' id='line_1_34' title="bbox 204 1555 1168 1597; baseline -0.002 -10"><span class='ocrx_word' id='word_1_218' title='bbox 204 1557 382 1596; x_wconf 86' lang='lat' dir='ltr'>impletam.</span> <span class='ocrx_word' id='word_1_219' title='bbox 425 1556 619 1597; x_wconf 80' lang='lat' dir='ltr'>Quanquam</span> <span class='ocrx_word' id='word_1_220' title='bbox 640 1557 719 1588; x_wconf 88' lang='lat' dir='ltr'>haec</span> <span class='ocrx_word' id='word_1_221' title='bbox 738 1556 889 1597; x_wconf 85' lang='lat' dir='ltr'>loquendi</span> <span class='ocrx_word' id='word_1_222' title='bbox 903 1556 1006 1587; x_wconf 86' lang='lat' dir='ltr'>forma</span> <span class='ocrx_word' id='word_1_223' title='bbox 1025 1555 1168 1586; x_wconf 85' lang='lat' dir='ltr'>studium</span> 
     </span>
     <span class='ocr_line' id='line_1_35' title="bbox 205 1599 1168 1640; baseline -0.002 -10"><span class='ocrx_word' id='word_1_224' title='bbox 205 1601 312 1640; x_wconf 89' lang='lat' dir='ltr'>potius</span> <span class='ocrx_word' id='word_1_225' title='bbox 335 1610 430 1639; x_wconf 88' lang='lat' dir='ltr'>quam</span> <span class='ocrx_word' id='word_1_226' title='bbox 456 1600 683 1639; x_wconf 81' lang='lat' dir='ltr'>perfectionem</span> <span class='ocrx_word' id='word_1_227' title='bbox 707 1599 884 1640; x_wconf 87' lang='lat' dir='ltr'>significat:</span> <span class='ocrx_word' id='word_1_228' title='bbox 909 1609 945 1631; x_wconf 90' lang='lat' dir='ltr'>ae</span> <span class='ocrx_word' id='word_1_229' title='bbox 969 1600 993 1629; x_wconf 87' lang='lat' dir='ltr'>si</span> <span class='ocrx_word' id='word_1_230' title='bbox 1019 1599 1168 1636; x_wconf 88' lang='lat' dir='ltr'>dicerent,</span> 
     </span>
     <span class='ocr_line' id='line_1_36' title="bbox 205 1641 1167 1683; baseline -0.002 -10"><span class='ocrx_word' id='word_1_231' title='bbox 205 1643 265 1673; x_wconf 90' lang='lat' dir='ltr'>sibi</span> <span class='ocrx_word' id='word_1_232' title='bbox 295 1643 327 1673; x_wconf 91' lang='lat' dir='ltr'>in</span> <span class='ocrx_word' id='word_1_233' title='bbox 358 1643 464 1673; x_wconf 89' lang='lat' dir='ltr'>auimo</span> <span class='ocrx_word' id='word_1_234' title='bbox 494 1642 592 1673; x_wconf 82' lang='lat' dir='ltr'>fuisse</span> <span class='ocrx_word' id='word_1_235' title='bbox 621 1643 820 1683; x_wconf 86' lang='lat' dir='ltr'>propositum</span> <span class='ocrx_word' id='word_1_236' title='bbox 851 1652 964 1682; x_wconf 84' lang='lat' dir='ltr'>parere</span> <span class='ocrx_word' id='word_1_237' title='bbox 987 1641 1048 1672; x_wconf 90' lang='lat' dir='ltr'>Dei</span> <span class='ocrx_word' id='word_1_238' title='bbox 1078 1652 1167 1682; x_wconf 88' lang='lat' dir='ltr'>prae-</span> 
     </span>
     <span class='ocr_line' id='line_1_37' title="bbox 205 1683 1197 1725; baseline -0.002 -9"><span class='ocrx_word' id='word_1_239' title='bbox 205 1685 315 1725; x_wconf 87' lang='lat' dir='ltr'>ceptis.</span> <span class='ocrx_word' id='word_1_240' title='bbox 361 1685 551 1716; x_wconf 85' lang='lat' dir='ltr'>Tenendum</span> <span class='ocrx_word' id='word_1_241' title='bbox 578 1690 687 1716; x_wconf 87' lang='lat' dir='ltr'>t-amen</span> <span class='ocrx_word' id='word_1_242' title='bbox 714 1685 865 1725; x_wconf 84' lang='lat' dir='ltr'>estquod</span> <span class='ocrx_word' id='word_1_243' title='bbox 885 1685 962 1722; x_wconf 76' lang='lat' dir='ltr'>dixi,</span> <span class='ocrx_word' id='word_1_244' title='bbox 986 1685 1116 1725; x_wconf 87' lang='lat' dir='ltr'>proprie</span> <span class='ocrx_word' id='word_1_245' title='bbox 1138 1683 1197 1714; x_wconf 84' lang='lat' dir='ltr'>id</span> 
     </span>
     <span class='ocr_line' id='line_1_38' title="bbox 205 1727 1171 1775; baseline -0.001 -17"><span class='ocrx_word' id='word_1_246' title='bbox 205 1733 350 1768; x_wconf 89' lang='lat' dir='ltr'>spectare</span> <span class='ocrx_word' id='word_1_247' title='bbox 374 1728 412 1758; x_wconf 90' lang='lat' dir='ltr'>ad</span> <span class='ocrx_word' id='word_1_248' title='bbox 437 1729 517 1759; x_wconf 89' lang='lat' dir='ltr'>ritus</span> <span class='ocrx_word' id='word_1_249' title='bbox 540 1728 669 1768; x_wconf 85' lang='lat' dir='ltr'>legales.</span> <span class='ocrx_word' id='word_1_250' title='bbox 714 1728 837 1759; x_wconf 89' lang='lat' dir='ltr'>Eodem</span> <span class='ocrx_word' id='word_1_251' title='bbox 861 1738 959 1759; x_wconf 88' lang='lat' dir='ltr'>sensu</span> <span class='ocrx_word' id='word_1_252' title='bbox 982 1727 1076 1767; x_wconf 84' lang='lat' dir='ltr'>paulo</span> <span class='ocrx_word' id='word_1_253' title='bbox 1099 1731 1171 1775; x_wconf 81' lang='lat' dir='ltr'>post</span> 
     </span>
     <span class='ocr_line' id='line_1_39' title="bbox 209 1769 1169 1811; baseline -0.002 -10"><span class='ocrx_word' id='word_1_254' title='bbox 209 1771 340 1802; x_wconf 84' lang='lat' dir='ltr'>dieitur:</span> <span class='ocrx_word' id='word_1_255' title='bbox 377 1771 454 1802; x_wconf 85' lang='lat' dir='ltr'>Feci</span> <span class='ocrx_word' id='word_1_256' title='bbox 473 1771 649 1802; x_wconf 87' lang='lat' dir='ltr'>seeundum</span> <span class='ocrx_word' id='word_1_257' title='bbox 671 1772 779 1802; x_wconf 91' lang='lat' dir='ltr'>omnia</span> <span class='ocrx_word' id='word_1_258' title='bbox 802 1781 882 1811; x_wconf 85' lang='lat' dir='ltr'>quae</span> <span class='ocrx_word' id='word_1_259' title='bbox 903 1770 982 1801; x_wconf 88' lang='lat' dir='ltr'>mihi</span> <span class='ocrx_word' id='word_1_260' title='bbox 1008 1769 1169 1810; x_wconf 81' lang='lat' dir='ltr'>praecepit</span> 
     </span>
    </p>
   </div>
   <div class='ocr_carea' id='block_1_13' title="bbox 892 178 1496 212">
    <p class='ocr_par' dir='ltr' id='par_1_14' title="bbox 892 178 1496 212">
     <span class='ocr_line' id='line_1_40' title="bbox 892 178 1496 212; baseline -0.003 -1"><span class='ocrx_word' id='word_1_261' title='bbox 892 178 1143 212; x_wconf 84' lang='lat' dir='ltr'>SECUNDUM</span> <span class='ocrx_word' id='word_1_262' title='bbox 1177 179 1496 210; x_wconf 72' lang='lat' dir='ltr'>PRAECEPTUM.</span> 
     </span>
    </p>
   </div>
   <div class='ocr_carea' id='block_1_14' title="bbox 493 784 1192 816">
    <p class='ocr_par' dir='ltr' id='par_1_15' title="bbox 493 784 1192 816">
     <span class='ocr_line' id='line_1_41' title="bbox 493 784 1192 816; baseline -0.001 0"><span class='ocrx_word' id='word_1_263' title='bbox 493 796 528 816; x_wconf 86' lang='lat' dir='ltr'>ac</span> <span class='ocrx_word' id='word_1_264' title='bbox 555 786 582 816; x_wconf 87' lang='lat' dir='ltr'>si</span> <span class='ocrx_word' id='word_1_265' title='bbox 605 786 637 815; x_wconf 91' lang='lat' dir='ltr'>iu</span> <span class='ocrx_word' id='word_1_266' title='bbox 662 786 731 816; x_wconf 85' lang='lat' dir='ltr'>eius</span> <span class='ocrx_word' id='word_1_267' title='bbox 760 795 891 816; x_wconf 90' lang='lat' dir='ltr'>manum</span> <span class='ocrx_word' id='word_1_268' title='bbox 915 795 970 815; x_wconf 89' lang='lat' dir='ltr'>eas</span> <span class='ocrx_word' id='word_1_269' title='bbox 994 784 1164 816; x_wconf 86' lang='lat' dir='ltr'>solverent.</span> <span class='ocrx_word' id='word_1_270' title='bbox 1191 791 1192 794; x_wconf 75' lang='grc'>’</span> 
     </span>
    </p>
   </div>
   <div class='ocr_carea' id='block_1_15' title="bbox 975 1170 1194 1201">
    <p class='ocr_par' dir='ltr' id='par_1_16' title="bbox 975 1170 1194 1201">
     <span class='ocr_line' id='line_1_42' title="bbox 975 1170 1194 1201; baseline 0 -1"><span class='ocrx_word' id='word_1_271' title='bbox 975 1170 1167 1201; x_wconf 83' lang='lat' dir='ltr'>tantundem</span> <span class='ocrx_word' id='word_1_272' title='bbox 1193 1172 1194 1176; x_wconf 75' lang='grc'>’</span> 
     </span>
    </p>
   </div>
   <div class='ocr_carea' id='block_1_16' title="bbox 656 1427 1195 1468">
    <p class='ocr_par' dir='ltr' id='par_1_17' title="bbox 656 1427 1195 1468">
     <span class='ocr_line' id='line_1_43' title="bbox 656 1427 1195 1468; baseline -0.002 -10"><span class='ocrx_word' id='word_1_273' title='bbox 656 1428 762 1459; x_wconf 86' lang='lat' dir='ltr'>Nimis</span> <span class='ocrx_word' id='word_1_274' title='bbox 794 1429 879 1458; x_wconf 87' lang='lat' dir='ltr'>enim</span> <span class='ocrx_word' id='word_1_275' title='bbox 910 1427 1029 1459; x_wconf 82' lang='lat' dir='ltr'>stultae</span> <span class='ocrx_word' id='word_1_276' title='bbox 1058 1427 1168 1458; x_wconf 90' lang='lat' dir='ltr'>fuisset</span> <span class='ocrx_word' id='word_1_277' title='bbox 1194 1446 1195 1468; x_wconf 54' lang='lat'>;</span> 
     </span>
    </p>
   </div>
   <div class='ocr_carea' id='block_1_17' title="bbox 2116 180 2180 212">
    <p class='ocr_par' dir='ltr' id='par_1_18' title="bbox 2116 180 2180 212">
     <span class='ocr_line' id='line_1_44' title="bbox 2116 180 2180 212; baseline 0 -1"><span class='ocrx_word' id='word_1_278' title='bbox 2116 180 2180 212; x_wconf 79' lang='lat'>484</span> 
     </span>
    </p>
   </div>
   <div class='ocr_carea' id='block_1_18' title="bbox 1187 271 2184 1422">
    <p class='ocr_par' dir='ltr' id='par_1_19' title="bbox 1187 271 2184 1422">
     <span class='ocr_line' id='line_1_45' title="bbox 1187 271 2177 311; baseline 0.002 -8"><span class='ocrx_word' id='word_1_279' title='bbox 1187 274 1189 295; x_wconf 75' lang='lat' dir='ltr'>l</span> <span class='ocrx_word' id='word_1_280' title='bbox 1215 278 1304 303; x_wconf 87' lang='lat' dir='ltr'>runt:</span> <span class='ocrx_word' id='word_1_281' title='bbox 1328 273 1418 304; x_wconf 90' lang='lat' dir='ltr'>Nihil</span> <span class='ocrx_word' id='word_1_282' title='bbox 1442 271 1543 302; x_wconf 79' lang='lat' dir='ltr'>extuli</span> <span class='ocrx_word' id='word_1_283' title='bbox 1568 272 1599 300; x_wconf 90' lang='lat' dir='ltr'>iu</span> <span class='ocrx_word' id='word_1_284' title='bbox 1625 281 1658 300; x_wconf 90' lang='lat' dir='ltr'>re</span> <span class='ocrx_word' id='word_1_285' title='bbox 1681 271 1824 310; x_wconf 86' lang='lat' dir='ltr'>profana.</span> <span class='ocrx_word' id='word_1_286' title='bbox 1871 272 1941 311; x_wconf 88' lang='lat' dir='ltr'>Ego</span> <span class='ocrx_word' id='word_1_287' title='bbox 1966 283 2041 303; x_wconf 80' lang='lat' dir='ltr'>vero</span> <span class='ocrx_word' id='word_1_288' title='bbox 2060 283 2177 305; x_wconf 89' lang='lat' dir='ltr'>nomen</span> 
     </span>
     <span class='ocr_line' id='line_1_46' title="bbox 1214 313 2178 355; baseline 0 -8"><span class='ocrx_word' id='word_1_289' title='bbox 1214 322 1284 347; x_wconf 55' lang='lat' dir='ltr'>sn:</span> <span class='ocrx_word' id='word_1_290' title='bbox 1320 315 1547 346; x_wconf 68' lang='lat' dir='ltr'>adverbialiter</span> <span class='ocrx_word' id='word_1_291' title='bbox 1578 313 1716 353; x_wconf 65' lang='lat' dir='ltr'>pesitum</span> <span class='ocrx_word' id='word_1_292' title='bbox 1748 324 1817 345; x_wconf 89' lang='lat' dir='ltr'>esse</span> <span class='ocrx_word' id='word_1_293' title='bbox 1849 314 2000 345; x_wconf 82' lang='lat' dir='ltr'>existimo</span> <span class='ocrx_word' id='word_1_294' title='bbox 2029 326 2084 355; x_wconf 90' lang='lat' dir='ltr'>pro</span> <span class='ocrx_word' id='word_1_295' title='bbox 2116 317 2178 347; x_wconf 91' lang='lat' dir='ltr'>im—</span> 
     </span>
     <span class='ocr_line' id='line_1_47' title="bbox 1215 356 2178 398; baseline 0.001 -9"><span class='ocrx_word' id='word_1_296' title='bbox 1215 369 1307 398; x_wconf 88' lang='lat' dir='ltr'>pure,</span> <span class='ocrx_word' id='word_1_297' title='bbox 1344 364 1378 389; x_wconf 88' lang='lat' dir='ltr'>ut</span> <span class='ocrx_word' id='word_1_298' title='bbox 1408 362 1542 388; x_wconf 82' lang='lat' dir='ltr'>testetur</span> <span class='ocrx_word' id='word_1_299' title='bbox 1572 356 1709 395; x_wconf 88' lang='lat' dir='ltr'>populus</span> <span class='ocrx_word' id='word_1_300' title='bbox 1739 367 1772 387; x_wconf 90' lang='lat' dir='ltr'>se</span> <span class='ocrx_word' id='word_1_301' title='bbox 1803 367 1866 387; x_wconf 91' lang='lat' dir='ltr'>non</span> <span class='ocrx_word' id='word_1_302' title='bbox 1896 357 1994 388; x_wconf 85' lang='lat' dir='ltr'>fuisse</span> <span class='ocrx_word' id='word_1_303' title='bbox 2018 358 2178 397; x_wconf 81' lang='lat' dir='ltr'>pollutum</span> 
     </span>
     <span class='ocr_line' id='line_1_48' title="bbox 1217 398 2178 442; baseline 0.001 -10"><span class='ocrx_word' id='word_1_304' title='bbox 1217 401 1269 432; x_wconf 85' lang='lat' dir='ltr'>vel</span> <span class='ocrx_word' id='word_1_305' title='bbox 1289 406 1558 436; x_wconf 74' lang='lat' dir='ltr'>contammatum</span> <span class='ocrx_word' id='word_1_306' title='bbox 1592 398 1766 438; x_wconf 81' lang='lat' dir='ltr'>quidquam</span> <span class='ocrx_word' id='word_1_307' title='bbox 1791 399 2019 431; x_wconf 86' lang='lat' dir='ltr'>subtrahendo.</span> <span class='ocrx_word' id='word_1_308' title='bbox 2064 400 2178 442; x_wconf 81' lang='lat' dir='ltr'>Itaque</span> 
     </span>
     <span class='ocr_line' id='line_1_49' title="bbox 1217 441 2179 484; baseline 0.001 -10"><span class='ocrx_word' id='word_1_309' title='bbox 1217 442 1444 484; x_wconf 84' lang='lat' dir='ltr'>(meoiudicio)</span> <span class='ocrx_word' id='word_1_310' title='bbox 1466 453 1527 472; x_wconf 91' lang='lat' dir='ltr'>non</span> <span class='ocrx_word' id='word_1_311' title='bbox 1541 441 1624 472; x_wconf 88' lang='lat' dir='ltr'>male</span> <span class='ocrx_word' id='word_1_312' title='bbox 1639 446 1767 472; x_wconf 88' lang='lat' dir='ltr'>vertunt</span> <span class='ocrx_word' id='word_1_313' title='bbox 1787 442 1933 482; x_wconf 87' lang='lat' dir='ltr'>quidam:</span> <span class='ocrx_word' id='word_1_314' title='bbox 1959 442 2047 473; x_wconf 87' lang='lat' dir='ltr'>Per</span> <span class='ocrx_word' id='word_1_315' title='bbox 2040 453 2179 475; x_wconf 80' lang='lat' dir='ltr'>numun-</span> 
     </span>
     <span class='ocr_line' id='line_1_50' title="bbox 1217 484 2180 533; baseline 0.002 -17"><span class='ocrx_word' id='word_1_316' title='bbox 1217 486 1338 517; x_wconf 78' lang='lat' dir='ltr'>diti-am.</span> <span class='ocrx_word' id='word_1_317' title='bbox 1385 486 1496 533; x_wconf 82' lang='lat' dir='ltr'>Neque</span> <span class='ocrx_word' id='word_1_318' title='bbox 1519 484 1604 514; x_wconf 88' lang='lat' dir='ltr'>enim</span> <span class='ocrx_word' id='word_1_319' title='bbox 1629 489 1754 514; x_wconf 86' lang='lat' dir='ltr'>vertere</span> <span class='ocrx_word' id='word_1_320' title='bbox 1776 484 1810 514; x_wconf 88' lang='lat' dir='ltr'>in</span> <span class='ocrx_word' id='word_1_321' title='bbox 1834 485 1913 516; x_wconf 84' lang='lat' dir='ltr'>alios</span> <span class='ocrx_word' id='word_1_322' title='bbox 1937 495 2012 516; x_wconf 91' lang='lat' dir='ltr'>usus</span> <span class='ocrx_word' id='word_1_323' title='bbox 2033 490 2180 525; x_wconf 80' lang='lat' dir='ltr'>poterant</span> 
     </span>
     <span class='ocr_line' id='line_1_51' title="bbox 1189 527 2178 569; baseline 0 -10"><span class='ocrx_word' id='word_1_324' title='bbox 1189 534 1191 569; x_wconf 56' lang='grc' dir='ltr'>ι</span> <span class='ocrx_word' id='word_1_325' title='bbox 1217 529 1371 565; x_wconf 36' lang='grc' dir='ltr'>ἀεοίιιιιμ5</span> <span class='ocrx_word' id='word_1_326' title='bbox 1403 529 1479 568; x_wconf 88' lang='lat' dir='ltr'>quin</span> <span class='ocrx_word' id='word_1_327' title='bbox 1511 538 1548 557; x_wconf 84' lang='lat' dir='ltr'>ex</span> <span class='ocrx_word' id='word_1_328' title='bbox 1572 527 1673 566; x_wconf 90' lang='lat' dir='ltr'>impio</span> <span class='ocrx_word' id='word_1_329' title='bbox 1696 527 1797 557; x_wconf 85' lang='lat' dir='ltr'>abusu</span> <span class='ocrx_word' id='word_1_330' title='bbox 1821 527 2050 558; x_wconf 81' lang='lat' dir='ltr'>contraherent</span> <span class='ocrx_word' id='word_1_331' title='bbox 2073 529 2178 568; x_wconf 88' lang='lat' dir='ltr'>pollu-</span> 
     </span>
     <span class='ocr_line' id='line_1_52' title="bbox 1218 570 2179 611; baseline 0.001 -9"><span class='ocrx_word' id='word_1_332' title='bbox 1218 573 1346 602; x_wconf 89' lang='lat' dir='ltr'>tionem.</span> <span class='ocrx_word' id='word_1_333' title='bbox 1398 571 1436 601; x_wconf 93' lang='lat' dir='ltr'>Iu</span> <span class='ocrx_word' id='word_1_334' title='bbox 1469 571 1561 600; x_wconf 80' lang='lat' dir='ltr'>tertio</span> <span class='ocrx_word' id='word_1_335' title='bbox 1592 570 1735 600; x_wconf 89' lang='lat' dir='ltr'>membro</span> <span class='ocrx_word' id='word_1_336' title='bbox 1766 571 1867 601; x_wconf 88' lang='lat' dir='ltr'>maior</span> <span class='ocrx_word' id='word_1_337' title='bbox 1899 574 1948 601; x_wconf 86' lang='lat' dir='ltr'>est</span> <span class='ocrx_word' id='word_1_338' title='bbox 1976 571 2179 611; x_wconf 82' lang='lat' dir='ltr'>ambiguitas.</span> 
     </span>
     <span class='ocr_line' id='line_1_53' title="bbox 1220 612 2179 646; baseline 0.001 -1"><span class='ocrx_word' id='word_1_339' title='bbox 1220 613 1270 645; x_wconf 85' lang='lat' dir='ltr'>Ad</span> <span class='ocrx_word' id='word_1_340' title='bbox 1290 614 1422 645; x_wconf 86' lang='lat' dir='ltr'>verbum</span> <span class='ocrx_word' id='word_1_341' title='bbox 1448 618 1511 643; x_wconf 85' lang='lat' dir='ltr'>est:</span> <span class='ocrx_word' id='word_1_342' title='bbox 1536 612 1607 643; x_wconf 89' lang='lat' dir='ltr'>Nou</span> <span class='ocrx_word' id='word_1_343' title='bbox 1629 612 1701 643; x_wconf 86' lang='lat' dir='ltr'>dedi</span> <span class='ocrx_word' id='word_1_344' title='bbox 1720 612 1795 644; x_wconf 87' lang='lat' dir='ltr'>inde</span> <span class='ocrx_word' id='word_1_345' title='bbox 1815 618 1950 644; x_wconf 85' lang='lat' dir='ltr'>mortuo.</span> <span class='ocrx_word' id='word_1_346' title='bbox 1975 613 2013 643; x_wconf 88' lang='lat' dir='ltr'>In</span> <span class='ocrx_word' id='word_1_347' title='bbox 2034 614 2179 646; x_wconf 87' lang='lat' dir='ltr'>versione</span> 
     </span>
     <span class='ocr_line' id='line_1_54' title="bbox 1218 655 2181 696; baseline 0.001 -9"><span class='ocrx_word' id='word_1_348' title='bbox 1218 663 1372 696; x_wconf 87' lang='lat' dir='ltr'>sequutus</span> <span class='ocrx_word' id='word_1_349' title='bbox 1395 668 1464 687; x_wconf 67' lang='lat' dir='ltr'>sum</span> <span class='ocrx_word' id='word_1_350' title='bbox 1490 666 1542 685; x_wconf 88' lang='lat' dir='ltr'>eos</span> <span class='ocrx_word' id='word_1_351' title='bbox 1565 655 1620 694; x_wconf 86' lang='lat' dir='ltr'>qui</span> <span class='ocrx_word' id='word_1_352' title='bbox 1644 665 1700 694; x_wconf 88' lang='lat' dir='ltr'>pro</span> <span class='ocrx_word' id='word_1_353' title='bbox 1724 655 1835 686; x_wconf 86' lang='lat' dir='ltr'>funere</span> <span class='ocrx_word' id='word_1_354' title='bbox 1859 661 1890 686; x_wconf 89' lang='lat' dir='ltr'>et</span> <span class='ocrx_word' id='word_1_355' title='bbox 1912 656 2075 696; x_wconf 83' lang='lat' dir='ltr'>exsequiis</span> <span class='ocrx_word' id='word_1_356' title='bbox 2103 658 2181 689; x_wconf 82' lang='lat' dir='ltr'>acci-</span> 
     </span>
     <span class='ocr_line' id='line_1_55' title="bbox 1190 696 2181 743; baseline 0.001 -13"><span class='ocrx_word' id='word_1_357' title='bbox 1190 696 1192 743; x_wconf 55' lang='grc' dir='ltr'>ἰ</span> <span class='ocrx_word' id='word_1_358' title='bbox 1219 700 1320 739; x_wconf 90' lang='lat' dir='ltr'>piunt.</span> <span class='ocrx_word' id='word_1_359' title='bbox 1367 698 1506 738; x_wconf 79' lang='lat' dir='ltr'>Quidam</span> <span class='ocrx_word' id='word_1_360' title='bbox 1539 703 1646 728; x_wconf 85' lang='lat' dir='ltr'>tamen</span> <span class='ocrx_word' id='word_1_361' title='bbox 1678 698 1896 737; x_wconf 83' lang='lat' dir='ltr'>metaphorice</span> <span class='ocrx_word' id='word_1_362' title='bbox 1919 709 2036 730; x_wconf 89' lang='lat' dir='ltr'>nomen</span> <span class='ocrx_word' id='word_1_363' title='bbox 2061 700 2181 731; x_wconf 84' lang='lat' dir='ltr'>mortui</span> 
     </span>
     <span class='ocr_line' id='line_1_56' title="bbox 1218 740 2181 783; baseline 0 -10"><span class='ocrx_word' id='word_1_364' title='bbox 1218 743 1359 782; x_wconf 88' lang='lat' dir='ltr'>positum</span> <span class='ocrx_word' id='word_1_365' title='bbox 1390 752 1459 772; x_wconf 83' lang='lat' dir='ltr'>esse</span> <span class='ocrx_word' id='word_1_366' title='bbox 1489 740 1603 771; x_wconf 88' lang='lat' dir='ltr'>volunt</span> <span class='ocrx_word' id='word_1_367' title='bbox 1631 751 1687 780; x_wconf 89' lang='lat' dir='ltr'>pro</span> <span class='ocrx_word' id='word_1_368' title='bbox 1717 752 1750 771; x_wconf 86' lang='lat' dir='ltr'>re</span> <span class='ocrx_word' id='word_1_369' title='bbox 1781 740 1964 779; x_wconf 86' lang='lat' dir='ltr'>immunda,</span> <span class='ocrx_word' id='word_1_370' title='bbox 1995 741 2049 772; x_wconf 90' lang='lat' dir='ltr'>alii</span> <span class='ocrx_word' id='word_1_371' title='bbox 2078 743 2181 783; x_wconf 85' lang='lat' dir='ltr'>magis</span> 
     </span>
     <span class='ocr_line' id='line_1_57' title="bbox 1218 783 2181 824; baseline 0.001 -8"><span class='ocrx_word' id='word_1_372' title='bbox 1218 790 1325 817; x_wconf 86' lang='lat' dir='ltr'>coacte</span> <span class='ocrx_word' id='word_1_373' title='bbox 1353 795 1409 824; x_wconf 89' lang='lat' dir='ltr'>pre</span> <span class='ocrx_word' id='word_1_374' title='bbox 1439 784 1593 823; x_wconf 80' lang='lat' dir='ltr'>impensis</span> <span class='ocrx_word' id='word_1_375' title='bbox 1629 794 1710 823; x_wconf 89' lang='lat' dir='ltr'>quae</span> <span class='ocrx_word' id='word_1_376' title='bbox 1741 783 1779 814; x_wconf 84' lang='lat' dir='ltr'>ad</span> <span class='ocrx_word' id='word_1_377' title='bbox 1811 784 2010 815; x_wconf 86' lang='lat' dir='ltr'>tolerandam</span> <span class='ocrx_word' id='word_1_378' title='bbox 2041 784 2181 817; x_wconf 85' lang='lat' dir='ltr'>hominis</span> 
     </span>
     <span class='ocr_line' id='line_1_58' title="bbox 1219 826 2180 867; baseline 0.001 -9"><span class='ocrx_word' id='word_1_379' title='bbox 1219 828 1318 858; x_wconf 85' lang='lat' dir='ltr'>vitam</span> <span class='ocrx_word' id='word_1_380' title='bbox 1354 827 1433 858; x_wconf 91' lang='lat' dir='ltr'>nihil</span> <span class='ocrx_word' id='word_1_381' title='bbox 1469 827 1598 858; x_wconf 84' lang='lat' dir='ltr'>faciunt.</span> <span class='ocrx_word' id='word_1_382' title='bbox 1645 826 1809 865; x_wconf 82' lang='lat' dir='ltr'>Quorsum</span> <span class='ocrx_word' id='word_1_383' title='bbox 1838 831 1944 858; x_wconf 88' lang='lat' dir='ltr'>tamen</span> <span class='ocrx_word' id='word_1_384' title='bbox 1980 826 2011 857; x_wconf 87' lang='lat' dir='ltr'>id</span> <span class='ocrx_word' id='word_1_385' title='bbox 2045 826 2180 867; x_wconf 86' lang='lat' dir='ltr'>dicatur,</span> 
     </span>
     <span class='ocr_line' id='line_1_59' title="bbox 1220 868 2180 910; baseline 0.001 -9"><span class='ocrx_word' id='word_1_386' title='bbox 1220 871 1361 901; x_wconf 88' lang='lat' dir='ltr'>nondum</span> <span class='ocrx_word' id='word_1_387' title='bbox 1387 871 1501 909; x_wconf 88' lang='lat' dir='ltr'>liquet,</span> <span class='ocrx_word' id='word_1_388' title='bbox 1537 868 1617 899; x_wconf 87' lang='lat' dir='ltr'>nihil</span> <span class='ocrx_word' id='word_1_389' title='bbox 1647 869 1679 899; x_wconf 91' lang='lat' dir='ltr'>in</span> <span class='ocrx_word' id='word_1_390' title='bbox 1710 870 1821 900; x_wconf 86' lang='lat' dir='ltr'>funere</span> <span class='ocrx_word' id='word_1_391' title='bbox 1848 874 2070 910; x_wconf 85' lang='lat' dir='ltr'>consumptum</span> <span class='ocrx_word' id='word_1_392' title='bbox 2102 881 2180 902; x_wconf 86' lang='lat' dir='ltr'>esse.</span> 
     </span>
     <span class='ocr_line' id='line_1_60' title="bbox 1219 911 2180 953; baseline 0 -9"><span class='ocrx_word' id='word_1_393' title='bbox 1219 913 1426 944; x_wconf 84' lang='lat' dir='ltr'>Immundum</span> <span class='ocrx_word' id='word_1_394' title='bbox 1453 911 1578 952; x_wconf 84' lang='lat' dir='ltr'>quidem</span> <span class='ocrx_word' id='word_1_395' title='bbox 1605 916 1673 943; x_wconf 87' lang='lat' dir='ltr'>erat</span> <span class='ocrx_word' id='word_1_396' title='bbox 1685 911 1840 951; x_wconf 87' lang='lat' dir='ltr'>quidquid</span> <span class='ocrx_word' id='word_1_397' title='bbox 1861 913 2013 953; x_wconf 80' lang='lat' dir='ltr'>attigerat</span> <span class='ocrx_word' id='word_1_398' title='bbox 2030 912 2180 944; x_wconf 81' lang='lat' dir='ltr'>cadaver:</span> 
     </span>
     <span class='ocr_line' id='line_1_61' title="bbox 1193 955 2183 1000; baseline 0.001 -14"><span class='ocrx_word' id='word_1_399' title='bbox 1193 971 1194 1000; x_wconf 49' lang='grc' dir='ltr'>ι</span> <span class='ocrx_word' id='word_1_400' title='bbox 1220 956 1290 987; x_wconf 84' lang='lat' dir='ltr'>ideo</span> <span class='ocrx_word' id='word_1_401' title='bbox 1315 956 1442 995; x_wconf 86' lang='lat' dir='ltr'>quidam</span> <span class='ocrx_word' id='word_1_402' title='bbox 1468 959 1635 995; x_wconf 74' lang='lat' dir='ltr'>exponunt</span> <span class='ocrx_word' id='word_1_403' title='bbox 1658 965 1721 985; x_wconf 90' lang='lat' dir='ltr'>non</span> <span class='ocrx_word' id='word_1_404' title='bbox 1746 955 1885 994; x_wconf 84' lang='lat' dir='ltr'>pollutas</span> <span class='ocrx_word' id='word_1_405' title='bbox 1909 956 2007 986; x_wconf 83' lang='lat' dir='ltr'>fuisse</span> <span class='ocrx_word' id='word_1_406' title='bbox 2033 956 2183 987; x_wconf 84' lang='lat' dir='ltr'>victimas</span> 
     </span>
     <span class='ocr_line' id='line_1_62' title="bbox 1193 996 2183 1039; baseline 0 -9"><span class='ocrx_word' id='word_1_407' title='bbox 1193 1016 1195 1030; x_wconf 57' lang='grc' dir='ltr'>ι</span> <span class='ocrx_word' id='word_1_408' title='bbox 1220 999 1253 1029; x_wconf 90' lang='lat' dir='ltr'>in</span> <span class='ocrx_word' id='word_1_409' title='bbox 1274 999 1386 1029; x_wconf 82' lang='lat' dir='ltr'>funere</span> <span class='ocrx_word' id='word_1_410' title='bbox 1410 998 1560 1029; x_wconf 77' lang='lat' dir='ltr'>curando,</span> <span class='ocrx_word' id='word_1_411' title='bbox 1611 996 1704 1036; x_wconf 79' lang='lat' dir='ltr'>Quod</span> <span class='ocrx_word' id='word_1_412' title='bbox 1727 998 1753 1028; x_wconf 91' lang='lat' dir='ltr'>si</span> <span class='ocrx_word' id='word_1_413' title='bbox 1780 997 1900 1037; x_wconf 89' lang='lat' dir='ltr'>placet,</span> <span class='ocrx_word' id='word_1_414' title='bbox 1935 1008 1993 1038; x_wconf 89' lang='lat' dir='ltr'>per</span> <span class='ocrx_word' id='word_1_415' title='bbox 2025 998 2183 1039; x_wconf 86' lang='lat' dir='ltr'>synecdo-</span> 
     </span>
     <span class='ocr_line' id='line_1_63' title="bbox 1221 1040 2181 1082; baseline 0.001 -10"><span class='ocrx_word' id='word_1_416' title='bbox 1221 1041 1300 1072; x_wconf 87' lang='lat' dir='ltr'>chen</span> <span class='ocrx_word' id='word_1_417' title='bbox 1324 1042 1421 1072; x_wconf 83' lang='lat' dir='ltr'>fuuus</span> <span class='ocrx_word' id='word_1_418' title='bbox 1441 1041 1572 1080; x_wconf 88' lang='lat' dir='ltr'>ponitur</span> <span class='ocrx_word' id='word_1_419' title='bbox 1586 1051 1644 1080; x_wconf 87' lang='lat' dir='ltr'>pro</span> <span class='ocrx_word' id='word_1_420' title='bbox 1664 1040 1806 1080; x_wconf 86' lang='lat' dir='ltr'>qualibet</span> <span class='ocrx_word' id='word_1_421' title='bbox 1829 1051 1863 1071; x_wconf 89' lang='lat' dir='ltr'>re</span> <span class='ocrx_word' id='word_1_422' title='bbox 1886 1040 2064 1072; x_wconf 89' lang='lat' dir='ltr'>immunda.</span> <span class='ocrx_word' id='word_1_423' title='bbox 2109 1042 2181 1082; x_wconf 84' lang='lat' dir='ltr'>Ego</span> 
     </span>
     <span class='ocr_line' id='line_1_64' title="bbox 1193 1083 2184 1134; baseline 0 -19"><span class='ocrx_word' id='word_1_424' title='bbox 1193 1106 1194 1134; x_wconf 31' lang='grc'>1</span> <span class='ocrx_word' id='word_1_425' title='bbox 1221 1089 1326 1115; x_wconf 86' lang='lat' dir='ltr'>tamen</span> <span class='ocrx_word' id='word_1_426' title='bbox 1353 1085 1457 1124; x_wconf 84' lang='lat' dir='ltr'>potius</span> <span class='ocrx_word' id='word_1_427' title='bbox 1488 1083 1625 1114; x_wconf 87' lang='lat' dir='ltr'>arbitror</span> <span class='ocrx_word' id='word_1_428' title='bbox 1656 1083 1714 1114; x_wconf 89' lang='lat' dir='ltr'>sub</span> <span class='ocrx_word' id='word_1_429' title='bbox 1738 1094 1802 1114; x_wconf 88' lang='lat' dir='ltr'>una</span> <span class='ocrx_word' id='word_1_430' title='bbox 1825 1083 1931 1124; x_wconf 86' lang='lat' dir='ltr'>specie</span> <span class='ocrx_word' id='word_1_431' title='bbox 1954 1084 2184 1124; x_wconf 86' lang='lat' dir='ltr'>comprehendi</span> 
     </span>
     <span class='ocr_line' id='line_1_65' title="bbox 1220 1126 2183 1166; baseline 0 -8"><span class='ocrx_word' id='word_1_432' title='bbox 1220 1138 1272 1158; x_wconf 89' lang='lat' dir='ltr'>res</span> <span class='ocrx_word' id='word_1_433' title='bbox 1305 1137 1415 1157; x_wconf 86' lang='lat' dir='ltr'>omnes</span> <span class='ocrx_word' id='word_1_434' title='bbox 1449 1137 1529 1165; x_wconf 84' lang='lat' dir='ltr'>quae</span> <span class='ocrx_word' id='word_1_435' title='bbox 1558 1126 1696 1165; x_wconf 84' lang='lat' dir='ltr'>speciem</span> <span class='ocrx_word' id='word_1_436' title='bbox 1732 1127 1861 1166; x_wconf 87' lang='lat' dir='ltr'>pietatis</span> <span class='ocrx_word' id='word_1_437' title='bbox 1891 1137 1966 1166; x_wconf 88' lang='lat' dir='ltr'>prae</span> <span class='ocrx_word' id='word_1_438' title='bbox 1997 1137 2030 1158; x_wconf 89' lang='lat' dir='ltr'>se</span> <span class='ocrx_word' id='word_1_439' title='bbox 2065 1127 2183 1158; x_wconf 79' lang='lat' dir='ltr'>ferunt.</span> 
     </span>
     <span class='ocr_line' id='line_1_66' title="bbox 1223 1168 2183 1210; baseline 0.001 -10"><span class='ocrx_word' id='word_1_440' title='bbox 1223 1171 1368 1200; x_wconf 83' lang='lat' dir='ltr'>Mortuos</span> <span class='ocrx_word' id='word_1_441' title='bbox 1392 1169 1525 1209; x_wconf 71' lang='lat' dir='ltr'>sepelire</span> <span class='ocrx_word' id='word_1_442' title='bbox 1557 1168 1716 1199; x_wconf 67' lang='lat' dir='ltr'>tandabile</span> <span class='ocrx_word' id='word_1_443' title='bbox 1735 1170 1874 1200; x_wconf 82' lang='lat' dir='ltr'>officium</span> <span class='ocrx_word' id='word_1_444' title='bbox 1896 1173 1974 1207; x_wconf 88' lang='lat' dir='ltr'>erat,</span> <span class='ocrx_word' id='word_1_445' title='bbox 1994 1180 2030 1201; x_wconf 86' lang='lat' dir='ltr'>ac</span> <span class='ocrx_word' id='word_1_446' title='bbox 2053 1170 2183 1210; x_wconf 87' lang='lat' dir='ltr'>pietatis</span> 
     </span>
     <span class='ocr_line' id='line_1_67' title="bbox 1193 1212 2183 1253; baseline 0 -10"><span class='ocrx_word' id='word_1_447' title='bbox 1193 1229 1194 1253; x_wconf 52' lang='grc' dir='ltr'>ι</span> <span class='ocrx_word' id='word_1_448' title='bbox 1222 1213 1420 1248; x_wconf 73' lang='lat' dir='ltr'>exercitium,</span> <span class='ocrx_word' id='word_1_449' title='bbox 1452 1213 1495 1242; x_wconf 89' lang='lat' dir='ltr'>ita</span> <span class='ocrx_word' id='word_1_450' title='bbox 1527 1213 1678 1243; x_wconf 84' lang='lat' dir='ltr'>honestus</span> <span class='ocrx_word' id='word_1_451' title='bbox 1708 1212 1794 1242; x_wconf 70' lang='lat' dir='ltr'>color</span> <span class='ocrx_word' id='word_1_452' title='bbox 1824 1212 1894 1252; x_wconf 89' lang='lat' dir='ltr'>plus</span> <span class='ocrx_word' id='word_1_453' title='bbox 1926 1212 2073 1244; x_wconf 85' lang='lat' dir='ltr'>licentiae</span> <span class='ocrx_word' id='word_1_454' title='bbox 2107 1212 2183 1243; x_wconf 86' lang='lat' dir='ltr'>dare</span> 
     </span>
     <span class='ocr_line' id='line_1_68' title="bbox 1220 1254 2183 1295; baseline 0 -9"><span class='ocrx_word' id='word_1_455' title='bbox 1220 1260 1354 1295; x_wconf 87' lang='lat' dir='ltr'>poterat.</span> <span class='ocrx_word' id='word_1_456' title='bbox 1379 1255 1449 1286; x_wconf 89' lang='lat' dir='ltr'>Hoc</span> <span class='ocrx_word' id='word_1_457' title='bbox 1474 1255 1572 1295; x_wconf 77' lang='lat' dir='ltr'>igitur</span> <span class='ocrx_word' id='word_1_458' title='bbox 1597 1254 1692 1285; x_wconf 84' lang='lat' dir='ltr'>verbo</span> <span class='ocrx_word' id='word_1_459' title='bbox 1717 1256 1827 1285; x_wconf 86' lang='lat' dir='ltr'>testari</span> <span class='ocrx_word' id='word_1_460' title='bbox 1842 1254 1932 1286; x_wconf 88' lang='lat' dir='ltr'>Deus</span> <span class='ocrx_word' id='word_1_461' title='bbox 1955 1255 2059 1286; x_wconf 85' lang='lat' dir='ltr'>voluit</span> <span class='ocrx_word' id='word_1_462' title='bbox 2081 1255 2183 1287; x_wconf 84' lang='lat' dir='ltr'>[srae-</span> 
     </span>
     <span class='ocr_line' id='line_1_69' title="bbox 1223 1298 2183 1338; baseline 0 -9"><span class='ocrx_word' id='word_1_463' title='bbox 1223 1299 1304 1334; x_wconf 71' lang='lat' dir='ltr'>litas,</span> <span class='ocrx_word' id='word_1_464' title='bbox 1338 1298 1416 1328; x_wconf 90' lang='lat' dir='ltr'>nihil</span> <span class='ocrx_word' id='word_1_465' title='bbox 1442 1309 1474 1327; x_wconf 68' lang='lat' dir='ltr'>se</span> <span class='ocrx_word' id='word_1_466' title='bbox 1498 1298 1714 1328; x_wconf 76' lang='lat' dir='ltr'>excusationis</span> <span class='ocrx_word' id='word_1_467' title='bbox 1740 1298 1928 1335; x_wconf 84' lang='lat' dir='ltr'>obtendere,</span> <span class='ocrx_word' id='word_1_468' title='bbox 1958 1298 1984 1329; x_wconf 89' lang='lat' dir='ltr'>si</span> <span class='ocrx_word' id='word_1_469' title='bbox 2008 1298 2183 1338; x_wconf 88' lang='lat' dir='ltr'>quidquam</span> 
     </span>
     <span class='ocr_line' id='line_1_70' title="bbox 1194 1341 1591 1377; baseline -0.003 -5"><span class='ocrx_word' id='word_1_470' title='bbox 1194 1345 1195 1377; x_wconf 69' lang='lat' dir='ltr'>i</span> <span class='ocrx_word' id='word_1_471' title='bbox 1222 1353 1262 1372; x_wconf 78' lang='lat' dir='ltr'>ex</span> <span class='ocrx_word' id='word_1_472' title='bbox 1285 1341 1384 1371; x_wconf 81' lang='lat' dir='ltr'>sacris</span> <span class='ocrx_word' id='word_1_473' title='bbox 1407 1341 1591 1371; x_wconf 79' lang='lat' dir='ltr'>av··‹ite1iut.</span> 
     </span>
     <span class='ocr_line' id='line_1_71' title="bbox 1194 1383 1770 1422; baseline 0.005 -11"><span class='ocrx_word' id='word_1_474' title='bbox 1194 1398 1195 1411; x_wconf 62' lang='lat' dir='ltr'>i</span> <span class='ocrx_word' id='word_1_475' title='bbox 1308 1384 1355 1414; x_wconf 73' lang='lat'>15.</span> <span class='ocrx_word' id='word_1_476' title='bbox 1383 1383 1510 1422; x_wconf 53' lang='lat' dir='ltr'>Rus-pici</span> <span class='ocrx_word' id='word_1_477' title='bbox 1533 1384 1568 1414; x_wconf 62' lang='lat' dir='ltr'>di:</span> <span class='ocrx_word' id='word_1_478' title='bbox 1590 1383 1770 1414; x_wconf 70' lang='lat' dir='ltr'>habitaculo.</span> 
     </span>
    </p>
   </div>
   <div class='ocr_carea' id='block_1_19' title="bbox 1187 297 1190 444">
    <p class='ocr_par' dir='ltr' id='par_1_20' title="bbox 1187 297 1190 444">
     <span class='ocr_line' id='line_1_72' title="bbox 1187 297 1190 444; baseline 0 2590"><span class='ocrx_word' id='word_1_479' title='bbox 1187 297 1190 444; x_wconf 95' lang='lat' dir='ltr'> </span> 
     </span>
    </p>
   </div>
   <div class='ocr_carea' id='block_1_20' title="bbox 1189 570 1192 676">
    <p class='ocr_par' dir='ltr' id='par_1_21' title="bbox 1189 570 1192 676">
     <span class='ocr_line' id='line_1_73' title="bbox 1189 570 1192 676; baseline 0 2358"><span class='ocrx_word' id='word_1_480' title='bbox 1189 570 1192 676; x_wconf 95' lang='lat' dir='ltr'> </span> 
     </span>
    </p>
   </div>
   <div class='ocr_carea' id='block_1_21' title="bbox 1194 1383 2187 1723">
    <p class='ocr_par' dir='ltr' id='par_1_22' title="bbox 1194 1383 2185 1509">
     <span class='ocr_line' id='line_1_74' title="bbox 1803 1383 2184 1415; baseline 0.005 -2"><span class='ocrx_word' id='word_1_481' title='bbox 1803 1383 1889 1414; x_wconf 88' lang='lat' dir='ltr'>Dum</span> <span class='ocrx_word' id='word_1_482' title='bbox 1914 1384 1975 1415; x_wconf 88' lang='lat' dir='ltr'>hac</span> <span class='ocrx_word' id='word_1_483' title='bbox 1998 1383 2184 1415; x_wconf 85' lang='lat' dir='ltr'>conditione</span> 
     </span>
     <span class='ocr_line' id='line_1_75' title="bbox 1221 1426 2185 1467; baseline 0 -10"><span class='ocrx_word' id='word_1_484' title='bbox 1221 1437 1331 1467; x_wconf 80' lang='lat' dir='ltr'>preces</span> <span class='ocrx_word' id='word_1_485' title='bbox 1358 1432 1388 1456; x_wconf 86' lang='lat' dir='ltr'>et</span> <span class='ocrx_word' id='word_1_486' title='bbox 1419 1432 1490 1456; x_wconf 69' lang='lat' dir='ltr'>iota</span> <span class='ocrx_word' id='word_1_487' title='bbox 1515 1426 1680 1465; x_wconf 83' lang='lat' dir='ltr'>concipere</span> <span class='ocrx_word' id='word_1_488' title='bbox 1703 1426 1871 1463; x_wconf 87' lang='lat' dir='ltr'>iubentur,</span> <span class='ocrx_word' id='word_1_489' title='bbox 1906 1431 1944 1456; x_wconf 81' lang='lat' dir='ltr'>ut</span> <span class='ocrx_word' id='word_1_490' title='bbox 1968 1426 2056 1458; x_wconf 89' lang='lat' dir='ltr'>Deus</span> <span class='ocrx_word' id='word_1_491' title='bbox 2079 1431 2185 1457; x_wconf 85' lang='lat' dir='ltr'>terrae</span> 
     </span>
     <span class='ocr_line' id='line_1_76' title="bbox 1194 1469 2184 1509; baseline 0 -10"><span class='ocrx_word' id='word_1_492' title='bbox 1194 1479 1196 1509; x_wconf 65' lang='grc' dir='ltr'>ς</span> <span class='ocrx_word' id='word_1_493' title='bbox 1222 1469 1397 1506; x_wconf 77' lang='lat' dir='ltr'>benedicat,</span> <span class='ocrx_word' id='word_1_494' title='bbox 1422 1469 1446 1499; x_wconf 76' lang='lat' dir='ltr'>si</span> <span class='ocrx_word' id='word_1_495' title='bbox 1468 1469 1555 1499; x_wconf 80' lang='lat' dir='ltr'>nullo</span> <span class='ocrx_word' id='word_1_496' title='bbox 1574 1469 1742 1509; x_wconf 77' lang='lat' dir='ltr'>sacrilegio</span> <span class='ocrx_word' id='word_1_497' title='bbox 1763 1480 1796 1500; x_wconf 88' lang='lat' dir='ltr'>sc</span> <span class='ocrx_word' id='word_1_498' title='bbox 1816 1469 2068 1508; x_wconf 82' lang='lat' dir='ltr'>inquinaverint,</span> <span class='ocrx_word' id='word_1_499' title='bbox 2088 1469 2184 1500; x_wconf 86' lang='lat' dir='ltr'>simul</span> 
     </span>
    </p>

    <p class='ocr_par' dir='ltr' id='par_1_23' title="bbox 1194 1511 2186 1673">
     <span class='ocr_line' id='line_1_77' title="bbox 1221 1511 2186 1552; baseline 0 -9"><span class='ocrx_word' id='word_1_500' title='bbox 1221 1524 1260 1543; x_wconf 79' lang='lat' dir='ltr'>ex</span> <span class='ocrx_word' id='word_1_501' title='bbox 1285 1512 1428 1552; x_wconf 83' lang='lat' dir='ltr'>opposito</span> <span class='ocrx_word' id='word_1_502' title='bbox 1453 1517 1634 1549; x_wconf 82' lang='lat' dir='ltr'>monentur,</span> <span class='ocrx_word' id='word_1_503' title='bbox 1660 1512 1782 1542; x_wconf 89' lang='lat' dir='ltr'>nullam</span> <span class='ocrx_word' id='word_1_504' title='bbox 1805 1511 1921 1552; x_wconf 88' lang='lat' dir='ltr'>alioqui</span> <span class='ocrx_word' id='word_1_505' title='bbox 1948 1512 2010 1543; x_wconf 87' lang='lat' dir='ltr'>Dei</span> <span class='ocrx_word' id='word_1_506' title='bbox 2039 1512 2186 1543; x_wconf 88' lang='lat' dir='ltr'>benedic-</span> 
     </span>
     <span class='ocr_line' id='line_1_78' title="bbox 1194 1554 2186 1598; baseline 0.001 -13"><span class='ocrx_word' id='word_1_507' title='bbox 1194 1584 1196 1598; x_wconf 45' lang='lat'>,</span> <span class='ocrx_word' id='word_1_508' title='bbox 1222 1556 1341 1585; x_wconf 85' lang='lat' dir='ltr'>tionem</span> <span class='ocrx_word' id='word_1_509' title='bbox 1366 1554 1555 1593; x_wconf 82' lang='lat' dir='ltr'>sperandam</span> <span class='ocrx_word' id='word_1_510' title='bbox 1581 1565 1658 1586; x_wconf 87' lang='lat' dir='ltr'>esse.</span> <span class='ocrx_word' id='word_1_511' title='bbox 1706 1555 1867 1594; x_wconf 89' lang='lat' dir='ltr'>Loquutio</span> <span class='ocrx_word' id='word_1_512' title='bbox 1891 1555 2018 1585; x_wconf 90' lang='lat' dir='ltr'>interim</span> <span class='ocrx_word' id='word_1_513' title='bbox 2046 1554 2186 1586; x_wconf 84' lang='lat' dir='ltr'>notanda</span> 
     </span>
     <span class='ocr_line' id='line_1_79' title="bbox 1195 1597 2186 1637; baseline -0.001 -8"><span class='ocrx_word' id='word_1_514' title='bbox 1195 1602 1285 1629; x_wconf 67' lang='lat' dir='ltr'>test:</span> <span class='ocrx_word' id='word_1_515' title='bbox 1320 1597 1462 1628; x_wconf 83' lang='lat' dir='ltr'>Bencdic</span> <span class='ocrx_word' id='word_1_516' title='bbox 1496 1604 1599 1628; x_wconf 88' lang='lat' dir='ltr'>terrae</span> <span class='ocrx_word' id='word_1_517' title='bbox 1633 1608 1729 1637; x_wconf 89' lang='lat' dir='ltr'>quam</span> <span class='ocrx_word' id='word_1_518' title='bbox 1763 1597 1879 1628; x_wconf 87' lang='lat' dir='ltr'>dedisti</span> <span class='ocrx_word' id='word_1_519' title='bbox 1912 1597 1996 1629; x_wconf 85' lang='lat' dir='ltr'>lacte</span> <span class='ocrx_word' id='word_1_520' title='bbox 2026 1602 2058 1628; x_wconf 91' lang='lat' dir='ltr'>et</span> <span class='ocrx_word' id='word_1_521' title='bbox 2091 1597 2186 1628; x_wconf 87' lang='lat' dir='ltr'>melle</span> 
     </span>
     <span class='ocr_line' id='line_1_80' title="bbox 1195 1635 2186 1680; baseline -0.001 -8"><span class='ocrx_word' id='word_1_522' title='bbox 1195 1635 1383 1673; x_wconf 44' lang='lat' dir='ltr'>{fluentem.</span> <span class='ocrx_word' id='word_1_523' title='bbox 1430 1640 1515 1671; x_wconf 88' lang='lat' dir='ltr'>Hinc</span> <span class='ocrx_word' id='word_1_524' title='bbox 1550 1640 1632 1670; x_wconf 88' lang='lat' dir='ltr'>enim</span> <span class='ocrx_word' id='word_1_525' title='bbox 1668 1640 1846 1680; x_wconf 81' lang='lat' dir='ltr'>colligitur</span> <span class='ocrx_word' id='word_1_526' title='bbox 1878 1645 1998 1671; x_wconf 87' lang='lat' dir='ltr'>terram</span> <span class='ocrx_word' id='word_1_527' title='bbox 2026 1650 2092 1671; x_wconf 88' lang='lat' dir='ltr'>non</span> <span class='ocrx_word' id='word_1_528' title='bbox 2121 1643 2186 1671; x_wconf 84' lang='lat' dir='ltr'>tam</span> 
     </span>
    </p>

    <p class='ocr_par' dir='ltr' id='par_1_24' title="bbox 1223 1682 2187 1723">
     <span class='ocr_line' id='line_1_81' title="bbox 1223 1682 2187 1723; baseline 0 -9"><span class='ocrx_word' id='word_1_529' title='bbox 1223 1689 1340 1714; x_wconf 72' lang='grc' dir='ltr'>ιιι-ιῒιιιιι</span> <span class='ocrx_word' id='word_1_530' title='bbox 1364 1683 1492 1713; x_wconf 74' lang='lat' dir='ltr'>uberem</span> <span class='ocrx_word' id='word_1_531' title='bbox 1518 1683 1622 1719; x_wconf 79' lang='lat' dir='ltr'>fuisse,</span> <span class='ocrx_word' id='word_1_532' title='bbox 1654 1694 1749 1723; x_wconf 84' lang='lat' dir='ltr'>quam</span> <span class='ocrx_word' id='word_1_533' title='bbox 1785 1682 1869 1723; x_wconf 91' lang='lat' dir='ltr'>quod</span> <span class='ocrx_word' id='word_1_534' title='bbox 1901 1693 2019 1714; x_wconf 87' lang='lat' dir='ltr'>arcana</span> <span class='ocrx_word' id='word_1_535' title='bbox 2052 1693 2110 1714; x_wconf 83' lang='lat' dir='ltr'>sua</span> <span class='ocrx_word' id='word_1_536' title='bbox 2133 1683 2187 1714; x_wconf 91' lang='lat' dir='ltr'>be-</span> 
     </span>
    </p>
   </div>
   <div class='ocr_carea' id='block_1_22' title="bbox 1196 1725 2188 1801">
    <p class='ocr_par' dir='ltr' id='par_1_25' title="bbox 1196 1725 2188 1801">
     <span class='ocr_line' id='line_1_82' title="bbox 1196 1725 2188 1773; baseline -0.001 -16"><span class='ocrx_word' id='word_1_537' title='bbox 1196 1730 1197 1773; x_wconf 57' lang='lat' dir='ltr'>l</span> <span class='ocrx_word' id='word_1_538' title='bbox 1223 1726 1392 1757; x_wconf 84' lang='lat' dir='ltr'>neficeutia</span> <span class='ocrx_word' id='word_1_539' title='bbox 1417 1726 1559 1765; x_wconf 85' lang='lat' dir='ltr'>quotidie</span> <span class='ocrx_word' id='word_1_540' title='bbox 1583 1736 1652 1757; x_wconf 84' lang='lat' dir='ltr'>eam</span> <span class='ocrx_word' id='word_1_541' title='bbox 1674 1727 1763 1757; x_wconf 89' lang='lat' dir='ltr'>Deus</span> <span class='ocrx_word' id='word_1_542' title='bbox 1786 1726 1950 1767; x_wconf 73' lang='lat' dir='ltr'>irrigabat,</span> <span class='ocrx_word' id='word_1_543' title='bbox 1974 1730 2011 1757; x_wconf 89' lang='lat' dir='ltr'>ut</span> <span class='ocrx_word' id='word_1_544' title='bbox 2029 1725 2188 1757; x_wconf 88' lang='lat' dir='ltr'>foecunda</span> 
     </span>
     <span class='ocr_line' id='line_1_83' title="bbox 1196 1774 1313 1801; baseline -0.019 0"><span class='ocrx_word' id='word_1_545' title='bbox 1196 1776 1197 1801; x_wconf 64' lang='lat' dir='ltr'>t</span> <span class='ocrx_word' id='word_1_546' title='bbox 1222 1774 1313 1801; x_wconf 87' lang='lat' dir='ltr'>esset.</span> 
     </span>
    </p>
   </div>
   <div class='ocr_carea' id='block_1_23' title="bbox 208 1812 1197 1854">
    <p class='ocr_par' dir='ltr' id='par_1_26' title="bbox 208 1812 1197 1854">
     <span class='ocr_line' id='line_1_84' title="bbox 208 1812 1197 1854; baseline -0.002 -10"><span class='ocrx_word' id='word_1_547' title='bbox 208 1814 314 1844; x_wconf 85' lang='lat' dir='ltr'>Deus:</span> <span class='ocrx_word' id='word_1_548' title='bbox 330 1814 403 1853; x_wconf 88' lang='lat' dir='ltr'>quia</span> <span class='ocrx_word' id='word_1_549' title='bbox 416 1815 441 1845; x_wconf 82' lang='lat' dir='ltr'>si</span> <span class='ocrx_word' id='word_1_550' title='bbox 456 1813 494 1844; x_wconf 91' lang='lat' dir='ltr'>de</span> <span class='ocrx_word' id='word_1_551' title='bbox 507 1814 705 1854; x_wconf 78' lang='lat' dir='ltr'>perfectione</span> <span class='ocrx_word' id='word_1_552' title='bbox 719 1814 845 1854; x_wconf 86' lang='lat' dir='ltr'>gloriati</span> <span class='ocrx_word' id='word_1_553' title='bbox 859 1818 976 1851; x_wconf 84' lang='lat' dir='ltr'>essent,</span> <span class='ocrx_word' id='word_1_554' title='bbox 1000 1812 1082 1843; x_wconf 87' lang='lat' dir='ltr'>nihil</span> <span class='ocrx_word' id='word_1_555' title='bbox 1105 1812 1168 1843; x_wconf 78' lang='lat' dir='ltr'>iaui</span> <span class='ocrx_word' id='word_1_556' title='bbox 1196 1823 1197 1827; x_wconf 83' lang='grc'>·</span> 
     </span>
    </p>
   </div>
   <div class='ocr_carea' id='block_1_24' title="bbox 207 1856 1060 1897">
    <p class='ocr_par' dir='ltr' id='par_1_27' title="bbox 207 1856 1060 1897">
     <span class='ocr_line' id='line_1_85' title="bbox 207 1856 1060 1897; baseline -0.001 -10"><span class='ocrx_word' id='word_1_557' title='bbox 207 1868 286 1896; x_wconf 82' lang='lat' dir='ltr'>opus</span> <span class='ocrx_word' id='word_1_558' title='bbox 310 1862 379 1887; x_wconf 89' lang='lat' dir='ltr'>erat</span> <span class='ocrx_word' id='word_1_559' title='bbox 402 1857 585 1893; x_wconf 83' lang='lat' dir='ltr'>sacrificiis,</span> <span class='ocrx_word' id='word_1_560' title='bbox 616 1862 671 1888; x_wconf 88' lang='lat' dir='ltr'>aut</span> <span class='ocrx_word' id='word_1_561' title='bbox 701 1857 772 1888; x_wconf 89' lang='lat' dir='ltr'>aliis</span> <span class='ocrx_word' id='word_1_562' title='bbox 807 1856 1060 1897; x_wconf 74' lang='lat' dir='ltr'>purgationibus</span> 
     </span>
    </p>
   </div>
   <div class='ocr_carea' id='block_1_25' title="bbox 208 1897 1198 1940">
    <p class='ocr_par' dir='ltr' id='par_1_28' title="bbox 208 1897 1198 1940">
     <span class='ocr_line' id='line_1_86' title="bbox 208 1897 1198 1940; baseline -0.002 -10"><span class='ocrx_word' id='word_1_563' title='bbox 208 1898 492 1940; x_wconf 87' lang='lat' dir='ltr'>(quemadmodum</span> <span class='ocrx_word' id='word_1_564' title='bbox 538 1900 601 1930; x_wconf 92' lang='lat' dir='ltr'>iam</span> <span class='ocrx_word' id='word_1_565' title='bbox 647 1900 727 1940; x_wconf 80' lang='lat' dir='ltr'>dixi)</span> <span class='ocrx_word' id='word_1_566' title='bbox 772 1906 899 1930; x_wconf 87' lang='lat' dir='ltr'>tantum</span> <span class='ocrx_word' id='word_1_567' title='bbox 938 1903 1094 1930; x_wconf 86' lang='lat' dir='ltr'>vocantur</span> <span class='ocrx_word' id='word_1_568' title='bbox 1133 1897 1198 1928; x_wconf 69' lang='lat' dir='ltr'>ad&#39;</span> 
     </span>
    </p>
   </div>
   <div class='ocr_carea' id='block_1_26' title="bbox 205 1941 1174 2668">
    <p class='ocr_par' dir='ltr' id='par_1_29' title="bbox 205 1941 1171 2016">
     <span class='ocr_line' id='line_1_87' title="bbox 207 1941 1171 1982; baseline -0.001 -10"><span class='ocrx_word' id='word_1_569' title='bbox 207 1953 354 1980; x_wconf 79' lang='lat' dir='ltr'>examen,</span> <span class='ocrx_word' id='word_1_570' title='bbox 378 1950 412 1973; x_wconf 83' lang='lat' dir='ltr'>ut</span> <span class='ocrx_word' id='word_1_571' title='bbox 436 1944 560 1974; x_wconf 86' lang='lat' dir='ltr'>sincero</span> <span class='ocrx_word' id='word_1_572' title='bbox 584 1943 677 1974; x_wconf 87' lang='lat' dir='ltr'>corde</span> <span class='ocrx_word' id='word_1_573' title='bbox 701 1943 807 1973; x_wconf 89' lang='lat' dir='ltr'>Deum</span> <span class='ocrx_word' id='word_1_574' title='bbox 832 1948 948 1973; x_wconf 90' lang='lat' dir='ltr'>testem</span> <span class='ocrx_word' id='word_1_575' title='bbox 972 1952 1048 1973; x_wconf 89' lang='lat' dir='ltr'>suae</span> <span class='ocrx_word' id='word_1_576' title='bbox 1071 1941 1171 1982; x_wconf 89' lang='lat' dir='ltr'>pieta-</span> 
     </span>
     <span class='ocr_line' id='line_1_88' title="bbox 205 1985 399 2017; baseline -0.011 -1"><span class='ocrx_word' id='word_1_577' title='bbox 205 1985 248 2016; x_wconf 83' lang='lat' dir='ltr'>tis</span> <span class='ocrx_word' id='word_1_578' title='bbox 271 1986 399 2017; x_wconf 83' lang='lat' dir='ltr'>faciant,</span> 
     </span>
    </p>

    <p class='ocr_par' dir='ltr' id='par_1_30' title="bbox 206 2028 1174 2668">
     <span class='ocr_line' id='line_1_89' title="bbox 292 2028 800 2059; baseline 0.002 -1"><span class='ocrx_word' id='word_1_579' title='bbox 292 2028 339 2059; x_wconf 91' lang='lat'>14.</span> <span class='ocrx_word' id='word_1_580' title='bbox 364 2028 433 2059; x_wconf 77' lang='lat' dir='ltr'>Non</span> <span class='ocrx_word' id='word_1_581' title='bbox 458 2029 572 2059; x_wconf 68' lang='lat' dir='ltr'>comedi</span> <span class='ocrx_word' id='word_1_582' title='bbox 602 2029 632 2059; x_wconf 71' lang='lat' dir='ltr'>ia</span> <span class='ocrx_word' id='word_1_583' title='bbox 662 2029 800 2059; x_wconf 73' lang='lat' dir='ltr'>tristitia.</span> 
     </span>
     <span class='ocr_line' id='line_1_90' title="bbox 206 2070 1173 2110; baseline -0.002 -9"><span class='ocrx_word' id='word_1_584' title='bbox 206 2070 349 2102; x_wconf 83' lang='lat' dir='ltr'>tionibus</span> <span class='ocrx_word' id='word_1_585' title='bbox 380 2072 477 2102; x_wconf 73' lang='grc' dir='ltr'>ιοιῐιιι</span> <span class='ocrx_word' id='word_1_586' title='bbox 507 2072 576 2102; x_wconf 74' lang='lat' dir='ltr'>fiori</span> <span class='ocrx_word' id='word_1_587' title='bbox 611 2078 735 2103; x_wconf 89' lang='lat' dir='ltr'>eertum</span> <span class='ocrx_word' id='word_1_588' title='bbox 771 2077 827 2102; x_wconf 85' lang='lat' dir='ltr'>est.</span> <span class='ocrx_word' id='word_1_589' title='bbox 881 2071 975 2102; x_wconf 88' lang='lat' dir='ltr'>Nune</span> <span class='ocrx_word' id='word_1_590' title='bbox 1009 2070 1173 2110; x_wconf 83' lang='lat' dir='ltr'>quaeritur</span> 
     </span>
     <span class='ocr_line' id='line_1_91' title="bbox 206 2113 759 2154; baseline 0.002 -10"><span class='ocrx_word' id='word_1_591' title='bbox 206 2113 283 2154; x_wconf 86' lang='lat' dir='ltr'>quid</span> <span class='ocrx_word' id='word_1_592' title='bbox 307 2115 347 2145; x_wconf 86' lang='lat' dir='ltr'>sit</span> <span class='ocrx_word' id='word_1_593' title='bbox 371 2115 537 2145; x_wconf 86' lang='lat' dir='ltr'>comedere</span> <span class='ocrx_word' id='word_1_594' title='bbox 561 2115 594 2144; x_wconf 91' lang='lat' dir='ltr'>in</span> <span class='ocrx_word' id='word_1_595' title='bbox 619 2114 759 2145; x_wconf 84' lang='lat' dir='ltr'>tristitia.</span> 
     </span>
     <span class='ocr_line' id='line_1_92' title="bbox 206 2197 1172 2239; baseline -0.003 -9"><span class='ocrx_word' id='word_1_596' title='bbox 206 2200 260 2239; x_wconf 81' lang='lat' dir='ltr'>pia.</span> <span class='ocrx_word' id='word_1_597' title='bbox 283 2199 322 2230; x_wconf 87' lang='lat' dir='ltr'>ad</span> <span class='ocrx_word' id='word_1_598' title='bbox 347 2200 521 2230; x_wconf 85' lang='lat' dir='ltr'>furandum</span> <span class='ocrx_word' id='word_1_599' title='bbox 543 2207 575 2231; x_wconf 85' lang='lat' dir='ltr'>et</span> <span class='ocrx_word' id='word_1_600' title='bbox 599 2200 814 2230; x_wconf 87' lang='lat' dir='ltr'>fraudandum</span> <span class='ocrx_word' id='word_1_601' title='bbox 835 2200 993 2237; x_wconf 84' lang='lat' dir='ltr'>sollicitet,</span> <span class='ocrx_word' id='word_1_602' title='bbox 1018 2197 1172 2238; x_wconf 91' lang='lat' dir='ltr'>populum</span> 
     </span>
     <span class='ocr_line' id='line_1_93' title="bbox 207 2243 1173 2283; baseline -0.003 -10"><span class='ocrx_word' id='word_1_603' title='bbox 207 2248 315 2273; x_wconf 86' lang='lat' dir='ltr'>tamen</span> <span class='ocrx_word' id='word_1_604' title='bbox 336 2253 488 2279; x_wconf 81' lang='lat' dir='ltr'>asserere,</span> <span class='ocrx_word' id='word_1_605' title='bbox 508 2244 541 2273; x_wconf 89' lang='lat' dir='ltr'>in</span> <span class='ocrx_word' id='word_1_606' title='bbox 562 2243 656 2273; x_wconf 76' lang='lat' dir='ltr'>rebus</span> <span class='ocrx_word' id='word_1_607' title='bbox 675 2253 801 2282; x_wconf 82' lang='lat' dir='ltr'>quoque</span> <span class='ocrx_word' id='word_1_608' title='bbox 814 2243 960 2283; x_wconf 83' lang='lat' dir='ltr'>angustis</span> <span class='ocrx_word' id='word_1_609' title='bbox 980 2247 1012 2273; x_wconf 85' lang='lat' dir='ltr'>et</span> <span class='ocrx_word' id='word_1_610' title='bbox 1030 2245 1173 2280; x_wconf 85' lang='lat' dir='ltr'>egestate</span> 
     </span>
     <span class='ocr_line' id='line_1_94' title="bbox 209 2283 1171 2325; baseline -0.002 -10"><span class='ocrx_word' id='word_1_611' title='bbox 209 2296 242 2316; x_wconf 89' lang='lat' dir='ltr'>se</span> <span class='ocrx_word' id='word_1_612' title='bbox 265 2286 458 2317; x_wconf 71' lang='lat' dir='ltr'>abstinuisse.</span> <span class='ocrx_word' id='word_1_613' title='bbox 482 2297 500 2316; x_wconf 88' lang='grc' dir='ltr'>ιι</span> <span class='ocrx_word' id='word_1_614' title='bbox 524 2286 618 2317; x_wconf 79' lang='lat' dir='ltr'>rebus</span> <span class='ocrx_word' id='word_1_615' title='bbox 642 2286 748 2322; x_wconf 85' lang='lat' dir='ltr'>saeris,</span> <span class='ocrx_word' id='word_1_616' title='bbox 777 2285 860 2325; x_wconf 86' lang='lat' dir='ltr'>quod</span> <span class='ocrx_word' id='word_1_617' title='bbox 886 2285 1023 2315; x_wconf 89' lang='lat' dir='ltr'>libenter</span> <span class='ocrx_word' id='word_1_618' title='bbox 1048 2283 1171 2322; x_wconf 77' lang='lat' dir='ltr'>recipie.</span> 
     </span>
     <span class='ocr_line' id='line_1_95' title="bbox 209 2326 1172 2368; baseline -0.002 -11"><span class='ocrx_word' id='word_1_619' title='bbox 209 2328 402 2368; x_wconf 79' lang='lat' dir='ltr'>Quanquam</span> <span class='ocrx_word' id='word_1_620' title='bbox 438 2339 555 2359; x_wconf 87' lang='lat' dir='ltr'>nomen</span> <span class='ocrx_word' id='word_1_621' title='bbox 592 2329 740 2359; x_wconf 77' lang='lat' dir='ltr'>tristitiae</span> <span class='ocrx_word' id='word_1_622' title='bbox 775 2339 831 2368; x_wconf 87' lang='lat' dir='ltr'>pro</span> <span class='ocrx_word' id='word_1_623' title='bbox 871 2328 1034 2358; x_wconf 83' lang='lat' dir='ltr'>anxietate</span> <span class='ocrx_word' id='word_1_624' title='bbox 1075 2326 1172 2356; x_wconf 80' lang='lat' dir='ltr'>animi</span> 
     </span>
     <span class='ocr_line' id='line_1_96' title="bbox 210 2370 1172 2411; baseline -0.003 -11"><span class='ocrx_word' id='word_1_625' title='bbox 210 2371 292 2401; x_wconf 86' lang='lat' dir='ltr'>male</span> <span class='ocrx_word' id='word_1_626' title='bbox 316 2371 375 2401; x_wconf 87' lang='lat' dir='ltr'>sibi</span> <span class='ocrx_word' id='word_1_627' title='bbox 400 2372 517 2402; x_wconf 78' lang='lat' dir='ltr'>conscii</span> <span class='ocrx_word' id='word_1_628' title='bbox 541 2372 641 2411; x_wconf 87' lang='lat' dir='ltr'>accipi</span> <span class='ocrx_word' id='word_1_629' title='bbox 665 2371 772 2411; x_wconf 88' lang='lat' dir='ltr'>possit,</span> <span class='ocrx_word' id='word_1_630' title='bbox 798 2371 855 2401; x_wconf 83' lang='lat' dir='ltr'>lioc</span> <span class='ocrx_word' id='word_1_631' title='bbox 880 2381 991 2401; x_wconf 87' lang='lat' dir='ltr'>sensu:</span> <span class='ocrx_word' id='word_1_632' title='bbox 1016 2370 1118 2400; x_wconf 84' lang='lat' dir='ltr'>sciens</span> <span class='ocrx_word' id='word_1_633' title='bbox 1142 2372 1172 2398; x_wconf 88' lang='lat' dir='ltr'>et</span> 
     </span>
     <span class='ocr_line' id='line_1_97' title="bbox 211 2414 1174 2453; baseline -0.003 -11"><span class='ocrx_word' id='word_1_634' title='bbox 211 2414 321 2443; x_wconf 75' lang='lat' dir='ltr'>volens</span> <span class='ocrx_word' id='word_1_635' title='bbox 346 2414 424 2444; x_wconf 83' lang='lat' dir='ltr'>nihil</span> <span class='ocrx_word' id='word_1_636' title='bbox 450 2414 571 2445; x_wconf 80' lang='lat' dir='ltr'>comedi</span> <span class='ocrx_word' id='word_1_637' title='bbox 597 2415 680 2453; x_wconf 79' lang='lat' dir='ltr'>quo-l</span> <span class='ocrx_word' id='word_1_638' title='bbox 707 2415 774 2444; x_wconf 87' lang='lat' dir='ltr'>Deo</span> <span class='ocrx_word' id='word_1_639' title='bbox 799 2424 924 2444; x_wconf 85' lang='lat' dir='ltr'>sacrum</span> <span class='ocrx_word' id='word_1_640' title='bbox 951 2422 1042 2449; x_wconf 74' lang='lat' dir='ltr'>esset,</span> <span class='ocrx_word' id='word_1_641' title='bbox 1068 2419 1101 2442; x_wconf 83' lang='lat' dir='ltr'>ut</span> <span class='ocrx_word' id='word_1_642' title='bbox 1124 2421 1174 2441; x_wconf 79' lang='lat' dir='ltr'>me</span> 
     </span>
     <span class='ocr_line' id='line_1_98' title="bbox 212 2455 1172 2488; baseline -0.003 -3"><span class='ocrx_word' id='word_1_643' title='bbox 212 2463 317 2486; x_wconf 88' lang='lat' dir='ltr'>ureret</span> <span class='ocrx_word' id='word_1_644' title='bbox 354 2457 456 2487; x_wconf 82' lang='lat' dir='ltr'>inalae</span> <span class='ocrx_word' id='word_1_645' title='bbox 490 2457 703 2488; x_wconf 80' lang='lat' dir='ltr'>conscientiae</span> <span class='ocrx_word' id='word_1_646' title='bbox 734 2457 926 2487; x_wconf 86' lang='lat' dir='ltr'>cauterium:</span> <span class='ocrx_word' id='word_1_647' title='bbox 956 2455 1049 2487; x_wconf 72' lang='lat' dir='ltr'>sicuti</span> <span class='ocrx_word' id='word_1_648' title='bbox 1081 2463 1172 2484; x_wconf 82' lang='lat' dir='ltr'>suum</span> 
     </span>
     <span class='ocr_line' id='line_1_99' title="bbox 211 2497 1173 2539; baseline -0.003 -11"><span class='ocrx_word' id='word_1_649' title='bbox 211 2509 367 2538; x_wconf 79' lang='lat' dir='ltr'>quemque</span> <span class='ocrx_word' id='word_1_650' title='bbox 391 2499 493 2530; x_wconf 76' lang='lat' dir='ltr'>scelus</span> <span class='ocrx_word' id='word_1_651' title='bbox 517 2505 643 2539; x_wconf 81' lang='lat' dir='ltr'>torquet</span> <span class='ocrx_word' id='word_1_652' title='bbox 671 2506 702 2529; x_wconf 79' lang='lat' dir='ltr'>et</span> <span class='ocrx_word' id='word_1_653' title='bbox 733 2510 878 2530; x_wconf 88' lang='lat' dir='ltr'>moerore</span> <span class='ocrx_word' id='word_1_654' title='bbox 910 2499 1017 2529; x_wconf 84' lang='lat' dir='ltr'>afficit.</span> <span class='ocrx_word' id='word_1_655' title='bbox 1064 2497 1101 2527; x_wconf 85' lang='lat' dir='ltr'>In</span> <span class='ocrx_word' id='word_1_656' title='bbox 1126 2507 1173 2525; x_wconf 89' lang='lat' dir='ltr'>se-</span> 
     </span>
     <span class='ocr_line' id='line_1_100' title="bbox 211 2539 1172 2581; baseline -0.004 -10"><span class='ocrx_word' id='word_1_657' title='bbox 211 2542 315 2571; x_wconf 81' lang='lat' dir='ltr'>cundo</span> <span class='ocrx_word' id='word_1_658' title='bbox 340 2543 482 2573; x_wconf 70' lang='lat' dir='ltr'>membro</span> <span class='ocrx_word' id='word_1_659' title='bbox 506 2543 629 2573; x_wconf 79' lang='lat' dir='ltr'>variant</span> <span class='ocrx_word' id='word_1_660' title='bbox 653 2543 854 2581; x_wconf 68' lang='lat' dir='ltr'>inuipretts</span> <span class='ocrx_word' id='word_1_661' title='bbox 879 2541 1019 2580; x_wconf 81' lang='lat' dir='ltr'>Quidam</span> <span class='ocrx_word' id='word_1_662' title='bbox 1042 2539 1172 2570; x_wconf 83' lang='lat' dir='ltr'>verbum</span> 
     </span>
     <span class='ocr_line' id='line_1_101' title="bbox 212 2582 1173 2625; baseline -0.001 -11"><span class='ocrx_word' id='word_1_663' title='bbox 212 2590 275 2619; x_wconf 61' lang='lat'>735:</span> <span class='ocrx_word' id='word_1_664' title='bbox 299 2593 463 2624; x_wconf 85' lang='lat' dir='ltr'>exponunt</span> <span class='ocrx_word' id='word_1_665' title='bbox 488 2586 635 2624; x_wconf 76' lang='lat' dir='ltr'>perdertz</span> <span class='ocrx_word' id='word_1_666' title='bbox 662 2586 751 2625; x_wconf 66' lang='lat' dir='ltr'>quasi</span> <span class='ocrx_word' id='word_1_667' title='bbox 773 2585 890 2615; x_wconf 82' lang='lat' dir='ltr'>dictum</span> <span class='ocrx_word' id='word_1_668' title='bbox 911 2589 1009 2615; x_wconf 83' lang='lat' dir='ltr'>esset:</span> <span class='ocrx_word' id='word_1_669' title='bbox 1036 2583 1098 2613; x_wconf 64' lang='lat' dir='ltr'>Pri·</span> <span class='ocrx_word' id='word_1_670' title='bbox 1118 2582 1173 2611; x_wconf 78' lang='lat' dir='ltr'>im-</span> 
     </span>
     <span class='ocr_line' id='line_1_102' title="bbox 210 2623 1173 2668; baseline -0.002 -12"><span class='ocrx_word' id='word_1_671' title='bbox 210 2626 403 2657; x_wconf 82' lang='lat' dir='ltr'>munditiam</span> <span class='ocrx_word' id='word_1_672' title='bbox 431 2628 510 2658; x_wconf 89' lang='lat' dir='ltr'>nihil</span> <span class='ocrx_word' id='word_1_673' title='bbox 540 2629 644 2668; x_wconf 83' lang='lat' dir='ltr'>periie</span> <span class='ocrx_word' id='word_1_674' title='bbox 672 2639 698 2667; x_wconf 88' lang='lat' dir='ltr'>p</span> <span class='ocrx_word' id='word_1_675' title='bbox 694 2637 797 2658; x_wconf 74' lang='grc' dir='ltr'>ι55ο5</span> <span class='ocrx_word' id='word_1_676' title='bbox 822 2627 873 2657; x_wconf 88' lang='lat' dir='ltr'>alii</span> <span class='ocrx_word' id='word_1_677' title='bbox 903 2632 1011 2658; x_wconf 86' lang='lat' dir='ltr'>autem</span> <span class='ocrx_word' id='word_1_678' title='bbox 1040 2623 1173 2656; x_wconf 82' lang='lat' dir='ltr'>transfe-</span> 
     </span>
    </p>
   </div>
   <div class='ocr_carea' id='block_1_27' title="bbox 1106 1839 1197 1886">
    <p class='ocr_par' dir='ltr' id='par_1_31' title="bbox 1106 1839 1197 1886">
     <span class='ocr_line' id='line_1_103' title="bbox 1106 1839 1197 1886; baseline -0.011 0"><span class='ocrx_word' id='word_1_679' title='bbox 1106 1855 1170 1886; x_wconf 77' lang='lat' dir='ltr'>Sed</span> <span class='ocrx_word' id='word_1_680' title='bbox 1196 1839 1197 1859; x_wconf 63' lang='lat' dir='ltr'>t</span> 
     </span>
    </p>
   </div>
   <div class='ocr_carea' id='block_1_28' title="bbox 856 2014 1198 2059">
    <p class='ocr_par' dir='ltr' id='par_1_32' title="bbox 856 2014 1198 2059">
     <span class='ocr_line' id='line_1_104' title="bbox 856 2014 1198 2059; baseline -0.012 0"><span class='ocrx_word' id='word_1_681' title='bbox 856 2029 906 2059; x_wconf 91' lang='lat' dir='ltr'>De</span> <span class='ocrx_word' id='word_1_682' title='bbox 935 2027 1055 2059; x_wconf 86' lang='lat' dir='ltr'>sanctis</span> <span class='ocrx_word' id='word_1_683' title='bbox 1085 2025 1172 2057; x_wconf 90' lang='lat' dir='ltr'>obla·</span> <span class='ocrx_word' id='word_1_684' title='bbox 1197 2014 1198 2019; x_wconf 29' lang='lat'>¹</span> 
     </span>
    </p>
   </div>
   <div class='ocr_carea' id='block_1_29' title="bbox 207 2114 1199 2197">
    <p class='ocr_par' dir='ltr' id='par_1_33' title="bbox 207 2114 1199 2197">
     <span class='ocr_line' id='line_1_105' title="bbox 811 2114 1199 2150; baseline -0.008 -6"><span class='ocrx_word' id='word_1_685' title='bbox 811 2115 985 2145; x_wconf 74' lang='lat' dir='ltr'>Communi</span> <span class='ocrx_word' id='word_1_686' title='bbox 1011 2114 1075 2144; x_wconf 86' lang='lat' dir='ltr'>fere</span> <span class='ocrx_word' id='word_1_687' title='bbox 1098 2122 1172 2142; x_wconf 88' lang='lat' dir='ltr'>con·</span> <span class='ocrx_word' id='word_1_688' title='bbox 1198 2134 1199 2150; x_wconf 37' lang='grc' dir='ltr'>ι</span> 
     </span>
     <span class='ocr_line' id='line_1_106' title="bbox 207 2155 1199 2197; baseline -0.002 -10"><span class='ocrx_word' id='word_1_689' title='bbox 207 2168 304 2188; x_wconf 86' lang='lat' dir='ltr'>sensu</span> <span class='ocrx_word' id='word_1_690' title='bbox 328 2163 455 2197; x_wconf 87' lang='lat' dir='ltr'>recepta</span> <span class='ocrx_word' id='word_1_691' title='bbox 479 2163 528 2187; x_wconf 81' lang='lat' dir='ltr'>est</span> <span class='ocrx_word' id='word_1_692' title='bbox 553 2157 630 2187; x_wconf 85' lang='lat' dir='ltr'>haec</span> <span class='ocrx_word' id='word_1_693' title='bbox 653 2157 825 2196; x_wconf 81' lang='lat' dir='ltr'>expositio:</span> <span class='ocrx_word' id='word_1_694' title='bbox 850 2167 949 2196; x_wconf 87' lang='lat' dir='ltr'>quum</span> <span class='ocrx_word' id='word_1_695' title='bbox 975 2166 1081 2187; x_wconf 88' lang='lat' dir='ltr'>rerum</span> <span class='ocrx_word' id='word_1_696' title='bbox 1105 2155 1172 2185; x_wconf 88' lang='lat' dir='ltr'>ino·</span> <span class='ocrx_word' id='word_1_697' title='bbox 1198 2170 1199 2177; x_wconf 45' lang='grc' dir='ltr'>ι</span> 
     </span>
    </p>
   </div>
   <div class='ocr_carea' id='block_1_30' title="bbox 1196 1865 1911 1992">
    <p class='ocr_par' dir='ltr' id='par_1_34' title="bbox 1196 1865 1911 1992">
     <span class='ocr_line' id='line_1_107' title="bbox 1196 1865 1198 1904; baseline 0 0"><span class='ocrx_word' id='word_1_698' title='bbox 1196 1865 1198 1904; x_wconf 71' lang='lat' dir='ltr'>l</span> 
     </span>
     <span class='ocr_line' id='line_1_108' title="bbox 1196 1938 1911 1992; baseline 0.004 -25"><span class='ocrx_word' id='word_1_699' title='bbox 1196 1950 1198 1992; x_wconf 70' lang='lat'>3</span> <span class='ocrx_word' id='word_1_700' title='bbox 1496 1938 1559 1969; x_wconf 72' lang='lat' dir='ltr'>Ex</span> <span class='ocrx_word' id='word_1_701' title='bbox 1584 1938 1755 1970; x_wconf 82' lang='lat' dir='ltr'>NUMER..</span> <span class='ocrx_word' id='word_1_702' title='bbox 1780 1939 1911 1970; x_wconf 79' lang='lat' dir='ltr'>XVIII.</span> 
     </span>
    </p>
   </div>
   <div class='ocr_carea' id='block_1_31' title="bbox 1198 2023 2189 2660">
    <p class='ocr_par' dir='ltr' id='par_1_35' title="bbox 1198 2023 2189 2295">
     <span class='ocr_line' id='line_1_109' title="bbox 1309 2023 2188 2061; baseline 0.002 -7"><span class='ocrx_word' id='word_1_703' title='bbox 1309 2023 1358 2054; x_wconf 79' lang='lat'>25.</span> <span class='ocrx_word' id='word_1_704' title='bbox 1395 2023 1554 2061; x_wconf 63' lang='lat' dir='ltr'>Loqzmtm</span> <span class='ocrx_word' id='word_1_705' title='bbox 1588 2027 1631 2053; x_wconf 64' lang='lat' dir='ltr'>&lt;ns-t</span> <span class='ocrx_word' id='word_1_706' title='bbox 1668 2025 1774 2055; x_wconf 70' lang='lat' dir='ltr'>[aliove</span> <span class='ocrx_word' id='word_1_707' title='bbox 1808 2025 1850 2055; x_wconf 78' lang='lat' dir='ltr'>ad</span> <span class='ocrx_word' id='word_1_708' title='bbox 1884 2024 2007 2059; x_wconf 76' lang='lat' dir='ltr'>Mosen,</span> <span class='ocrx_word' id='word_1_709' title='bbox 2047 2024 2188 2056; x_wconf 76' lang='lat' dir='ltr'>dicendo:</span> 
     </span>
     <span class='ocr_line' id='line_1_110' title="bbox 1225 2066 2188 2107; baseline 0.001 -9"><span class='ocrx_word' id='word_1_710' title='bbox 1225 2067 1275 2098; x_wconf 73' lang='lat'>26.</span> <span class='ocrx_word' id='word_1_711' title='bbox 1302 2067 1467 2097; x_wconf 68' lang='lat' dir='ltr'>Praeterea</span> <span class='ocrx_word' id='word_1_712' title='bbox 1489 2066 1530 2095; x_wconf 72' lang='lat' dir='ltr'>ad</span> <span class='ocrx_word' id='word_1_713' title='bbox 1543 2066 1666 2097; x_wconf 61' lang='lat' dir='ltr'>Levites·</span> <span class='ocrx_word' id='word_1_714' title='bbox 1688 2068 1837 2107; x_wconf 64' lang='lat' dir='ltr'>lorsueris:</span> <span class='ocrx_word' id='word_1_715' title='bbox 1859 2070 1885 2098; x_wconf 84' lang='lat' dir='ltr'>et</span> <span class='ocrx_word' id='word_1_716' title='bbox 1902 2068 1984 2099; x_wconf 77' lang='lat' dir='ltr'>dices</span> <span class='ocrx_word' id='word_1_717' title='bbox 2002 2067 2062 2098; x_wconf 79' lang='lat' dir='ltr'>et&#39;s:</span> <span class='ocrx_word' id='word_1_718' title='bbox 2087 2068 2188 2107; x_wconf 72' lang='lat' dir='ltr'>Quum</span> 
     </span>
     <span class='ocr_line' id='line_1_111' title="bbox 1225 2108 2189 2149; baseline -0.002 -8"><span class='ocrx_word' id='word_1_719' title='bbox 1225 2110 1405 2148; x_wconf 47' lang='lat' dir='ltr'>acceperitis</span> <span class='ocrx_word' id='word_1_720' title='bbox 1426 2120 1443 2139; x_wconf 75' lang='lat' dir='ltr'>a</span> <span class='ocrx_word' id='word_1_721' title='bbox 1465 2108 1543 2147; x_wconf 69' lang='lat' dir='ltr'>filiis</span> <span class='ocrx_word' id='word_1_722' title='bbox 1572 2109 1669 2140; x_wconf 59' lang='lat' dir='ltr'>[arad</span> <span class='ocrx_word' id='word_1_723' title='bbox 1698 2111 1831 2142; x_wconf 53' lang='lat' dir='ltr'>(lecimus</span> <span class='ocrx_word' id='word_1_724' title='bbox 1854 2120 1932 2149; x_wconf 74' lang='lat' dir='ltr'>quas</span> <span class='ocrx_word' id='word_1_725' title='bbox 1955 2109 2038 2141; x_wconf 77' lang='lat' dir='ltr'>vobis</span> <span class='ocrx_word' id='word_1_726' title='bbox 2060 2110 2097 2141; x_wconf 81' lang='lat' dir='ltr'>ab</span> <span class='ocrx_word' id='word_1_727' title='bbox 2123 2110 2189 2142; x_wconf 41' lang='lat' dir='ltr'>&#39;illis</span> 
     </span>
     <span class='ocr_line' id='line_1_112' title="bbox 1226 2151 2188 2191; baseline 0 -7"><span class='ocrx_word' id='word_1_728' title='bbox 1226 2153 1296 2184; x_wconf 61' lang='lat' dir='ltr'>dedi?</span> <span class='ocrx_word' id='word_1_729' title='bbox 1326 2153 1356 2182; x_wconf 72' lang='lat' dir='ltr'>in</span> <span class='ocrx_word' id='word_1_730' title='bbox 1388 2151 1601 2181; x_wconf 74' lang='lat' dir='ltr'>lmereditatem</span> <span class='ocrx_word' id='word_1_731' title='bbox 1627 2155 1769 2190; x_wconf 58' lang='lat' dir='ltr'>cextrmn,</span> <span class='ocrx_word' id='word_1_732' title='bbox 1801 2156 1870 2184; x_wconf 76' lang='lat' dir='ltr'>tmm</span> <span class='ocrx_word' id='word_1_733' title='bbox 1893 2153 2023 2191; x_wconf 64' lang='lat' dir='ltr'>offeretis</span> <span class='ocrx_word' id='word_1_734' title='bbox 2052 2163 2089 2184; x_wconf 72' lang='lat' dir='ltr'>ex</span> <span class='ocrx_word' id='word_1_735' title='bbox 2122 2153 2188 2184; x_wconf 72' lang='lat' dir='ltr'>illis</span> 
     </span>
     <span class='ocr_line' id='line_1_113' title="bbox 1198 2193 2188 2227; baseline 0.001 -1"><span class='ocrx_word' id='word_1_736' title='bbox 1198 2198 1199 2226; x_wconf 60' lang='grc' dir='ltr'>ἒ</span> <span class='ocrx_word' id='word_1_737' title='bbox 1226 2196 1403 2227; x_wconf 68' lang='lat' dir='ltr'>oblationem</span> <span class='ocrx_word' id='word_1_738' title='bbox 1427 2193 1569 2224; x_wconf 59' lang='lat' dir='ltr'>[elim-ae.</span> <span class='ocrx_word' id='word_1_739' title='bbox 1599 2195 1731 2227; x_wconf 66' lang='lat' dir='ltr'>decimas</span> <span class='ocrx_word' id='word_1_740' title='bbox 1755 2206 1791 2227; x_wconf 69' lang='lat' dir='ltr'>er</span> <span class='ocrx_word' id='word_1_741' title='bbox 1814 2196 1948 2227; x_wconf 65' lang='lat' dir='ltr'>decimis.</span> <span class='ocrx_word' id='word_1_742' title='bbox 2004 2195 2053 2226; x_wconf 79' lang='lat'>27.</span> <span class='ocrx_word' id='word_1_743' title='bbox 2078 2195 2120 2226; x_wconf 88' lang='lat' dir='ltr'>Et</span> <span class='ocrx_word' id='word_1_744' title='bbox 2141 2207 2188 2227; x_wconf 77' lang='lat' dir='ltr'>re-</span> 
     </span>
     <span class='ocr_line' id='line_1_114' title="bbox 1199 2236 2188 2295; baseline 0.002 -27"><span class='ocrx_word' id='word_1_745' title='bbox 1199 2256 1200 2295; x_wconf 31' lang='lat'><em>*</em></span> <span class='ocrx_word' id='word_1_746' title='bbox 1221 2238 1383 2278; x_wconf 67' lang='lat' dir='ltr'>putabitur</span> <span class='ocrx_word' id='word_1_747' title='bbox 1407 2236 1491 2267; x_wconf 61' lang='lat' dir='ltr'>vobis</span> <span class='ocrx_word' id='word_1_748' title='bbox 1520 2236 1628 2266; x_wconf 68' lang='lat' dir='ltr'>oblatio</span> <span class='ocrx_word' id='word_1_749' title='bbox 1661 2242 1757 2269; x_wconf 53' lang='lat' dir='ltr'>restra</span> <span class='ocrx_word' id='word_1_750' title='bbox 1781 2242 1814 2269; x_wconf 74' lang='lat' dir='ltr'>ut</span> <span class='ocrx_word' id='word_1_751' title='bbox 1835 2239 2023 2277; x_wconf 50' lang='lat' dir='ltr'>stramentum</span> <span class='ocrx_word' id='word_1_752' title='bbox 2046 2248 2082 2269; x_wconf 76' lang='lat' dir='ltr'>cx</span> <span class='ocrx_word' id='word_1_753' title='bbox 2105 2249 2188 2277; x_wconf 76' lang='lat' dir='ltr'>area,</span> 
     </span>
    </p>

    <p class='ocr_par' dir='ltr' id='par_1_36' title="bbox 1199 2280 2189 2660">
     <span class='ocr_line' id='line_1_115' title="bbox 1226 2280 2188 2321; baseline 0.002 -11"><span class='ocrx_word' id='word_1_754' title='bbox 1226 2284 1252 2312; x_wconf 80' lang='lat' dir='ltr'>et</span> <span class='ocrx_word' id='word_1_755' title='bbox 1276 2283 1306 2310; x_wconf 76' lang='lat' dir='ltr'>at</span> <span class='ocrx_word' id='word_1_756' title='bbox 1326 2280 1482 2319; x_wconf 69' lang='lat' dir='ltr'>plenitudo</span> <span class='ocrx_word' id='word_1_757' title='bbox 1506 2291 1520 2307; x_wconf 64' lang='lat' dir='ltr'>a:</span> <span class='ocrx_word' id='word_1_758' title='bbox 1543 2281 1697 2311; x_wconf 65' lang='lat' dir='ltr'>torridmi.</span> <span class='ocrx_word' id='word_1_759' title='bbox 1745 2282 1793 2312; x_wconf 71' lang='lat'>28.</span> <span class='ocrx_word' id='word_1_760' title='bbox 1817 2282 1868 2311; x_wconf 63' lang='lat' dir='ltr'>Sir·</span> <span class='ocrx_word' id='word_1_761' title='bbox 1890 2281 2020 2320; x_wconf 70' lang='lat' dir='ltr'>offeretis</span> <span class='ocrx_word' id='word_1_762' title='bbox 2041 2292 2093 2312; x_wconf 78' lang='lat' dir='ltr'>vos</span> <span class='ocrx_word' id='word_1_763' title='bbox 2115 2292 2188 2321; x_wconf 79' lang='lat' dir='ltr'>quo-</span> 
     </span>
     <span class='ocr_line' id='line_1_116' title="bbox 1199 2322 2189 2363; baseline 0.002 -9"><span class='ocrx_word' id='word_1_764' title='bbox 1199 2337 1201 2363; x_wconf 72' lang='lat'><em>3</em></span> <span class='ocrx_word' id='word_1_765' title='bbox 1225 2334 1283 2362; x_wconf 73' lang='lat' dir='ltr'>que</span> <span class='ocrx_word' id='word_1_766' title='bbox 1316 2323 1492 2354; x_wconf 72' lang='lat' dir='ltr'>oblatiomm</span> <span class='ocrx_word' id='word_1_767' title='bbox 1530 2322 1656 2352; x_wconf 60' lang='lat' dir='ltr'>sclaomir:</span> <span class='ocrx_word' id='word_1_768' title='bbox 1689 2335 1724 2351; x_wconf 64' lang='lat' dir='ltr'>rs·</span> <span class='ocrx_word' id='word_1_769' title='bbox 1754 2324 1892 2354; x_wconf 67' lang='lat' dir='ltr'>‹mutibus-</span> <span class='ocrx_word' id='word_1_770' title='bbox 1924 2324 2051 2355; x_wconf 72' lang='lat' dir='ltr'>decimis</span> <span class='ocrx_word' id='word_1_771' title='bbox 2080 2325 2189 2356; x_wconf 77' lang='lat' dir='ltr'>vestris</span> 
     </span>
     <span class='ocr_line' id='line_1_117' title="bbox 1199 2365 2189 2406; baseline 0.002 -11"><span class='ocrx_word' id='word_1_772' title='bbox 1199 2371 1201 2406; x_wconf 45' lang='grc' dir='ltr'>ζ</span> <span class='ocrx_word' id='word_1_773' title='bbox 1226 2376 1304 2405; x_wconf 70' lang='lat' dir='ltr'>quas</span> <span class='ocrx_word' id='word_1_774' title='bbox 1327 2365 1502 2404; x_wconf 70' lang='lat' dir='ltr'>acceperitis</span> <span class='ocrx_word' id='word_1_775' title='bbox 1521 2375 1540 2394; x_wconf 78' lang='grc' dir='ltr'>(ι</span> <span class='ocrx_word' id='word_1_776' title='bbox 1561 2365 1640 2402; x_wconf 61' lang='lat' dir='ltr'>siliis</span> <span class='ocrx_word' id='word_1_777' title='bbox 1665 2367 1781 2403; x_wconf 31' lang='lat' dir='ltr'>riv-ael,</span> <span class='ocrx_word' id='word_1_778' title='bbox 1813 2370 1839 2398; x_wconf 78' lang='lat' dir='ltr'>ct</span> <span class='ocrx_word' id='word_1_779' title='bbox 1861 2366 1974 2397; x_wconf 68' lang='lat' dir='ltr'>dabitis</span> <span class='ocrx_word' id='word_1_780' title='bbox 1997 2377 2033 2397; x_wconf 77' lang='lat' dir='ltr'>ex</span> <span class='ocrx_word' id='word_1_781' title='bbox 2055 2366 2120 2398; x_wconf 70' lang='lat' dir='ltr'>illis</span> <span class='ocrx_word' id='word_1_782' title='bbox 2142 2367 2189 2399; x_wconf 82' lang='lat' dir='ltr'>ob-</span> 
     </span>
     <span class='ocr_line' id='line_1_118' title="bbox 1200 2407 2189 2441; baseline 0.004 -4"><span class='ocrx_word' id='word_1_783' title='bbox 1200 2425 1201 2437; x_wconf 69' lang='lat' dir='ltr'>t</span> <span class='ocrx_word' id='word_1_784' title='bbox 1227 2410 1367 2440; x_wconf 68' lang='lat' dir='ltr'>lationem</span> <span class='ocrx_word' id='word_1_785' title='bbox 1395 2407 1521 2437; x_wconf 61' lang='lat' dir='ltr'>[esionae</span> <span class='ocrx_word' id='word_1_786' title='bbox 1546 2407 1673 2438; x_wconf 63' lang='lat' dir='ltr'>Alam-«m</span> <span class='ocrx_word' id='word_1_787' title='bbox 1696 2410 1853 2440; x_wconf 36' lang='lat' dir='ltr'>tumesrdoas.</span> <span class='ocrx_word' id='word_1_788' title='bbox 1899 2409 1948 2440; x_wconf 66' lang='lat'>29.</span> <span class='ocrx_word' id='word_1_789' title='bbox 1974 2409 2027 2439; x_wconf 75' lang='lat' dir='ltr'>Ex</span> <span class='ocrx_word' id='word_1_790' title='bbox 2050 2410 2189 2441; x_wconf 73' lang='lat' dir='ltr'>omnibus</span> 
     </span>
     <span class='ocr_line' id='line_1_119' title="bbox 1226 2450 2186 2490; baseline 0.003 -9"><span class='ocrx_word' id='word_1_791' title='bbox 1226 2451 1424 2482; x_wconf 60' lang='lat' dir='ltr'>oblationibus</span> <span class='ocrx_word' id='word_1_792' title='bbox 1446 2450 1554 2479; x_wconf 54' lang='lat' dir='ltr'>restris·</span> <span class='ocrx_word' id='word_1_793' title='bbox 1572 2451 1700 2488; x_wconf 53' lang='lat' dir='ltr'>affin-vtis</span> <span class='ocrx_word' id='word_1_794' title='bbox 1720 2462 1832 2482; x_wconf 70' lang='lat' dir='ltr'>omnem</span> <span class='ocrx_word' id='word_1_795' title='bbox 1853 2452 2030 2483; x_wconf 62' lang='lat' dir='ltr'>oblationem</span> <span class='ocrx_word' id='word_1_796' title='bbox 2050 2451 2186 2490; x_wconf 75' lang='grc' dir='ltr'>ΙεΙιουαε,</span> 
     </span>
     <span class='ocr_line' id='line_1_120' title="bbox 1200 2492 2188 2534; baseline 0.003 -11"><span class='ocrx_word' id='word_1_797' title='bbox 1200 2497 1201 2507; x_wconf 68' lang='grc'>’</span> <span class='ocrx_word' id='word_1_798' title='bbox 1226 2505 1263 2523; x_wconf 60' lang='grc' dir='ltr'>(αι-</span> <span class='ocrx_word' id='word_1_799' title='bbox 1290 2493 1371 2524; x_wconf 65' lang='lat' dir='ltr'>ouini</span> <span class='ocrx_word' id='word_1_800' title='bbox 1399 2492 1584 2531; x_wconf 62' lang='lat' dir='ltr'>piaquediae</span> <span class='ocrx_word' id='word_1_801' title='bbox 1611 2494 1690 2529; x_wconf 54' lang='lat' dir='ltr'>cisiis,</span> <span class='ocrx_word' id='word_1_802' title='bbox 1724 2496 1992 2534; x_wconf 65' lang='lat' dir='ltr'>sanctificationem</span> <span class='ocrx_word' id='word_1_803' title='bbox 2020 2495 2124 2534; x_wconf 71' lang='lat' dir='ltr'>ipsius</span> <span class='ocrx_word' id='word_1_804' title='bbox 2152 2505 2188 2526; x_wconf 59' lang='lat' dir='ltr'>ex</span> 
     </span>
     <span class='ocr_line' id='line_1_121' title="bbox 1227 2535 2188 2577; baseline 0.001 -10"><span class='ocrx_word' id='word_1_805' title='bbox 1227 2547 1266 2567; x_wconf 79' lang='lat' dir='ltr'>eo.</span> <span class='ocrx_word' id='word_1_806' title='bbox 1313 2536 1361 2566; x_wconf 73' lang='lat'>30.</span> <span class='ocrx_word' id='word_1_807' title='bbox 1399 2537 1445 2567; x_wconf 50' lang='lat' dir='ltr'>:lc</span> <span class='ocrx_word' id='word_1_808' title='bbox 1471 2535 1550 2566; x_wconf 59' lang='lat' dir='ltr'>dicas</span> <span class='ocrx_word' id='word_1_809' title='bbox 1583 2535 1662 2565; x_wconf 56' lang='lat' dir='ltr'>illis:</span> <span class='ocrx_word' id='word_1_810' title='bbox 1696 2540 1793 2574; x_wconf 52' lang='lat' dir='ltr'>‘ynam</span> <span class='ocrx_word' id='word_1_811' title='bbox 1829 2537 1994 2569; x_wconf 75' lang='lat' dir='ltr'>attuleritis</span> <span class='ocrx_word' id='word_1_812' title='bbox 2024 2538 2188 2577; x_wconf 71' lang='lat' dir='ltr'>pivyuedi-</span> 
     </span>
     <span class='ocr_line' id='line_1_122' title="bbox 1228 2579 2187 2620; baseline 0.002 -11"><span class='ocrx_word' id='word_1_813' title='bbox 1228 2589 1293 2609; x_wconf 74' lang='lat' dir='ltr'>mm</span> <span class='ocrx_word' id='word_1_814' title='bbox 1316 2579 1383 2609; x_wconf 67' lang='lat' dir='ltr'>ains</span> <span class='ocrx_word' id='word_1_815' title='bbox 1406 2590 1441 2607; x_wconf 62' lang='lat' dir='ltr'>tur</span> <span class='ocrx_word' id='word_1_816' title='bbox 1464 2588 1508 2613; x_wconf 70' lang='lat'>(¹0,</span> <span class='ocrx_word' id='word_1_817' title='bbox 1545 2579 1732 2616; x_wconf 53' lang='lat' dir='ltr'>reputabitur</span> <span class='ocrx_word' id='word_1_818' title='bbox 1760 2580 1871 2609; x_wconf 63' lang='lat' dir='ltr'>Lei-itis</span> <span class='ocrx_word' id='word_1_819' title='bbox 1894 2583 1925 2611; x_wconf 70' lang='lat' dir='ltr'>ut</span> <span class='ocrx_word' id='word_1_820' title='bbox 1947 2580 2066 2619; x_wconf 72' lang='lat' dir='ltr'>fructus</span> <span class='ocrx_word' id='word_1_821' title='bbox 2089 2590 2187 2620; x_wconf 78' lang='lat' dir='ltr'>areae,</span> 
     </span>
     <span class='ocr_line' id='line_1_123' title="bbox 1227 2621 2189 2660; baseline 0.001 -7"><span class='ocrx_word' id='word_1_822' title='bbox 1227 2624 1252 2653; x_wconf 79' lang='lat' dir='ltr'>ct</span> <span class='ocrx_word' id='word_1_823' title='bbox 1276 2625 1307 2651; x_wconf 73' lang='lat' dir='ltr'>w*</span> <span class='ocrx_word' id='word_1_824' title='bbox 1329 2622 1448 2660; x_wconf 66' lang='lat' dir='ltr'>fractas</span> <span class='ocrx_word' id='word_1_825' title='bbox 1472 2621 1643 2651; x_wconf 50' lang='lat' dir='ltr'>immutaris.</span> <span class='ocrx_word' id='word_1_826' title='bbox 1682 2622 1729 2651; x_wconf 76' lang='lat'>31.</span> <span class='ocrx_word' id='word_1_827' title='bbox 1758 2622 1923 2654; x_wconf 53' lang='lat' dir='ltr'>(saumatis</span> <span class='ocrx_word' id='word_1_828' title='bbox 1944 2625 2043 2654; x_wconf 74' lang='lat' dir='ltr'>autem</span> <span class='ocrx_word' id='word_1_829' title='bbox 2065 2623 2144 2654; x_wconf 70' lang='lat' dir='ltr'>illud</span> <span class='ocrx_word' id='word_1_830' title='bbox 2155 2623 2189 2654; x_wconf 74' lang='lat' dir='ltr'>in</span> 
     </span>
    </p>
   </div>
  </div>
 </body>
</html>
