2304 3034
133 170 174 201 25

134 273 199 295 uno
232 262 335 302 capite
366 264 497 302 augeret
529 259 670 291 hostium
700 269 880 289 numerum.
933 259 977 289 Et
1007 262 1093 290 certe

135 305 285 338 credibile
303 305 359 336 vix
378 307 447 335 erat
468 312 559 343 posse
578 302 631 332 diu
650 300 780 332 tolerari
799 301 833 331 in
853 300 927 331 aula
950 301 1092 341 tyranni,

135 352 167 379 et
189 347 274 379 inter
297 347 499 378 saevissimos
520 343 649 375 Israelis
671 343 835 381 inimicos,
860 343 937 382 quin
961 354 994 374 se
1018 353 1092 383 pro-

135 391 281 422 fiteretur
304 389 445 420 eiusdem
469 386 530 418 odii
553 386 684 417 socium.
731 385 859 416 Scimus
883 385 999 424 quibus
1023 397 1091 417 cor-

135 432 269 473 ruptelis
293 435 437 463 scateant
460 429 566 468 aulae,
591 432 712 468 quanta
734 427 831 458 fuerit
855 428 1091 468 Aegyptiorum

135 474 284 514 superbia
307 475 382 505 satis
400 477 511 503 notum
534 475 590 507 est,
614 481 709 510 quam
729 470 870 509 proclive
894 471 935 500 sit
953 471 1092 510 optimas

135 518 232 549 etiam
251 526 391 557 quasque
414 519 545 545 naturas
569 513 689 544 deliciis
708 512 867 550 fascinari,
892 513 1092 552 experientia

136 560 240 591 docet:
275 569 336 599 quo
371 557 472 597 magis
500 556 617 586 mirum
649 559 697 585 est
727 555 840 586 Mosen
871 555 924 586 ubi
955 556 987 586 in
1019 555 1091 586 illos

135 603 279 643 gurgites
302 601 463 631 demersus
485 598 561 634 fuit,
585 601 707 628 rectum
732 597 957 637 integrumque
981 602 1089 629 tamen

135 645 320 686 perstitisse.
375 642 466 672 Certe
500 640 551 671 hic
591 650 662 679 spes
702 639 932 679 redempt-ionis
973 641 1089 671 iterum

134 687 238 728 potuit
256 686 343 726 quasi
363 694 477 715 nova-m
497 682 629 722 eclipsin
649 682 724 722 pati,
749 682 824 721 quia
843 683 876 712 in
896 684 1089 713 contrariam

134 734 256 770 partem
280 737 411 759 aversus
429 729 496 756 erat
514 734 642 756 cursus:
666 724 721 755 sed
740 726 785 755 ita
796 724 858 755 Dei
877 725 1089 765 providentia,

133 782 194 812 quo
206 771 306 811 magis
318 769 444 800 videtur
462 777 518 808 per
536 767 680 806 obliquos
693 767 796 798 flexus
815 778 848 798 se
861 769 1088 808 circumagere,

133 825 169 845 eo
200 813 328 844 tandem
358 810 546 841 mirabiliter
576 815 721 849 apparet,
755 809 830 840 dum
860 820 877 840 a
907 815 993 842 recto
1026 812 1089 841 fine

132 865 294 895 nunquam
318 855 452 890 aberrat,
476 856 531 883 aut
553 857 640 883 earet·
658 862 715 883 suo
736 852 861 889 effectu,
885 853 937 883 ubi
961 858 1089 884 matura

131 904 179 930 est
209 896 438 937 opportunitas.
491 894 684 934 Quanquam
715 894 804 925 Deus
833 896 923 934 quasi
958 900 1088 926 extenta

131 951 228 972 manu
251 949 378 970 servum
401 947 494 968 suum
514 937 553 968 ad
573 948 605 967 50
624 942 655 967 et
676 937 827 968 ecclesiae
848 948 963 978 corpus
986 944 1086 969 retra-

130 984 186 1021 xit,
199 983 252 1013 ubi
265 983 296 1012 in
311 980 437 1011 nomine
457 980 618 1019 suggessit
637 980 771 1019 originis
791 991 867 1011 suae
887 981 1085 1012 memoriam.

130 1026 242 1065 Neque
265 1024 347 1055 enim
375 1023 441 1053 filia
469 1022 552 1062 regis
584 1023 653 1052 siue
680 1028 854 1061 praeeunte
879 1022 941 1053 Dei
971 1024 1086 1062 spiritu

130 1077 244 1098 nomen
265 1067 323 1097 hoc
343 1065 471 1095 indidit:
492 1064 576 1095 unde
595 1070 799 1104 cognosceret
814 1065 920 1097 Moses
937 1076 970 1096 se
989 1067 1086 1097 fuisse

130 1114 308 1141 extractum
327 1119 343 1139 e
361 1107 460 1138 fluvio
479 1107 533 1138 ubi
552 1117 626 1138 mox
651 1107 814 1146 periturus
835 1112 912 1138 erat.
950 1107 1086 1147 Quoties

129 1162 203 1192 ergo
222 1161 337 1182 nomen
356 1160 449 1181 suum
468 1150 601 1186 audivit,
621 1150 783 1180 recordari
805 1151 946 1189 oportuit
965 1162 1004 1181 ex
1023 1162 1085 1191 quo

127 1194 243 1235 populo
266 1198 347 1224 esset
371 1193 505 1231 genitus
551 1192 685 1223 Aeriorc
711 1193 805 1223 etiam
830 1193 961 1224 stimulo
985 1195 1083 1233 pungi

127 1237 250 1273 debuit,
277 1246 373 1275 quum
397 1235 544 1265 omnibus
568 1235 685 1274 passim
710 1246 760 1266 res
784 1241 859 1266 nota
883 1240 974 1267 esset.
1020 1237 1083 1266 Mi-

126 1279 211 1310 nime
234 1278 361 1318 quidem
390 1277 422 1307 id
450 1278 605 1316 spectavit
635 1278 702 1308 filia
731 1279 832 1318 regis,
868 1289 948 1318 quae
979 1279 1082 1318 potius

125 1321 282 1361 sepultam
312 1331 380 1351 esse
410 1320 539 1360 generis
568 1320 755 1350 memoriam
786 1325 940 1360 optasset:
971 1332 1081 1352 verum

125 1364 215 1395 Deus
233 1363 305 1403 quia
324 1363 419 1394 verba
438 1362 572 1393 dictavit
590 1373 626 1393 ac
644 1363 795 1393 formavit
814 1363 922 1394 asinae
936 1363 1080 1401 Balaam,

125 1406 209 1437 idem
244 1405 373 1445 impulit
404 1405 549 1445 linguam
584 1405 680 1436 huius
714 1406 852 1436 feminae
887 1411 922 1437 ut
963 1406 1079 1437 celebri

124 1448 292 1490 praeconio
321 1447 410 1479 testis
434 1447 517 1479 foret
539 1448 609 1478 eius
633 1448 678 1478 rei
701 1458 796 1487 quam
821 1448 988 1480 maluisset
1011 1460 1080 1480 esse

124 1491 335 1532 incognitam:
359 1494 391 1521 et
413 1490 559 1530 quamvis
582 1490 696 1521 Mosen
720 1490 817 1522 vellet
839 1491 924 1531 apud
948 1502 981 1522 se
1004 1493 1080 1522 reti-

125 1544 216 1567 nere.
247 1533 397 1564 directrix
427 1538 533 1564 tamen
563 1532 667 1564 eidem
695 1538 779 1564 essct
802 1543 837 1565 ac
860 1534 1016 1574 magistra
1040 1534 1080 1565 ad

123 1576 330 1615 repetendum
350 1586 451 1615 genus
470 1586 573 1606 suum.
609 1575 678 1605 Iam
698 1576 726 1606 si
744 1576 814 1615 quis
834 1577 971 1607 miretur
995 1577 1079 1617 quod

123 1619 223 1658 patris
251 1617 447 1649 iracundiam
478 1628 543 1648 non
572 1618 669 1648 fuerit
701 1619 817 1656 verita,
847 1620 937 1658 quasi
967 1630 1078 1650 monu-
1105 1657 1106 1660 Ἴ

123 1665 268 1691 mentum
301 1660 468 1691 statuendo
503 1660 613 1691 violati
642 1660 752 1699 edicti,
782 1661 882 1692 facilis
913 1663 1078 1702 responsio

123 1707 179 1741 est,
204 1703 326 1734 nullam
350 1708 485 1744 tyranno
508 1703 605 1733 fuisse
633 1714 761 1734 causam
793 1704 993 1742 offensionis,
1023 1705 1079 1744 qui

122 1745 259 1776 libenter
282 1745 405 1776 tulisset
435 1745 535 1776 multa
559 1746 618 1776 sibi
641 1747 726 1777 nasci
759 1747 932 1786 mancipia,
961 1747 1078 1778 abolito
1104 1782 1105 1788 ἵ

120 1788 250 1819 Israelis
286 1789 421 1819 nomine.
474 1788 636 1826 Quorsum
669 1790 752 1819 enixu
793 1790 919 1819 feminis
950 1802 1076 1820 rouces-

120 1836 205 1861 serat
219 1831 326 1867 vitam,
346 1831 405 1861 nisi
425 1836 460 1861 ut
479 1842 519 1861 ex
538 1831 662 1862 ancillis
681 1838 890 1862 nascerentur
904 1833 1076 1873 Aegyptii?
1103 1855 1104 1866 ,

120 1873 164 1903 Et
186 1874 259 1912 quia
282 1873 393 1904 Mosen
425 1873 517 1904 duxit
544 1873 603 1905 hoc
634 1873 718 1911 loco,
750 1885 812 1905 non
844 1876 968 1914 putavit
992 1876 1077 1906 filiae

120 1915 203 1946 facto
228 1915 377 1946 violatum
403 1926 495 1947 suum
520 1915 672 1947 edietum:
702 1917 778 1956 quin
811 1918 914 1956 potius
945 1919 1077 1957 gavisus

120 1962 168 1989 cst
198 1958 242 1989 sic
272 1958 419 1989 imminui
448 1964 576 1998 gentem
606 1959 819 1990 Israeliticam
855 1966 888 1990 ut
919 1967 1077 1991 cresceret
1102 1975 1103 2000 ;

121 2001 289 2041 Aegyptus
322 2011 453 2031 numero
483 2001 660 2032 hominum.
714 2002 853 2032 Tantum
883 2008 982 2033 restat
1013 2014 1076 2033 una

120 2043 278 2082 quaestio,
302 2043 354 2082 qui
388 2044 513 2074 venerit
541 2044 573 2073 in
607 2049 745 2075 mentem
782 2045 866 2075 filiae
895 2045 1076 2076 Pharaonis

119 2095 233 2116 nomen
253 2085 448 2117 Hebraicum
468 2086 551 2117 Mosi
575 2087 748 2126 imponere,
773 2098 870 2127 quum
891 2093 1014 2119 certum
1035 2089 1076 2119 sit

120 2137 158 2158 ex
182 2127 310 2158 Psalmo
333 2128 382 2165 81,
406 2128 425 2158 6
458 2139 610 2168 magnum
635 2129 719 2160 inter
743 2129 821 2160 duas
856 2130 925 2161 illas
950 2131 1076 2171 linguas

119 2169 216 2201 fuisse
242 2170 421 2201 dissidium:
445 2171 545 2202 Venit
563 2172 700 2211 populus
719 2183 809 2203 meus
828 2174 858 2203 iu
876 2174 1072 2213 Aegyptum:

119 2211 263 2252 linguam
285 2223 378 2251 quam
398 2224 459 2244 non
480 2222 614 2245 noverat
633 2214 763 2245 audivit.
802 2216 849 2246 Ad
870 2216 957 2253 hacc,
977 2217 1075 2247 scitur
1100 2227 1102 2235 ¹

120 2253 235 2293 Ioseph
257 2254 430 2294 interprete
453 2257 548 2287 fuisse
572 2267 664 2287 usum
685 2258 770 2297 apud
796 2259 920 2295 fratres,
946 2257 1022 2288 (lum
1043 2270 1075 2289 se

120 2296 316 2336 Aegyptium
339 2298 510 2329 simulabat
532 2298 627 2340 (Gen.
652 2299 702 2334 42.
727 2300 789 2341 23).
826 2301 1003 2331 Probabilis
1027 2306 1076 2332 est

119 2339 313 2376 coniectura,
353 2350 461 2371 vocem
504 2352 582 2381 quae
616 2342 841 2382 significationi
876 2344 1073 2381 conveniret,

120 2381 248 2420 petiisse
272 2392 290 2412 a
311 2386 412 2413 matre
436 2384 542 2414 Mosis.
587 2384 657 2415 Nisi
682 2386 784 2425 magis
813 2386 943 2425 placeat,
967 2386 1074 2417 reddi-

121 2428 186 2453 tam
210 2424 306 2454 fuisse
325 2425 553 2465 Aegyptiaeam
578 2438 688 2457 vocem
713 2434 840 2458 servata
864 2429 1072 2469 etymologia:

119 2465 201 2504 quod
237 2466 411 2497 secundum
445 2469 546 2508 magis
580 2470 763 2509 amplector.
816 2471 917 2502 Exsul
959 2471 1074 2502 deinde

117 2508 226 2538 Moses
249 2508 428 2547 impositum
453 2521 470 2540 a
488 2516 590 2542 matre
614 2522 729 2543 nomen
750 2514 877 2553 recepit.

206 2593 253 2623 11.
279 2592 405 2624 Factum
427 2598 527 2627 autem
560 2599 601 2627 est
623 2597 730 2628 (liebus
755 2598 835 2636 illis.
859 2609 952 2637 quum
975 2599 1073 2630 adole-

723 165 1089 200 COMMENTARIUS
1114 166 1160 196 IN
1184 165 1332 198 EXODI
1355 166 1451 197 CAP.
1474 167 1517 198 II.

2071 172 2111 202 26

1146 260 1238 291 visset
1261 259 1378 297 Moses,
1401 262 1434 290 ut
1456 261 1644 299 eqrederetur
1665 261 1707 292 ad
1733 261 1848 301 fratres
1870 272 1958 300 suos,
1983 266 2010 294 et
2031 264 2111 295 vidit

1146 312 1237 333 onera
1255 303 1401 341 ipsorum,
1424 303 1557 341 viditque
1577 304 1679 334 virum
1691 304 1879 344 Aeyyptium
1892 306 2110 345 percutientem

1119 345 1298 383 *quendam
1334 345 1506 376 Hebraeum
1541 356 1577 376 ez
1615 346 1771 385 fratribus
1801 348 1878 378 suis.
1938 348 1985 378 12.
2024 349 2110 380 Tune

1144 388 1278 425 respexit
1299 387 1357 418 leuc
1385 390 1411 417 et
1440 388 1529 424 illue,
1564 391 1590 419 et
1624 389 1730 419 ridens
1758 390 1837 428 quod
1862 400 1947 421 nemo
1981 391 2108 427 adesset,

1139 430 1293 468 percussit
1311 431 1504 469 Aeyyptimn,
1529 433 1616 469 atque
1628 431 1782 462 abscondit
1799 433 1831 462 tn
1850 443 1954 464 arena.
1993 433 2040 464 13.
2066 434 2109 464 Et

1143 482 1236 510 quum
1259 482 1397 511 eyressus
1419 475 1495 503 esset
1518 473 1686 511 postridie,
1710 484 1786 512 eece,
1811 475 1870 506 duo
1892 476 1954 506 viri
1974 476 2109 507 Hebraei

1143 514 1345 545 rixabantur.-
1375 517 1444 545 tune
1473 515 1552 545 ‹leta-it
1581 515 1730 554 malefico.-
1756 517 1857 556 Quare
1879 519 2018 556 percutis
2034 529 2108 557 pro-

1138 556 1292 595 pinquum
1310 557 1422 587 tamn?
1459 558 1506 587 14.
1534 558 1594 596 Qui
1612 559 1782 597 respondit:
1808 559 1885 598 Quis
1904 563 1930 590 te
1952 562 2108 592 constituit

1138 599 1314 638 principem
1335 601 1360 629 ct
1384 600 1512 630 iudicem
1536 610 1627 639 super
1650 601 1729 631 uos?
1753 612 1794 632 an
1816 604 1850 632 ut
1867 612 1914 632 me
1937 603 2057 634 occidas
2074 606 2107 634 tu

1143 641 1291 679 loqueris,
1331 642 1409 672 sicat
1449 643 1584 673 occidisti
1617 643 1827 683 Aeyyptium?
1861 644 1972 683 Itaque
2004 646 2106 676 timuit

1143 683 1253 721 DIoses,
1277 694 1313 714 ae
1335 684 1430 714 drim't:
1455 685 1537 715 Certe
1563 685 1691 716 innotuit
1712 685 1785 717 llaec
1807 697 1863 717 res.
1904 687 1951 718 15.
1979 687 2105 720 Pharao

1141 726 1232 757 ettam
1255 727 1360 757 audito
1382 727 1433 757 hoe
1454 737 1597 763 sermone,
1621 729 1781 766 quaerebat
1801 729 1966 768 interficere
1985 730 2103 762 Mosen.

1142 768 1184 798 Et
1210 769 1333 809 fuyieus
1357 769 1460 799 Illoses
1482 781 1501 800 a
1522 770 1602 808 faeie
1627 770 1805 802 Pharaonis
1826 773 1942 803 mansit
1965 773 1997 803 in
2021 776 2105 804 terra

1142 811 1287 849 IVlaflz'art,
1311 812 1446 850 seditque
1471 812 1560 842 iusta
1577 815 1714 852 puteum.

1227 896 1275 926 11.
1302 896 1431 926 Factum
1461 899 1558 927 autem
1583 900 1638 934 est,
1667 908 1759 936 quum
1789 898 1978 930 adolevisset.
2031 899 2101 930 Iam

1140 938 1300 978 specimen
1326 938 1403 969 illud
1426 939 1498 969 fidei
1522 940 1757 979 quodoelebrat
1770 942 1933 980 apostolus
1957 942 2099 981 proferre

1139 991 1172 1011 se
1201 981 1337 1020 incepit,
1365 992 1464 1020 quum
1500 982 1615 1021 spretis
1653 983 1745 1014 aulae
1775 983 1893 1015 delitiis
1922 988 1953 1014 et
1984 984 2098 1024 opibus

1139 1023 1255 1053 maluit
1274 1023 1398 1054 Christi
1420 1025 1627 1064 opprobrium
1652 1025 1758 1056 subire
1779 1026 1894 1064 Moses,
1920 1037 2015 1066 quam
2040 1037 2096 1058 ex-

1139 1070 1189 1096 tra
1213 1066 1319 1105 populi
1344 1067 1435 1097 electi
1459 1068 1641 1097 societatem
1665 1069 1788 1099 censeri
1820 1068 1940 1100 beatus.
1987 1069 2099 1109 Neque

1138 1109 1223 1138 enim
1247 1109 1313 1139 5010
1333 1108 1438 1148 gentis
1462 1120 1538 1140 suae
1558 1120 1674 1146 amore,
1695 1110 1749 1141 sed
1768 1112 2015 1150 promissionum
2035 1112 2098 1143 fide

1137 1151 1305 1186 adductus,
1329 1162 1438 1182 curam
1464 1152 1546 1183 hane
1565 1153 1712 1192 suscepit,
1737 1164 1799 1193 qua
1822 1154 1939 1185 sciebat
1964 1165 2097 1185 exosum

1137 1204 1170 1224 se
1193 1194 1259 1224 fore
1282 1194 1406 1225 cunctis
1432 1195 1608 1234 Aegyptiis.
1655 1196 1726 1226 Etsi
1756 1201 1863 1226 autem
1894 1207 1958 1227 non
1987 1198 2096 1228 statim

1137 1247 1170 1267 se
1194 1236 1354 1267 abdicavit
1374 1236 1504 1274 divitiis⁷
1525 1238 1652 1268 honoris
1671 1238 1781 1278 gradu,
1806 1239 1915 1270 favore
1935 1244 1965 1270 et
1984 1244 2096 1279 poten-

1137 1279 1190 1315 tia,
1215 1279 1275 1309 fuit
1298 1284 1405 1310 tamen
1430 1279 1589 1318 quoddam
1615 1280 1830 1319 praeludium,
1861 1292 1896 1312 ac
1926 1283 1951 1312 si
1983 1287 2096 1321 sponte

1135 1321 1302 1352 fallacibus
1326 1321 1483 1352 illecebris
1507 1333 1539 1353 se
1563 1329 1702 1354 exueret.
1748 1323 1843 1355 Unde
1872 1329 1904 1354 et
1933 1325 2095 1364 apostolus

1134 1363 1248 1405 (Hebr.
1276 1365 1322 1401 11,
1347 1364 1400 1405 24)
1424 1364 1500 1396 dicit
1523 1365 1662 1396 noluisse
1675 1367 1797 1397 censeri
1818 1367 1850 1396 in
1864 1367 1953 1407 regia
1976 1367 2091 1398 sobole.

1135 1406 1231 1437 Certe
1254 1418 1318 1438 non
1338 1407 1469 1438 dubium
1489 1413 1537 1438 cst
1556 1408 1633 1447 quin
1653 1409 1814 1448 professus
1835 1409 1876 1440 sit
1895 1409 2036 1440 reditum
2060 1421 2094 1441 se

1134 1449 1173 1480 ad
1197 1460 1307 1480 veram
1332 1454 1364 1480 et
1386 1450 1559 1490 genuinam
1580 1451 1812 1490 cognationem,
1837 1462 1854 1482 a
1873 1462 1935 1491 qua
1959 1452 2093 1484 avulsus

1133 1493 1245 1529 fuerat,
1270 1498 1429 1532 appetere.
1468 1493 1518 1523 Ex
1542 1497 1693 1524 contextu
1712 1495 1808 1525 etiam
1828 1494 2008 1534 colligimus
2028 1505 2092 1526 non

1133 1535 1259 1566 venisse
1293 1535 1332 1565 ad
1363 1536 1476 1566 fratres
1506 1546 1579 1566 suos
1609 1541 1731 1566 tantum
1764 1541 1797 1567 ut
1832 1547 1942 1567 eorum
1973 1544 2092 1568 sortem

1132 1578 1350 1615 miseraretur,
1373 1578 1426 1608 sed
1452 1582 1487 1608 ut
1510 1579 1610 1609 solatii
1632 1578 1752 1618 aliquid
1776 1579 1925 1617 adferret,
1950 1580 2091 1620 adeoque

1133 1631 1165 1650 50
1190 1620 1379 1660 adiungeret
1402 1621 1533 1651 socium.
1580 1621 1688 1660 Neque
1712 1622 1796 1652 enim
1822 1626 1887 1652 tam
1911 1624 2091 1662 propinqua

1131 1670 1199 1693 erat
1223 1663 1306 1699 aula,
1331 1668 1366 1693 ut
1389 1663 1529 1702 quotidie
1548 1664 1638 1703 quasi
1657 1664 1756 1694 animi
1775 1664 1879 1704 gratia
1897 1664 2091 1696 ambulando

1130 1706 1216 1744 ipsos
1255 1705 1385 1737 viseret.
1442 1706 1540 1745 Atqui
1576 1705 1650 1736 dicit
1690 1706 1840 1746 postridie
1879 1717 1912 1738 se
1947 1707 2087 1738 rediisse.

1130 1748 1219 1788 Ergo
1242 1748 1352 1778 furtim
1376 1759 1409 1779 se
1433 1759 1471 1779 ex
1495 1749 1568 1779 aula
1580 1749 1741 1785 subduxit,
1767 1749 1929 1789 velpetito
1950 1760 2089 1781 comme-

1130 1797 1183 1821 atu
1214 1791 1321 1821 subire
1352 1790 1504 1821 invidiam
1541 1792 1670 1828 maluit,
1700 1802 1796 1831 quam
1826 1803 1888 1822 non
1919 1792 2089 1832 aliquando

1130 1834 1217 1873 pium
1242 1832 1421 1864 dilectionis
1435 1844 1509 1872 erga
1533 1844 1606 1865 suos
1619 1836 1769 1864 affectum
1783 1834 1940 1874 detegere.
1978 1835 2089 1866 Refert

1130 1882 1236 1906 autem
1261 1887 1294 1907 se
1326 1876 1444 1907 vidisse
1475 1877 1599 1906 illorum
1632 1887 1730 1906 onera
1763 1877 1814 1907 vel
1844 1877 2022 1913 molestias,
2054 1883 2089 1908 ut

1129 1919 1244 1949 merit-o
1268 1918 1399 1949 deberet
1429 1919 1546 1949 iniusta
1574 1919 1738 1958 oppressio
1767 1930 1838 1950 eum
1869 1919 1907 1949 ad
1939 1920 2088 1951 ferendas

1129 1961 1292 2001 suppetias
1316 1972 1468 2001 pungere.
1511 1961 1610 1992 Addit
1641 1962 1776 1992 alterum
1800 1962 1983 1999 stimulum,
2004 1963 2087 2002 quod

1129 2004 1315 2034 Hebraeum
1341 2015 1439 2034 unuln
1464 2004 1502 2034 ab
1528 2005 1686 2044 Aegyptio
1710 2004 1834 2043 percuti
1859 2004 1983 2036 viderit.
2030 2006 2089 2036 Est

1129 2050 1235 2076 autem
1261 2047 1433 2077 verisimile
1458 2047 1517 2077 nisi
1549 2047 1587 2076 ad
1619 2058 1697 2086 opus
1721 2053 1828 2077 essent
1850 2047 1984 2084 celeres,
2010 2048 2090 2078 dure

1128 2089 1226 2119 fuisse
1263 2090 1301 2119 ab
1334 2090 1534 2119 exactoribus
1565 2090 1750 2125 mulctatos,
1781 2088 1895 2119 deiude
1930 2095 1966 2120 ut
1996 2095 2090 2121 erant

1128 2132 1263 2171 expositi
1278 2132 1494 2171 improborum
1518 2132 1650 2169 libidini,
1666 2132 1782 2171 passim
1799 2132 1996 2171 quibuslibet
2015 2133 2089 2163 duta

1128 2175 1186 2204 fuit
1210 2174 1326 2205 similis
1352 2174 1524 2205 violentiae
1549 2174 1732 2213 impunitas.

1214 2217 1262 2247 12.
1290 2217 1375 2248 Tuae
1406 2218 1540 2255 resparit
1572 2217 1628 2247 ltus·
1659 2220 1685 2247 et
1716 2217 1796 2247 illuc.
1850 2217 1935 2248 Hinc
1969 2217 2088 2248 clarius

1127 2263 1215 2298 patet
1239 2260 1367 2290 venisse
1393 2260 1499 2290 Mosen
1524 2270 1559 2290 eo
1579 2259 1709 2290 consilio
1732 2264 1768 2289 ut
1791 2260 1916 2290 miseris
1935 2259 2088 2291 fratribus

1127 2308 1338 2339 succurreret,
1362 2312 1479 2341 eosque
1503 2302 1625 2332 levaret
1655 2312 1710 2332 suo
1734 2302 1852 2332 auxilio
1880 2312 1916 2332 ac
1946 2302 2085 2334 iuvaret:

1126 2345 1252 2383 qnando
1276 2344 1371 2376 caede
1397 2345 1547 2385 Aegyptii
1572 2345 1658 2375 ultus
1683 2350 1729 2375 est
1758 2345 1907 2375 iniuriam
1937 2345 1993 2375 uni
2018 2345 2085 2384 qui-

1126 2386 1197 2417 dem
1222 2388 1353 2420 illatam,
1379 2387 1432 2417 scd
1458 2388 1555 2417 totius
1579 2387 1684 2427 gentis
1707 2397 1917 2417 communem.
1964 2387 2086 2425 Quam-

1126 2430 1175 2460 vis
1197 2436 1303 2460 autem
1328 2430 1366 2460 ad
1393 2430 1451 2460 hoe
1474 2429 1598 2460 fucinus
1611 2429 1769 2459 edendum
1793 2430 1970 2460 instructus
1990 2430 2087 2461 fuerit

1126 2482 1198 2502 rara
1230 2472 1416 2503 fortitudine
1453 2473 1602 2511 spiritus:
1644 2472 1737 2502 simul
1772 2477 1880 2502 tamen
1916 2473 2087 2504 coniuncta

1099 2536 1100 2541 ,
1126 2515 1185 2545 fuit
1208 2515 1389 2551 infirmitas,
1414 2526 1493 2553 quae
1513 2515 1627 2555 arguit,
1652 2525 1713 2544 non
1734 2515 1852 2554 absque
1872 2514 2085 2546 haesitatione

1125 2567 1196 2587 eum
1226 2559 1323 2589 fuisse
1352 2568 1539 2597 aggressum
1564 2557 1645 2596 quod
1670 2562 1779 2587 tamen
1809 2567 1884 2588 suae
1910 2558 2086 2589 vocationis

1125 2609 1194 2630 esse
1219 2606 1360 2631 noverat.
1408 2600 1488 2630 Nam
1504 2599 1690 2639 Stephanus
1710 2600 1800 2631 testis
1823 2599 1968 2639 est(Act.
1983 2600 2010 2638 7,
2031 2600 2085 2643 25)
