2304 3034
150 156 191 187 99
711 153 1080 188 COMMENTARIUS
1102 155 1151 187 IN
1176 153 1324 187 EXODI
1348 152 1446 184 OAP.
1469 151 1565 183 VIII.

152 249 239 281 liunt
273 248 312 280 ad
347 248 481 279 eandem
516 247 716 287 superbiam,
758 247 929 279 calcitrant
966 249 1123 281 adversus

151 293 277 329 Deum,
312 292 375 322 imo
408 295 558 330 proterve
592 290 767 320 insultant:
803 290 942 331 denique
972 292 1040 323 sola
1068 303 1123 324 eos

153 336 300 367 anxietas
320 333 479 370 humiliat,
500 336 531 363 et
550 332 679 372 quidem
700 332 739 363 ad
759 332 857 364 breve
876 334 1012 374 tempus
1050 335 1123 366 Etsi

154 382 261 409 autem
303 376 362 407 hoc
404 376 450 406 illi
492 375 588 406 timor
629 375 766 406 extorsit
805 380 842 406 ut
882 376 1123 416 deprecatorem

154 424 304 461 quaerat,
340 424 371 449 et
399 419 437 449 de
467 417 624 457 placando
656 418 725 449 Deo
757 418 798 449 sit
832 418 1004 451 sollicitus:
1039 420 1122 460 quod

152 468 262 494 tamen
287 461 374 492 velut
398 461 545 501 pactione
568 460 762 500 interposita
785 461 874 500 prius
894 472 912 493 a
935 463 1022 494 ranis
1046 463 1123 494 libe-

153 505 219 536 rari
246 504 388 544 postulat
418 514 514 544 quam
545 503 686 534 dimittat
715 504 886 544 populum,
917 505 1044 545 signum
1075 512 1123 536 est

154 548 220 579 ficti
256 557 292 578 ac
320 546 456 586 duplicis
486 546 595 577 animi.
647 546 821 586 Tantisper
851 557 926 587 ergo
958 548 1123 579 recondita

154 590 249 621 latuit
272 590 422 630 impietas
445 590 478 620 in
503 589 572 620 eius
596 588 707 627 eorde,
736 589 836 620 donee
860 590 991 630 impune
1014 590 1122 621 Deum

154 643 188 664 se
224 643 288 663 non
323 643 415 672 posse
446 633 603 663 lacessere
633 632 775 672 putavit:
808 632 1012 672 impunitatis
1048 644 1123 664 vero

154 675 350 707 confidentia
365 676 475 713 fretus,
496 675 618 705 detexit
638 674 748 705 dolum
768 684 804 706 ac
824 675 1000 715 perfidiam.
1028 676 1122 715 Quod

154 729 231 750 vero
254 718 409 749 Iehovam
435 728 519 748 nunc
543 717 681 748 demisse
705 717 860 755 nominat,
885 718 1032 758 quamvis
1057 729 1122 749 non

154 762 280 792 sincero
304 761 544 800 resipiscentiae
568 760 685 792 affeetu
709 761 755 791 sic
784 760 950 800 loquatur,
981 761 1122 792 ostendit

153 808 265 835 tamen
290 804 406 834 fractos
430 814 498 835 esse
525 803 674 834 robustos
704 803 777 834 illos
807 804 955 843 spiritus,
988 815 1121 844 quorum

153 854 228 878 ante
252 846 336 877 facta
362 846 420 876 fuit
450 846 588 883 mentio,
619 857 717 885 quum
748 857 806 886 per
836 846 1122 878 subsannationem

153 896 321 930 quaereret
344 890 491 929 quisnam
516 894 599 919 esset
623 889 753 919 Iehova.

240 932 268 963 9.
293 932 335 962 Et
364 933 445 963 divit
468 931 572 963 Illoses
597 931 768 962 Pharaoni.
814 931 939 962 Locum
974 932 1059 963 hune
1088 932 1122 963 in

155 975 300 1006 diversos
325 985 438 1006 sensus
464 975 598 1005 trahunt
623 975 825 1014 interpretes.
868 974 933 1013 Qui
956 980 1123 1015 exponunt

153 1018 242 1049 hunc
261 1018 416 1048 honorem
438 1017 569 1049 concedi
583 1017 744 1048 Pharaoni
765 1022 799 1047 ut
819 1022 947 1057 tempus
966 1018 1124 1058 praefigat

153 1071 216 1100 quo
236 1060 315 1091 velit
330 1061 445 1092 Mosen
465 1071 565 1097 orare,
586 1060 683 1091 nimis
703 1064 778 1091 sunt
798 1060 915 1100 arguti.
951 1060 1122 1101 Frigidum

154 1104 251 1134 etiam
277 1103 355 1133 illud
380 1110 436 1141 est,
456 1114 549 1143 posse
563 1103 767 1134 Pharaonem
788 1103 921 1142 gloriari
941 1113 1036 1135 ranas
1055 1114 1125 1134 esse

155 1147 338 1177 morituras.
386 1146 451 1185 Qui
478 1156 553 1177 vero
578 1151 748 1186 exponunt
767 1146 972 1177 Pharaonem
996 1157 1014 1177 a
1037 1146 1125 1177 ranis

155 1189 351 1220 ineolumem
372 1190 438 1220 sore
458 1195 493 1220 ut
514 1194 583 1220 tuto
602 1189 767 1229 glorietur,
782 1199 885 1229 neque
905 1188 1016 1220 dieunt
1034 1189 1125 1226 nihil,

156 1242 260 1272 neque
280 1237 394 1263 totum.
430 1232 570 1263 Videtur
593 1232 699 1272 potius
723 1232 801 1262 mihi
827 1232 925 1264 tacita
949 1242 1018 1263 esse
1041 1232 1124 1262 anti-

156 1275 259 1305 thesis
278 1275 363 1305 inter
382 1286 569 1315 perversam
594 1275 791 1311 iactantiam,
817 1285 881 1314 qua
904 1274 1126 1305 exsultaverat

154 1317 295 1354 Pharao,
317 1323 347 1348 et
367 1319 453 1358 piam
471 1318 695 1357 gloriationem
716 1328 811 1357 quam
826 1324 977 1357 appetere
990 1317 1125 1349 debebat

157 1371 197 1391 ex
212 1361 272 1391 Dei
293 1361 529 1392 misericordia:
555 1361 645 1401 quasi
667 1360 802 1391 dixisset
815 1361 937 1391 Moses:
957 1361 1125 1392 Hactenus

157 1408 213 1434 tua
237 1403 380 1443 potentia
403 1404 557 1441 confisus,
592 1403 708 1434 deinde
731 1403 908 1434 fascinatus
931 1403 1125 1444 praestigiis,

157 1451 188 1476 te
212 1456 383 1486 perperam
407 1447 570 1477 extulisti:
595 1457 680 1477 nunc
701 1446 805 1486 potius
824 1446 964 1486 gloriare
983 1445 1039 1476 tibi
1056 1456 1126 1477 esse

160 1488 401 1528 deprecatorem
425 1495 457 1520 et
480 1496 651 1529 patronum
675 1490 726 1529 qui
742 1489 848 1520 Deum
869 1494 991 1520 exoret.
1025 1490 1125 1520 Arro-

159 1532 304 1572 gantiam
329 1532 416 1562 enim
441 1543 502 1572 qua
526 1543 694 1572 perperam
719 1538 850 1563 evectus
874 1532 978 1563 fuerat
997 1536 1034 1563 ut
1054 1542 1126 1563 cum

158 1574 230 1605 Deo
260 1575 410 1615 congredi
443 1575 593 1613 auderet,
628 1575 757 1606 retundi
792 1575 948 1614 oportuit,
982 1585 1021 1605 ne
1051 1573 1126 1614 quid

159 1617 228 1658 spei
259 1622 343 1648 esset
372 1618 538 1649 residuum
570 1619 632 1649 nisi
664 1619 694 1649 in
720 1617 786 1648 sola
810 1618 871 1649 Dei
896 1617 1124 1649 misericordia.

159 1660 301 1691 Gloriari
325 1671 402 1691 vero
425 1672 524 1701 super
549 1662 663 1692 Mosen
699 1660 890 1691 tantundem
922 1660 1008 1691 valet
1031 1666 1126 1700 atque

160 1703 294 1744 gloriam
320 1714 410 1734 suam
435 1715 589 1744 reponere
613 1705 645 1735 in
670 1704 772 1734 Mosis
796 1703 990 1744 patrocinio,
1014 1708 1046 1734 et
1070 1713 1125 1743 pro

159 1756 286 1777 summa
318 1746 469 1778 felicitate
498 1747 613 1779 ducere
644 1746 729 1787 quod
759 1757 792 1777 50
823 1747 1028 1786 interponere
1056 1745 1125 1786 dig-

160 1789 318 1831 neturad
347 1790 452 1830 ipsum
485 1789 554 1821 Deo
588 1789 873 1821 reconciliandum.
920 1789 1003 1820 Nam
1026 1789 1125 1829 parti-

160 1831 231 1863 cula
265 1835 304 1868 ‘W
339 1843 436 1872 saepe
476 1833 523 1864 ita
563 1833 698 1872 capitur.
758 1832 955 1873 Quanquam
995 1832 1126 1862 minime

161 1875 266 1905 voluit
289 1875 396 1906 Moses
419 1875 594 1916 quidquam
620 1886 659 1906 ex
680 1875 741 1906 Dei
764 1875 866 1915 gloria
885 1875 1046 1906 minuere:
1071 1873 1127 1905 sed

162 1917 447 1958 (quemadmodum
479 1929 581 1959 nuper
615 1918 696 1959 dixi)
731 1918 860 1958 superbi
894 1918 979 1958 regis
1010 1918 1128 1948 fastum

163 1960 302 1991 deiicere
327 1961 453 1998 volens,
486 1961 568 1992 nihil
592 1961 710 1992 melius
733 1961 761 1992 ei
786 1966 842 1992 aut
864 1961 1036 2002 gloriosius
1060 1970 1128 1990 0550

163 2003 271 2034 docuit
285 2014 379 2043 quam
393 2003 431 2035 de
444 2005 539 2035 venia
558 2004 639 2035 bene
658 2015 797 2044 sperare,
818 2003 871 2034 ubi
891 2003 1129 2043 deprecatorem

163 2051 280 2077 nactus
311 2051 396 2078 essct
426 2058 555 2078 servum
584 2047 647 2078 Dei
679 2047 759 2082 vivi,
787 2048 838 2078 cui
869 2046 1031 2077 hostiliter
1061 2051 1130 2076 erat

164 2089 319 2120 infensus.
365 2090 476 2121 Ranas
508 2094 636 2121 tantum
665 2090 696 2120 in
729 2090 864 2120 flumine
893 2089 1033 2120 affirmat
1063 2089 1129 2119 fore

164 2132 327 2163 residuas:
348 2143 384 2163 ac
403 2133 430 2163 si
452 2133 573 2164 diceret
592 2137 761 2164 contentas
780 2133 846 2163 fore
866 2132 957 2163 solito
970 2131 1130 2162 domicilio

165 2180 195 2205 et
219 2175 378 2206 claustris.
425 2175 555 2207 Scimus
579 2176 665 2206 enim
690 2186 801 2213 ranas,
830 2175 957 2206 etiamsi
980 2174 1131 2205 exsiliant

165 2217 329 2249 interdum
354 2219 386 2248 in
410 2219 527 2258 ripam,
552 2229 615 2250 non
640 2218 750 2258 procul
774 2224 881 2249 tamen
904 2218 943 2249 ab
967 2227 1047 2257 aqua
1068 2216 1131 2247 <lis-

165 2260 287 2297 eedere‚
312 2262 386 2300 quia
409 2261 546 2292 humore
569 2266 755 2301 pascuntur.
799 2261 849 2292 Ita
869 2260 1052 2292 subindicat
1071 2260 1131 2290 Dei

167 2303 256 2334 iussu
279 2304 378 2335 fuisse
402 2305 573 2342 immissas,
597 2310 633 2335 ut
657 2315 750 2345 agros
774 2308 937 2345 tegerent:
962 2301 1076 2333 deinde
1099 2302 1132 2332 in

167 2346 236 2376 eius
260 2357 358 2377 manu
382 2358 462 2384 esse,
486 2348 511 2377 si
538 2347 623 2384 velit,
647 2347 739 2378 novis
763 2346 899 2377 subinde
921 2346 1021 2386 copiis
1044 2345 1133 2375 inva-

169 2387 243 2419 dere
267 2400 361 2429 agros
385 2395 415 2420 et
440 2389 568 2426 domos,
592 2396 623 2420 et
647 2391 716 2421 eius
740 2390 896 2421 beneficio
919 2388 1056 2420 adscribi
1080 2387 1134 2418 de-

168 2431 243 2462 11010
267 2433 292 2462 51
312 2442 345 2463 50
368 2433 401 2462 111
426 2433 518 2473 aquis
541 2433 737 2471 contineant,
761 2442 819 2463 nec
842 2437 934 2464 extra
957 2442 1031 2462 suos
1055 2431 1135 2461 fines

168 2480 368 2514 grassentur.

257 2518 304 2548 10.
329 2516 372 2548 Et
394 2519 455 2548 ait:
480 2517 569 2550 Cras.
616 2518 651 2549 Si
677 2518 715 2549 ad
741 2518 854 2549 Mosen
879 2517 1014 2554 referas,
1045 2516 1136 2547 nulla

170 2559 204 2589 in
229 2571 323 2591 sensu
348 2561 409 2591 erit
432 2561 640 2601 ambiguitas:
671 2571 782 2592 verum
805 2561 880 2601 quia
902 2559 1065 2600 probabile
1089 2563 1137 2590 est

168 2602 282 2633 referri
302 2603 482 2635 Pharaonis
508 2605 614 2641 verba,
638 2615 713 2635 eum
737 2603 887 2635 existimo
910 2607 1020 2644 petere
1043 2601 1137 2632 indu-

2080 155 2141 186 100

1177 249 1242 280 cias
1271 249 1305 279 in
1337 248 1420 278 diem
1455 247 1633 277 crastinum
1667 245 1834 278 liberando
1866 248 1991 288 populo.
2045 249 2140 288 Nam,

1176 293 1229 332 qui
1253 301 1326 322 eum
1350 290 1462 321 Mosen
1486 299 1600 328 rogare
1624 288 1813 320 existimant
1835 295 1870 320 nt
1898 290 2051 330 postridie
2073 292 2141 324 suis

1176 334 1326 374 precibus
1356 342 1451 363 ranas
1485 331 1611 371 abigat,
1646 331 1678 361 in
1714 332 1944 363 absurditatem
1981 334 2139 366 incidunt:

1176 377 1266 417 qnasi
1290 376 1419 407 Pharao
1448 384 1559 405 secure
1590 373 1764 405 dormitum
1787 375 1967 406 concedens
1990 376 2066 407 mali
2089 388 2139 409 re-

1176 419 1318 450 medium
1349 417 1518 448 distulerit.
1565 416 1681 448 Colore
1710 417 1810 457 igitur
1840 417 1899 449 1100
1929 422 2029 450 caret:
2055 419 2141 451 Pha-

1177 472 1322 499 raonem,
1360 471 1396 491 ac
1431 460 1457 491 si
1492 459 1599 499 quieto
1632 464 1717 490 esset
1751 461 1989 501 tranquilloque
2022 463 2140 500 animo,

1176 512 1284 545 petere
1307 509 1343 534 111
1366 503 1416 533 (110
1440 507 1566 542 postero
1590 506 1676 532 terra
1699 507 1856 542 purgetur
1879 514 1897 534 a
1919 504 2016 535 ranis.
2052 503 2140 543 Quin

1176 548 1296 588 potius,
1325 546 1351 577 si
1375 556 1449 576 mox
1473 545 1599 575 levatus
1623 545 1720 575 fuerit
1742 545 1803 576 hoc
1825 546 2044 584 incommodo,
2067 557 2141 587 pro-

1176 590 1278 621 mittit
1296 589 1412 629 populo
1432 587 1636 618 missionem:
1658 598 1752 627 quam
1772 594 1880 619 tamen
1900 589 2033 620 fallendi
2045 599 2142 621 causa

1176 634 1209 663 in
1240 638 1402 672 posterum
1433 629 1516 661 diem
1551 630 1726 670 suspendit.
1772 631 1845 662 Non
1874 633 1960 663 enim
1989 632 2052 663 alia
2082 633 2144 663 fuit

1176 673 1435 716 procrastinandi
1458 673 1556 711 ratio,
1585 673 1648 704 nisi
1678 680 1712 704 ut
1740 673 1875 714 adeptus
1898 674 1980 714 quod
2006 674 2141 713 volebat,

1176 729 1195 749 a
1217 723 1308 758 pacto
1332 716 1526 754 diseederet,
1551 715 1645 747 sicuti
1676 716 1758 747 fecit.
1805 717 1913 748 Moses
1943 723 2049 749 autem
2082 718 2142 749 1130

1176 760 1389 801 promissione
1415 763 1586 790 contentus
1609 758 1770 789 facturum
1795 770 1828 791 se
1852 760 1966 800 recipit
1987 764 2024 791 ut
2045 770 2142 792 ranas

1176 804 1266 834 Deus
1294 803 1454 843 profliget.
1500 801 1594 840 Quod
1625 801 1737 832 eodem
1767 801 1817 832 die
1848 803 2043 843 completum
2072 813 2142 835 esse

1176 857 1240 877 non
1266 846 1392 882 dubito,
1427 854 1503 875 nam
1534 843 1609 875 111110
1637 844 1812 876 mutandae
1843 846 2022 876 sententiae
2045 856 2142 878 causa

1177 894 1317 929 tyranno
1341 889 1414 925 fuit,
1446 886 1530 926 quod
1562 891 1655 918 nocte
1685 888 1875 927 interposita
1904 888 2018 919 timere
2037 888 2142 920 desiit.

1177 933 1220 963 Et
1233 936 1318 963 certe
1338 941 1377 961 ex
1397 929 1503 962 verbis
1522 929 1731 970 sequentibus
1750 930 1911 971 colligitur
1930 941 2026 963 ranas
2045 932 2143 971 paulo

1177 980 1249 1015 post
1273 985 1288 1003 e
1312 973 1417 1004 medio
1446 973 1543 1004 fuisse
1573 972 1732 1003 sublatas:
1765 973 1839 1013 quia
1869 973 2002 1012 dicitur,
2029 974 2143 1006 Mosen

1178 1022 1209 1048 et
1244 1017 1378 1047 Aharon
1413 1021 1582 1056 postquam
1618 1016 1739 1056 egressi
1773 1021 1865 1054 sunt,
1901 1026 2026 1048 orasse:
2060 1016 2145 1056 quod

1179 1061 1309 1090 minime
1323 1059 1495 1099 quadraret
1513 1059 1539 1089 si
1559 1063 1761 1098 exspectatus
1780 1064 1865 1090 esset
1885 1059 1952 1091 dies
1975 1060 2144 1092 crastinus.

1179 1103 1272 1142 Quod
1297 1108 1402 1132 autem
1428 1102 1535 1132 Moses
1559 1102 1700 1132 affirmat
1722 1101 1813 1132 illum
1838 1102 1905 1133 fore
1928 1103 1993 1134 voti
2017 1113 2144 1143 compo-

1180 1151 1253 1183 tem,
1279 1155 1341 1176 non
1366 1145 1441 1176 facit
1466 1145 1635 1175 temerario
1658 1144 1813 1184 impulsu:
1838 1145 1914 1185 quia
1932 1156 1972 1176 ex
1995 1155 2145 1177 successu

1179 1194 1313 1228 apparet
1332 1193 1454 1218 certum
1474 1188 1573 1218 fuisse
1587 1187 1625 1218 de
1638 1187 1770 1218 consilio
1784 1187 1854 1218 Dei.
1884 1188 1937 1219 Ita
1956 1199 2051 1228 saepe
2070 1199 2142 1229 pro-

1179 1231 1310 1271 phetae,
1334 1231 1480 1270 quamvis
1504 1241 1568 1260 non
1591 1230 1770 1261 intercedat
1793 1230 1903 1261 vocale
1927 1237 2142 1271 praeceptum,

1179 1279 1335 1314 reguntur
1376 1279 1484 1304 tamen
1524 1283 1640 1304 arcano
1681 1273 1815 1312 spiritus
1849 1273 2015 1305 instinctu.
2070 1275 2143 1306 Hac

1179 1327 1304 1357 quoque
1328 1316 1445 1347 fiducia
1468 1316 1661 1356 pronunciat
1684 1316 1792 1347 Moses
1821 1316 1975 1347 sciturum
2000 1317 2144 1348 Pharao-

1179 1370 1252 1390 nem
1268 1360 1336 1390 Deo
1352 1359 1479 1390 [sraelis
1499 1359 1623 1389 nullum
1645 1358 1742 1390 alium
1763 1369 1856 1398 posse
1874 1360 2022 1390 conferri.
2054 1360 2144 1392 Haec

1179 1412 1273 1442 porro
1297 1407 1345 1433 est
1369 1412 1444 1433 vera
1457 1401 1520 1432 Dei
1543 1402 1691 1442 cognitio,
1716 1401 1768 1432 ubi
1791 1401 1825 1432 in
1849 1401 1994 1433 ordinem
2018 1403 2145 1443 cogitur

1179 1445 1332 1485 quidquid
1357 1455 1390 1475 se
1414 1444 1534 1475 attollit
1563 1445 1602 1475 ad
1633 1444 1867 1476 obscurandam
1899 1444 1967 1476 eius
1997 1445 2144 1485 gloriam,

1179 1487 1326 1528 ceditque
1349 1488 1401 1518 vel
1425 1487 1574 1519 deiicitur
1598 1488 1702 1518 omnis
1726 1486 1878 1525 altitudo,
1904 1491 1942 1518 ut
1965 1488 2052 1520 solus
2075 1488 2145 1529 ipse

1180 1532 1329 1561 emineat.

1267 1574 1313 1604 15.
1346 1572 1460 1604 Videas
1482 1576 1584 1604 civatem
1609 1572 1746 1604 Pharao.
1782 1573 1870 1605 Hinc
1894 1576 2027 1614 apparet
2049 1574 2146 1606 mise-

1180 1626 1250 1647 rum
1275 1620 1467 1658 tyrannum,
1497 1616 1602 1647 instar
1631 1616 1768 1648 flexuosi
1797 1618 1972 1656 serpentis,
2003 1622 2146 1649 mentem

1179 1670 1270 1690 suam
1296 1659 1434 1699 agitasse
1458 1662 1490 1689 01
1513 1669 1658 1690 versasse
1682 1670 1739 1699 per
1761 1659 1852 1690 varia
1874 1659 2015 1691 consilia.
2061 1660 2146 1692 Nam

1178 1712 1277 1741 quum
1306 1702 1345 1732 ad
1373 1707 1575 1741 praesentem
1607 1702 1766 1742 potentiae
1790 1701 1853 1733 Dei
1884 1712 2015 1733 sensum
2047 1713 2147 1743 expa-

1179 1750 1339 1782 vesceret,
1367 1746 1562 1784 pertinacius
1590 1745 1739 1776 resistere
1759 1755 1821 1776 non
1841 1745 1997 1776 audebat:
2017 1749 2145 1777 tantum

1179 1787 1307 1827 petebat
1346 1787 1582 1827 aliquantulum
1624 1788 1778 1828 temporis
1819 1787 1858 1818 ad
1900 1788 2141 1828 respirandum:

1180 1841 1265 1861 nune
1288 1836 1376 1860 metu
1400 1831 1525 1862 solutus
1549 1831 1582 1861 in
1611 1831 1746 1862 eandem
1777 1831 2012 1862 contumaciam
2041 1831 2146 1863 revol-

1180 1873 1277 1904 vitur.
1330 1873 1400 1904 Hoc
1433 1884 1509 1904 vero
1541 1874 1671 1914 signum
1697 1878 1747 1904 est
1777 1874 1920 1914 perversi
1948 1878 1980 1904 et
2008 1874 2146 1905 contorti

1180 1916 1311 1955 ingenii,
1331 1926 1395 1946 non
1415 1924 1529 1956 sponte
1549 1928 1582 1947 se
1595 1916 1761 1953 subiicere,
1781 1916 1835 1948 sed
1856 1917 2024 1956 temporali
2041 1917 2146 1948 solum

1180 1957 1336 1989 modestia
1355 1958 1494 1999 defungi,
1519 1960 1571 1990 ubi
1591 1964 1686 2000 urget
1704 1959 1815 1990 durior
1834 1960 2016 1991 necessitas.
2052 1960 2147 1991 Hanc

1181 2001 1349 2040 perfidiam
1384 2002 1416 2032 in
1451 2013 1578 2033 recessu
1612 2001 1717 2034 cordis
1757 2002 1978 2033 absconditam
2012 2006 2149 2034 noverat

1182 2044 1285 2079 Deus,
1310 2050 1341 2074 et
1364 2045 1447 2075 Mosi
1471 2045 1694 2085 praedixerat:
1729 2045 1829 2076 voluit
1853 2050 1961 2076 tamen
1984 2045 2017 2075 in
2043 2045 2148 2077 lucem

1182 2087 1363 2125 extrahere,
1387 2093 1417 2118 et
1441 2088 1511 2119 ideo
1535 2099 1671 2128 poenam
1696 2088 1835 2124 remisit,
1866 2098 1948 2127 quae
1973 2087 2149 2119 simulandi

1182 2134 1251 2160 crat
1272 2130 1403 2161 occasio.

1270 2214 1318 2245 16.
1354 2215 1438 2246 Tunc
1467 2216 1549 2247 ‹lia-it
1572 2215 1685 2247 Ielzova
1715 2216 1756 2246 ad
1786 2215 1912 2246 Mosen:
1941 2215 2079 2255 Loquere
2106 2215 2150 2246 ad

1185 2257 1330 2288 Aharon:
1359 2257 1496 2289 Erteude
1519 2259 1639 2299 oiryam
1668 2261 1769 2291 tuam.
1798 2260 1824 2289 et
1848 2261 1972 2297 percute
1988 2258 2149 2297 pulverem

1184 2303 1297 2337 terrac,
1321 2302 1355 2330 ut
1376 2301 1416 2331 sit
1440 2302 1469 2332 in
1490 2302 1649 2341 pediculos
1666 2311 1727 2340 per
1748 2303 1842 2332 totam
1865 2303 1980 2332 terram
2003 2301 2148 2341 Aeyypti.

1188 2343 1235 2373 17.
1261 2342 1303 2373 Ei
1323 2343 1459 2382 fecerunt
1480 2345 1540 2376 sic:
1563 2347 1589 2376 εὐ
1611 2344 1741 2375 eztemlit
1760 2344 1888 2375 Ahar-on
1906 2354 2035 2374 manum
2057 2353 2149 2375 suam

1185 2396 1252 2417 eum
1275 2386 1362 2425 rirya
1384 2397 1456 2424 sua,
1486 2390 1512 2417 et
1535 2388 1689 2426 percussit
1714 2387 1870 2426 pulverem
1898 2389 2013 2417 terrae:
2040 2389 2067 2417 et
2087 2386 2150 2426 fuit

1189 2430 1220 2459 in
1237 2428 1397 2467 pediculos
1421 2430 1451 2459 ia
1474 2430 1592 2461 homiwe
1614 2432 1640 2461 et
1663 2430 1803 2467 iumento,
1826 2432 1905 2460 totus
1923 2429 2032 2469 pulvis
2049 2431 2151 2460 terrae

1186 2471 1247 2511 fail
1283 2471 1314 2501 in
1347 2472 1507 2510 pediculos
1543 2483 1599 2513 per
1638 2473 1816 2503 universam
1856 2475 1972 2503 terram
2006 2472 2147 2512 Aeyypti.

1190 2515 1238 2545 18.
1262 2512 1305 2544 Et
1326 2515 1370 2543 sic
1390 2515 1523 2552 fecerunt
1546 2516 1630 2555 may&
1653 2515 1912 2547 incantationibus
1934 2515 2002 2546 suis
2024 2517 2058 2546 ut
2073 2524 2150 2554 pro-

1187 2558 1328 2588 ducerent
1346 2557 1519 2595 pediculos.-
1547 2559 1600 2589 scd
1622 2568 1682 2589 non
1698 2561 1871 2597 potnerunt.
1917 2557 1964 2589 19.
1992 2557 2080 2588 Tunc
2100 2558 2150 2589 cli-

1189 2601 1301 2631 xerant
1322 2600 1406 2639 maga?
1428 2601 1469 2630 acl
1491 2600 1699 2633 Pharaonem:
1721 2600 1850 2641 Diyitas
1868 2601 1932 2633 Dei
1952 2603 1994 2632 est
2016 2599 2073 2632 hic.
2107 2599 2151 2631 Et
