<?xml version="1.0" encoding="UTF-8"?>
<!DOCTYPE html PUBLIC "-//W3C//DTD XHTML 1.0 Transitional//EN"
    "http://www.w3.org/TR/xhtml1/DTD/xhtml1-transitional.dtd">
<html xmlns="http://www.w3.org/1999/xhtml" xml:lang="en" lang="en">
 <head>
  <title>
</title>
<meta http-equiv="Content-Type" content="text/html;charset=utf-8" />
  <meta name='ocr-system' content='tesseract 3.04.00' />
  <meta name='ocr-capabilities' content='ocr_page ocr_carea ocr_par ocr_line ocrx_word'/>
</head>
<body>
  <div class='ocr_page' id='page_1' title='image "./ioanniscalviniop24calv_0238.png"; bbox 0 0 2304 3034; ppageno 0'>
   <div class='ocr_carea' id='block_1_1' title="bbox 167 170 1467 207">
    <p class='ocr_par' dir='ltr' id='par_1_1' title="bbox 167 170 1467 207">
     <span class='ocr_line' id='line_1_1' title="bbox 167 170 1467 207; baseline 0.001 -2"><span class='ocrx_word' id='word_1_1' title='bbox 167 175 232 206; x_wconf 76' lang='lat'>455</span> <span class='ocrx_word' id='word_1_2' title='bbox 864 170 1117 204; x_wconf 85' lang='lat' dir='ltr'>SECUNDUM</span> <span class='ocrx_word' id='word_1_3' title='bbox 1147 173 1467 207; x_wconf 79' lang='lat' dir='ltr'>PRAECEPTUM.</span> 
     </span>
    </p>
   </div>
   <div class='ocr_carea' id='block_1_2' title="bbox 167 263 1144 1881">
    <p class='ocr_par' dir='ltr' id='par_1_2' title="bbox 170 263 1142 307">
     <span class='ocr_line' id='line_1_2' title="bbox 170 263 1142 307; baseline -0.002 -8.949"><span class='ocrx_word' id='word_1_4' title='bbox 170 268 223 301; x_wconf 85' lang='lat' dir='ltr'>vel</span> <span class='ocrx_word' id='word_1_5' title='bbox 248 266 471 307; x_wconf 78' lang='lat' dir='ltr'>privilegium,</span> <span class='ocrx_word' id='word_1_6' title='bbox 499 264 583 304; x_wconf 91' lang='lat' dir='ltr'>quod</span> <span class='ocrx_word' id='word_1_7' title='bbox 607 264 757 294; x_wconf 78' lang='lat' dir='ltr'>observet</span> <span class='ocrx_word' id='word_1_8' title='bbox 780 268 843 294; x_wconf 84' lang='lat' dir='ltr'>tota</span> <span class='ocrx_word' id='word_1_9' title='bbox 870 263 1004 294; x_wconf 85' lang='lat' dir='ltr'>Aharon</span> <span class='ocrx_word' id='word_1_10' title='bbox 1036 270 1142 305; x_wconf 85' lang='lat' dir='ltr'>poste-</span> 
     </span>
    </p>

    <p class='ocr_par' dir='ltr' id='par_1_3' title="bbox 168 306 1144 1375">
     <span class='ocr_line' id='line_1_3' title="bbox 172 306 1144 348; baseline 0.003 -12"><span class='ocrx_word' id='word_1_11' title='bbox 172 311 259 342; x_wconf 63' lang='lat' dir='ltr'>ritaS</span> <span class='ocrx_word' id='word_1_12' title='bbox 303 308 375 348; x_wconf 67' lang='lat' dir='ltr'>Qut</span> <span class='ocrx_word' id='word_1_13' title='bbox 398 307 436 337; x_wconf 89' lang='lat' dir='ltr'>de</span> <span class='ocrx_word' id='word_1_14' title='bbox 460 318 493 337; x_wconf 93' lang='lat' dir='ltr'>re</span> <span class='ocrx_word' id='word_1_15' title='bbox 518 312 628 337; x_wconf 88' lang='lat' dir='ltr'>tamen</span> <span class='ocrx_word' id='word_1_16' title='bbox 652 317 715 337; x_wconf 87' lang='lat' dir='ltr'>non</span> <span class='ocrx_word' id='word_1_17' title='bbox 741 306 885 346; x_wconf 80' lang='lat' dir='ltr'>litigabo,</span> <span class='ocrx_word' id='word_1_18' title='bbox 905 307 930 337; x_wconf 87' lang='lat' dir='ltr'>si</span> <span class='ocrx_word' id='word_1_19' title='bbox 955 307 1026 346; x_wconf 88' lang='lat' dir='ltr'>quis</span> <span class='ocrx_word' id='word_1_20' title='bbox 1051 308 1144 339; x_wconf 87' lang='lat' dir='ltr'>aliter</span> 
     </span>
     <span class='ocr_line' id='line_1_4' title="bbox 173 349 1143 399; baseline -0.002 -15"><span class='ocrx_word' id='word_1_21' title='bbox 173 353 301 384; x_wconf 86' lang='lat' dir='ltr'>sentiat.</span> <span class='ocrx_word' id='word_1_22' title='bbox 338 352 383 381; x_wconf 78' lang='lat' dir='ltr'>At</span> <span class='ocrx_word' id='word_1_23' title='bbox 402 355 489 381; x_wconf 80' lang='lat' dir='ltr'>certe</span> <span class='ocrx_word' id='word_1_24' title='bbox 508 360 569 389; x_wconf 92' lang='lat' dir='ltr'>quo</span> <span class='ocrx_word' id='word_1_25' title='bbox 589 349 693 389; x_wconf 84' lang='lat' dir='ltr'>magis</span> <span class='ocrx_word' id='word_1_26' title='bbox 711 349 744 379; x_wconf 90' lang='lat' dir='ltr'>in</span> <span class='ocrx_word' id='word_1_27' title='bbox 765 359 801 380; x_wconf 93' lang='lat' dir='ltr'>eo</span> <span class='ocrx_word' id='word_1_28' title='bbox 825 349 1015 388; x_wconf 77' lang='lat' dir='ltr'>splendebat</span> <span class='ocrx_word' id='word_1_29' title='bbox 1038 351 1143 399; x_wconf 78' lang='lat' dir='ltr'>figura</span> 
     </span>
     <span class='ocr_line' id='line_1_5' title="bbox 174 392 1142 433; baseline -0.002 -7"><span class='ocrx_word' id='word_1_30' title='bbox 174 395 306 431; x_wconf 79' lang='lat' dir='ltr'>Christi,</span> <span class='ocrx_word' id='word_1_31' title='bbox 331 393 434 423; x_wconf 87' lang='lat' dir='ltr'>maior</span> <span class='ocrx_word' id='word_1_32' title='bbox 457 392 553 422; x_wconf 83' lang='lat' dir='ltr'>etiam</span> <span class='ocrx_word' id='word_1_33' title='bbox 576 397 607 422; x_wconf 89' lang='lat' dir='ltr'>et</span> <span class='ocrx_word' id='word_1_34' title='bbox 630 392 802 431; x_wconf 84' lang='lat' dir='ltr'><strong>perfectior</strong></span> <span class='ocrx_word' id='word_1_35' title='bbox 825 392 980 423; x_wconf 76' lang='lat' dir='ltr'>sanctitas</span> <span class='ocrx_word' id='word_1_36' title='bbox 1000 394 1142 433; x_wconf 79' lang='lat' dir='ltr'>conspici</span> 
     </span>
     <span class='ocr_line' id='line_1_6' title="bbox 174 434 1142 474; baseline -0.001 -6"><span class='ocrx_word' id='word_1_37' title='bbox 174 437 317 468; x_wconf 82' lang='lat' dir='ltr'>debebat.</span> <span class='ocrx_word' id='word_1_38' title='bbox 364 435 437 466; x_wconf 88' lang='lat' dir='ltr'>Huc</span> <span class='ocrx_word' id='word_1_39' title='bbox 462 440 568 465; x_wconf 87' lang='lat' dir='ltr'>autem</span> <span class='ocrx_word' id='word_1_40' title='bbox 594 434 759 474; x_wconf 78' lang='lat' dir='ltr'>spectabat</span> <span class='ocrx_word' id='word_1_41' title='bbox 782 434 966 471; x_wconf 86' lang='lat' dir='ltr'>adstrictio‚</span> <span class='ocrx_word' id='word_1_42' title='bbox 1000 440 1036 466; x_wconf 92' lang='lat' dir='ltr'>ut</span> <span class='ocrx_word' id='word_1_43' title='bbox 1059 446 1142 467; x_wconf 84' lang='lat' dir='ltr'>uxor</span> 
     </span>
     <span class='ocr_line' id='line_1_7' title="bbox 174 477 1143 517; baseline 0 -7"><span class='ocrx_word' id='word_1_44' title='bbox 174 491 237 511; x_wconf 89' lang='lat' dir='ltr'>non</span> <span class='ocrx_word' id='word_1_45' title='bbox 262 478 359 509; x_wconf 88' lang='lat' dir='ltr'>alium</span> <span class='ocrx_word' id='word_1_46' title='bbox 384 478 489 508; x_wconf 88' lang='lat' dir='ltr'>virum</span> <span class='ocrx_word' id='word_1_47' title='bbox 514 482 661 517; x_wconf 80' lang='lat' dir='ltr'>experta,</span> <span class='ocrx_word' id='word_1_48' title='bbox 686 477 916 508; x_wconf 88' lang='lat' dir='ltr'>verecundiam</span> <span class='ocrx_word' id='word_1_49' title='bbox 942 477 1009 509; x_wconf 90' lang='lat' dir='ltr'>loco</span> <span class='ocrx_word' id='word_1_50' title='bbox 1033 478 1087 509; x_wconf 90' lang='lat' dir='ltr'>illo</span> <span class='ocrx_word' id='word_1_51' title='bbox 1110 484 1143 510; x_wconf 92' lang='lat' dir='ltr'>et</span> 
     </span>
     <span class='ocr_line' id='line_1_8' title="bbox 171 519 1142 563; baseline 0.001 -11"><span class='ocrx_word' id='word_1_52' title='bbox 171 521 273 563; x_wconf 86' lang='lat' dir='ltr'>gradu</span> <span class='ocrx_word' id='word_1_53' title='bbox 297 521 378 552; x_wconf 79' lang='lat' dir='ltr'>sacri</span> <span class='ocrx_word' id='word_1_54' title='bbox 404 520 534 551; x_wconf 91' lang='lat' dir='ltr'>honoris</span> <span class='ocrx_word' id='word_1_55' title='bbox 559 519 689 560; x_wconf 84' lang='lat' dir='ltr'>dignam</span> <span class='ocrx_word' id='word_1_56' title='bbox 715 531 792 560; x_wconf 90' lang='lat' dir='ltr'>prae</span> <span class='ocrx_word' id='word_1_57' title='bbox 819 531 852 551; x_wconf 90' lang='lat' dir='ltr'>se</span> <span class='ocrx_word' id='word_1_58' title='bbox 871 520 980 551; x_wconf 85' lang='lat' dir='ltr'>ferret.</span> <span class='ocrx_word' id='word_1_59' title='bbox 1015 521 1142 562; x_wconf 78' lang='lat' dir='ltr'>Siquis</span> 
     </span>
     <span class='ocr_line' id='line_1_9' title="bbox 171 562 1141 601; baseline 0 -6"><span class='ocrx_word' id='word_1_60' title='bbox 171 564 306 601; x_wconf 82' lang='lat' dir='ltr'>obiiciat,</span> <span class='ocrx_word' id='word_1_61' title='bbox 331 562 516 600; x_wconf 80' lang='lat' dir='ltr'>absurdum,</span> <span class='ocrx_word' id='word_1_62' title='bbox 541 562 593 593; x_wconf 86' lang='lat' dir='ltr'>vel</span> <span class='ocrx_word' id='word_1_63' title='bbox 618 563 723 593; x_wconf 91' lang='lat' dir='ltr'>minus</span> <span class='ocrx_word' id='word_1_64' title='bbox 747 562 897 594; x_wconf 84' lang='lat' dir='ltr'>decorum</span> <span class='ocrx_word' id='word_1_65' title='bbox 923 563 1022 594; x_wconf 90' lang='lat' dir='ltr'>fuisse</span> <span class='ocrx_word' id='word_1_66' title='bbox 1041 564 1141 595; x_wconf 86' lang='lat' dir='ltr'>vetuli</span> 
     </span>
     <span class='ocr_line' id='line_1_10' title="bbox 171 605 1141 645; baseline 0 -7"><span class='ocrx_word' id='word_1_67' title='bbox 171 606 347 638; x_wconf 87' lang='lat' dir='ltr'>sacerdotis</span> <span class='ocrx_word' id='word_1_68' title='bbox 379 606 564 645; x_wconf 85' lang='lat' dir='ltr'>coniugium</span> <span class='ocrx_word' id='word_1_69' title='bbox 599 616 672 636; x_wconf 89' lang='lat' dir='ltr'>cum</span> <span class='ocrx_word' id='word_1_70' title='bbox 712 606 836 645; x_wconf 85' lang='lat' dir='ltr'>puella,</span> <span class='ocrx_word' id='word_1_71' title='bbox 879 605 995 637; x_wconf 89' lang='lat' dir='ltr'>deinde</span> <span class='ocrx_word' id='word_1_72' title='bbox 1029 606 1141 639; x_wconf 89' lang='lat' dir='ltr'>multis</span> 
     </span>
     <span class='ocr_line' id='line_1_11' title="bbox 170 648 1140 689; baseline 0.001 -9"><span class='ocrx_word' id='word_1_73' title='bbox 170 649 383 681; x_wconf 76' lang='lat' dir='ltr'>incommodis</span> <span class='ocrx_word' id='word_1_74' title='bbox 414 648 608 679; x_wconf 86' lang='lat' dir='ltr'>subiectum:</span> <span class='ocrx_word' id='word_1_75' title='bbox 639 648 835 688; x_wconf 84' lang='lat' dir='ltr'>respondeo,</span> <span class='ocrx_word' id='word_1_76' title='bbox 868 648 955 689; x_wconf 87' lang='lat' dir='ltr'>leges</span> <span class='ocrx_word' id='word_1_77' title='bbox 985 650 1140 689; x_wconf 77' lang='lat' dir='ltr'>speciales</span> 
     </span>
     <span class='ocr_line' id='line_1_12' title="bbox 171 691 1141 732; baseline 0.001 -9"><span class='ocrx_word' id='word_1_78' title='bbox 171 693 216 723; x_wconf 89' lang='lat' dir='ltr'>ita</span> <span class='ocrx_word' id='word_1_79' title='bbox 253 692 367 723; x_wconf 86' lang='lat' dir='ltr'>debere</span> <span class='ocrx_word' id='word_1_80' title='bbox 401 691 538 731; x_wconf 77' lang='lat' dir='ltr'>exponi,</span> <span class='ocrx_word' id='word_1_81' title='bbox 573 701 614 721; x_wconf 90' lang='lat' dir='ltr'>ne</span> <span class='ocrx_word' id='word_1_82' title='bbox 648 696 796 731; x_wconf 82' lang='lat' dir='ltr'>pugnent</span> <span class='ocrx_word' id='word_1_83' title='bbox 831 701 904 722; x_wconf 90' lang='lat' dir='ltr'>cum</span> <span class='ocrx_word' id='word_1_84' title='bbox 935 692 1141 732; x_wconf 80' lang='lat' dir='ltr'>generalibus</span> 
     </span>
     <span class='ocr_line' id='line_1_13' title="bbox 170 733 1140 776; baseline 0.001 -11"><span class='ocrx_word' id='word_1_85' title='bbox 170 735 349 776; x_wconf 80' lang='lat' dir='ltr'>principiis.</span> <span class='ocrx_word' id='word_1_86' title='bbox 392 733 428 765; x_wconf 78' lang='lat' dir='ltr'>Si</span> <span class='ocrx_word' id='word_1_87' title='bbox 449 744 547 764; x_wconf 81' lang='lat' dir='ltr'>sonex</span> <span class='ocrx_word' id='word_1_88' title='bbox 568 733 749 774; x_wconf 87' lang='lat' dir='ltr'>decrepitus</span> <span class='ocrx_word' id='word_1_89' title='bbox 768 734 975 765; x_wconf 88' lang='lat' dir='ltr'>iuvenculam</span> <span class='ocrx_word' id='word_1_90' title='bbox 1000 740 1140 775; x_wconf 84' lang='lat' dir='ltr'>appetat,</span> 
     </span>
     <span class='ocr_line' id='line_1_14' title="bbox 173 776 1141 817; baseline 0.001 -9"><span class='ocrx_word' id='word_1_91' title='bbox 173 778 292 817; x_wconf 85' lang='lat' dir='ltr'>turpis,</span> <span class='ocrx_word' id='word_1_92' title='bbox 333 783 364 808; x_wconf 89' lang='lat' dir='ltr'>et</span> <span class='ocrx_word' id='word_1_93' title='bbox 398 776 548 817; x_wconf 80' lang='lat' dir='ltr'>pudenda</span> <span class='ocrx_word' id='word_1_94' title='bbox 583 777 643 807; x_wconf 86' lang='lat' dir='ltr'>erit</span> <span class='ocrx_word' id='word_1_95' title='bbox 678 777 793 815; x_wconf 83' lang='lat' dir='ltr'>libido,</span> <span class='ocrx_word' id='word_1_96' title='bbox 829 777 944 808; x_wconf 86' lang='lat' dir='ltr'>deinde</span> <span class='ocrx_word' id='word_1_97' title='bbox 978 778 1141 809; x_wconf 80' lang='lat' dir='ltr'>fraudabit</span> 
     </span>
     <span class='ocr_line' id='line_1_15' title="bbox 173 819 1141 862; baseline 0.001 -11"><span class='ocrx_word' id='word_1_98' title='bbox 173 831 270 860; x_wconf 88' lang='lat' dir='ltr'>quam</span> <span class='ocrx_word' id='word_1_99' title='bbox 301 819 403 850; x_wconf 86' lang='lat' dir='ltr'>ducet.</span> <span class='ocrx_word' id='word_1_100' title='bbox 450 819 538 850; x_wconf 88' lang='lat' dir='ltr'>Hinc</span> <span class='ocrx_word' id='word_1_101' title='bbox 569 819 699 850; x_wconf 82' lang='lat' dir='ltr'>tandem</span> <span class='ocrx_word' id='word_1_102' title='bbox 728 824 879 851; x_wconf 89' lang='lat' dir='ltr'>nascetur</span> <span class='ocrx_word' id='word_1_103' title='bbox 909 820 1084 862; x_wconf 83' lang='lat' dir='ltr'>zelotypia,</span> <span class='ocrx_word' id='word_1_104' title='bbox 1108 825 1141 852; x_wconf 91' lang='lat' dir='ltr'>et</span> 
     </span>
     <span class='ocr_line' id='line_1_16' title="bbox 171 862 1140 903; baseline 0.001 -9"><span class='ocrx_word' id='word_1_105' title='bbox 171 864 289 894; x_wconf 86' lang='lat' dir='ltr'>misera</span> <span class='ocrx_word' id='word_1_106' title='bbox 313 863 476 901; x_wconf 81' lang='lat' dir='ltr'>anxietas,</span> <span class='ocrx_word' id='word_1_107' title='bbox 500 862 553 893; x_wconf 88' lang='lat' dir='ltr'>vel</span> <span class='ocrx_word' id='word_1_108' title='bbox 577 863 685 893; x_wconf 89' lang='lat' dir='ltr'>stultis</span> <span class='ocrx_word' id='word_1_109' title='bbox 708 863 839 903; x_wconf 89' lang='lat' dir='ltr'>ineptiis</span> <span class='ocrx_word' id='word_1_110' title='bbox 863 873 1004 894; x_wconf 88' lang='lat' dir='ltr'>amorem</span> <span class='ocrx_word' id='word_1_111' title='bbox 1028 865 1140 895; x_wconf 81' lang='lat' dir='ltr'>uxoris</span> 
     </span>
     <span class='ocr_line' id='line_1_17' title="bbox 170 905 1139 946; baseline 0 -9"><span class='ocrx_word' id='word_1_112' title='bbox 170 906 322 942; x_wconf 79' lang='lat' dir='ltr'>fovendo,</span> <span class='ocrx_word' id='word_1_113' title='bbox 355 916 483 936; x_wconf 90' lang='lat' dir='ltr'>omnem</span> <span class='ocrx_word' id='word_1_114' title='bbox 515 905 688 946; x_wconf 79' lang='lat' dir='ltr'>gravitatis</span> <span class='ocrx_word' id='word_1_115' title='bbox 718 916 830 936; x_wconf 89' lang='lat' dir='ltr'>curam</span> <span class='ocrx_word' id='word_1_116' title='bbox 861 906 998 937; x_wconf 88' lang='lat' dir='ltr'>abiiciet.</span> <span class='ocrx_word' id='word_1_117' title='bbox 1044 907 1139 938; x_wconf 88' lang='lat' dir='ltr'>Hanc</span> 
     </span>
     <span class='ocr_line' id='line_1_18' title="bbox 171 948 1139 989; baseline 0.001 -10"><span class='ocrx_word' id='word_1_118' title='bbox 171 949 334 989; x_wconf 80' lang='lat' dir='ltr'>regulam,</span> <span class='ocrx_word' id='word_1_119' title='bbox 364 959 444 988; x_wconf 87' lang='lat' dir='ltr'>quae</span> <span class='ocrx_word' id='word_1_120' title='bbox 469 958 487 978; x_wconf 88' lang='lat' dir='ltr'>a</span> <span class='ocrx_word' id='word_1_121' title='bbox 510 953 626 979; x_wconf 89' lang='lat' dir='ltr'>natura</span> <span class='ocrx_word' id='word_1_122' title='bbox 650 952 682 980; x_wconf 90' lang='lat' dir='ltr'>et</span> <span class='ocrx_word' id='word_1_123' title='bbox 710 959 805 979; x_wconf 90' lang='lat' dir='ltr'>sensu</span> <span class='ocrx_word' id='word_1_124' title='bbox 838 948 994 986; x_wconf 73' lang='lat' dir='ltr'>dictatur,</span> <span class='ocrx_word' id='word_1_125' title='bbox 1027 950 1139 980; x_wconf 90' lang='lat' dir='ltr'>violari</span> 
     </span>
     <span class='ocr_line' id='line_1_19' title="bbox 170 990 1139 1031; baseline 0.001 -9"><span class='ocrx_word' id='word_1_126' title='bbox 170 992 275 1022; x_wconf 88' lang='lat' dir='ltr'>noluit</span> <span class='ocrx_word' id='word_1_127' title='bbox 299 991 399 1022; x_wconf 86' lang='lat' dir='ltr'>Deus.</span> <span class='ocrx_word' id='word_1_128' title='bbox 424 1001 522 1031; x_wconf 90' lang='lat' dir='ltr'>quum</span> <span class='ocrx_word' id='word_1_129' title='bbox 548 990 707 1022; x_wconf 86' lang='lat' dir='ltr'>sacerdoti</span> <span class='ocrx_word' id='word_1_130' title='bbox 731 1002 793 1022; x_wconf 90' lang='lat' dir='ltr'>non</span> <span class='ocrx_word' id='word_1_131' title='bbox 819 992 967 1031; x_wconf 87' lang='lat' dir='ltr'>permisit</span> <span class='ocrx_word' id='word_1_132' title='bbox 989 992 1050 1023; x_wconf 86' lang='lat' dir='ltr'>nisi</span> <span class='ocrx_word' id='word_1_133' title='bbox 1075 993 1139 1023; x_wconf 92' lang='lat' dir='ltr'>vir-</span> 
     </span>
     <span class='ocr_line' id='line_1_20' title="bbox 170 1033 1138 1075; baseline 0.002 -11"><span class='ocrx_word' id='word_1_134' title='bbox 170 1035 279 1075; x_wconf 82' lang='lat' dir='ltr'>ginem</span> <span class='ocrx_word' id='word_1_135' title='bbox 303 1033 437 1071; x_wconf 84' lang='lat' dir='ltr'>ducere,</span> <span class='ocrx_word' id='word_1_136' title='bbox 461 1033 517 1064; x_wconf 89' lang='lat' dir='ltr'>sed</span> <span class='ocrx_word' id='word_1_137' title='bbox 542 1034 652 1064; x_wconf 82' lang='lat' dir='ltr'>habita</span> <span class='ocrx_word' id='word_1_138' title='bbox 676 1035 792 1065; x_wconf 86' lang='lat' dir='ltr'>aetatis</span> <span class='ocrx_word' id='word_1_139' title='bbox 816 1034 956 1071; x_wconf 80' lang='lat' dir='ltr'>ratione,</span> <span class='ocrx_word' id='word_1_140' title='bbox 985 1035 1138 1075; x_wconf 87' lang='lat' dir='ltr'>pudorem</span> 
     </span>
     <span class='ocr_line' id='line_1_21' title="bbox 170 1076 1141 1119; baseline 0.002 -12"><span class='ocrx_word' id='word_1_141' title='bbox 170 1083 199 1107; x_wconf 83' lang='lat' dir='ltr'>et</span> <span class='ocrx_word' id='word_1_142' title='bbox 222 1077 425 1107; x_wconf 80' lang='lat' dir='ltr'>honestatem</span> <span class='ocrx_word' id='word_1_143' title='bbox 446 1077 570 1108; x_wconf 86' lang='lat' dir='ltr'>servari</span> <span class='ocrx_word' id='word_1_144' title='bbox 594 1076 697 1107; x_wconf 88' lang='lat' dir='ltr'>voluit</span> <span class='ocrx_word' id='word_1_145' title='bbox 720 1077 754 1107; x_wconf 90' lang='lat' dir='ltr'>in</span> <span class='ocrx_word' id='word_1_146' title='bbox 778 1077 938 1118; x_wconf 84' lang='lat' dir='ltr'>coniugio,</span> <span class='ocrx_word' id='word_1_147' title='bbox 962 1085 999 1108; x_wconf 87' lang='lat' dir='ltr'>ut</span> <span class='ocrx_word' id='word_1_148' title='bbox 1022 1078 1048 1109; x_wconf 90' lang='lat' dir='ltr'>si</span> <span class='ocrx_word' id='word_1_149' title='bbox 1071 1089 1141 1119; x_wconf 91' lang='lat' dir='ltr'>pro-</span> 
     </span>
     <span class='ocr_line' id='line_1_22' title="bbox 169 1119 1140 1161; baseline 0.002 -11"><span class='ocrx_word' id='word_1_150' title='bbox 169 1126 281 1150; x_wconf 75' lang='lat' dir='ltr'>vectae</span> <span class='ocrx_word' id='word_1_151' title='bbox 305 1119 420 1150; x_wconf 86' lang='lat' dir='ltr'>aetatis</span> <span class='ocrx_word' id='word_1_152' title='bbox 444 1125 528 1150; x_wconf 83' lang='lat' dir='ltr'>esset</span> <span class='ocrx_word' id='word_1_153' title='bbox 551 1120 709 1158; x_wconf 77' lang='lat' dir='ltr'>sacerdos7</span> <span class='ocrx_word' id='word_1_154' title='bbox 734 1120 892 1161; x_wconf 83' lang='lat' dir='ltr'>virginem</span> <span class='ocrx_word' id='word_1_155' title='bbox 918 1121 1078 1161; x_wconf 84' lang='lat' dir='ltr'>acciperet</span> <span class='ocrx_word' id='word_1_156' title='bbox 1101 1121 1140 1152; x_wconf 89' lang='lat' dir='ltr'>ab</span> 
     </span>
     <span class='ocr_line' id='line_1_23' title="bbox 169 1162 1140 1196; baseline 0.003 -4"><span class='ocrx_word' id='word_1_157' title='bbox 169 1162 262 1193; x_wconf 85' lang='lat' dir='ltr'>annis</span> <span class='ocrx_word' id='word_1_158' title='bbox 286 1163 353 1193; x_wconf 88' lang='lat' dir='ltr'>suis</span> <span class='ocrx_word' id='word_1_159' title='bbox 378 1173 441 1193; x_wconf 91' lang='lat' dir='ltr'>uon</span> <span class='ocrx_word' id='word_1_160' title='bbox 467 1163 603 1193; x_wconf 90' lang='lat' dir='ltr'>nimium</span> <span class='ocrx_word' id='word_1_161' title='bbox 628 1167 803 1194; x_wconf 86' lang='lat' dir='ltr'>remotam:</span> <span class='ocrx_word' id='word_1_162' title='bbox 827 1164 852 1193; x_wconf 88' lang='lat' dir='ltr'>si</span> <span class='ocrx_word' id='word_1_163' title='bbox 873 1168 980 1194; x_wconf 90' lang='lat' dir='ltr'>autem</span> <span class='ocrx_word' id='word_1_164' title='bbox 1001 1164 1140 1196; x_wconf 87' lang='lat' dir='ltr'>caducus</span> 
     </span>
     <span class='ocr_line' id='line_1_24' title="bbox 170 1205 1141 1245; baseline 0.003 -10"><span class='ocrx_word' id='word_1_165' title='bbox 170 1209 270 1243; x_wconf 85' lang='lat' dir='ltr'>esset,</span> <span class='ocrx_word' id='word_1_166' title='bbox 304 1216 339 1236; x_wconf 90' lang='lat' dir='ltr'>ac</span> <span class='ocrx_word' id='word_1_167' title='bbox 371 1205 436 1236; x_wconf 88' lang='lat' dir='ltr'>iam</span> <span class='ocrx_word' id='word_1_168' title='bbox 465 1210 598 1245; x_wconf 89' lang='lat' dir='ltr'>propter</span> <span class='ocrx_word' id='word_1_169' title='bbox 623 1206 749 1236; x_wconf 88' lang='lat' dir='ltr'>senium</span> <span class='ocrx_word' id='word_1_170' title='bbox 781 1206 889 1237; x_wconf 87' lang='lat' dir='ltr'>minus</span> <span class='ocrx_word' id='word_1_171' title='bbox 912 1206 1046 1238; x_wconf 87' lang='lat' dir='ltr'>idoneus</span> <span class='ocrx_word' id='word_1_172' title='bbox 1069 1217 1141 1238; x_wconf 88' lang='lat' dir='ltr'>con-</span> 
     </span>
     <span class='ocr_line' id='line_1_25' title="bbox 169 1248 1140 1289; baseline 0.003 -11"><span class='ocrx_word' id='word_1_173' title='bbox 169 1248 274 1289; x_wconf 82' lang='lat' dir='ltr'>iugio,</span> <span class='ocrx_word' id='word_1_174' title='bbox 306 1248 358 1286; x_wconf 78' lang='lat' dir='ltr'>lex</span> <span class='ocrx_word' id='word_1_175' title='bbox 383 1248 421 1278; x_wconf 89' lang='lat' dir='ltr'>de</span> <span class='ocrx_word' id='word_1_176' title='bbox 446 1249 574 1289; x_wconf 79' lang='lat' dir='ltr'>virgine</span> <span class='ocrx_word' id='word_1_177' title='bbox 598 1248 761 1286; x_wconf 85' lang='lat' dir='ltr'>ducenda,</span> <span class='ocrx_word' id='word_1_178' title='bbox 786 1249 970 1280; x_wconf 84' lang='lat' dir='ltr'>exhortatio</span> <span class='ocrx_word' id='word_1_179' title='bbox 994 1255 1076 1281; x_wconf 87' lang='lat' dir='ltr'>esset</span> <span class='ocrx_word' id='word_1_180' title='bbox 1100 1249 1140 1281; x_wconf 91' lang='lat' dir='ltr'>ad</span> 
     </span>
     <span class='ocr_line' id='line_1_26' title="bbox 168 1291 1139 1331; baseline 0.003 -10"><span class='ocrx_word' id='word_1_181' title='bbox 168 1291 360 1322; x_wconf 85' lang='lat' dir='ltr'>caelibatum</span> <span class='ocrx_word' id='word_1_182' title='bbox 375 1291 482 1331; x_wconf 84' lang='lat' dir='ltr'>potius</span> <span class='ocrx_word' id='word_1_183' title='bbox 496 1302 590 1331; x_wconf 87' lang='lat' dir='ltr'>quam</span> <span class='ocrx_word' id='word_1_184' title='bbox 606 1297 641 1321; x_wconf 92' lang='lat' dir='ltr'>ut</span> <span class='ocrx_word' id='word_1_185' title='bbox 657 1302 690 1322; x_wconf 92' lang='lat' dir='ltr'>se</span> <span class='ocrx_word' id='word_1_186' title='bbox 704 1292 885 1331; x_wconf 84' lang='lat' dir='ltr'>implicaret</span> <span class='ocrx_word' id='word_1_187' title='bbox 898 1292 1010 1323; x_wconf 87' lang='lat' dir='ltr'>multis</span> <span class='ocrx_word' id='word_1_188' title='bbox 1025 1292 1139 1324; x_wconf 90' lang='lat' dir='ltr'>moles-</span> 
     </span>
     <span class='ocr_line' id='line_1_27' title="bbox 169 1334 833 1375; baseline 0.002 -11"><span class='ocrx_word' id='word_1_189' title='bbox 169 1334 232 1371; x_wconf 84' lang='lat' dir='ltr'>tiis,</span> <span class='ocrx_word' id='word_1_190' title='bbox 258 1338 289 1364; x_wconf 90' lang='lat' dir='ltr'>et</span> <span class='ocrx_word' id='word_1_191' title='bbox 312 1335 456 1364; x_wconf 88' lang='lat' dir='ltr'>omnium</span> <span class='ocrx_word' id='word_1_192' title='bbox 482 1334 623 1365; x_wconf 85' lang='lat' dir='ltr'>ludibrio</span> <span class='ocrx_word' id='word_1_193' title='bbox 646 1339 833 1375; x_wconf 83' lang='lat' dir='ltr'>exponeret.</span> 
     </span>
    </p>

    <p class='ocr_par' dir='ltr' id='par_1_4' title="bbox 167 1376 1143 1881">
     <span class='ocr_line' id='line_1_28' title="bbox 255 1376 1141 1410; baseline 0.001 -2"><span class='ocrx_word' id='word_1_194' title='bbox 255 1377 283 1408; x_wconf 91' lang='lat'>9.</span> <span class='ocrx_word' id='word_1_195' title='bbox 310 1376 400 1407; x_wconf 75' lang='lat' dir='ltr'>Filia</span> <span class='ocrx_word' id='word_1_196' title='bbox 422 1377 557 1408; x_wconf 72' lang='lat' dir='ltr'>hominis</span> <span class='ocrx_word' id='word_1_197' title='bbox 575 1378 750 1409; x_wconf 72' lang='lat' dir='ltr'>sacerdotis.</span> <span class='ocrx_word' id='word_1_198' title='bbox 787 1377 970 1409; x_wconf 88' lang='lat' dir='ltr'>Moderatio</span> <span class='ocrx_word' id='word_1_199' title='bbox 994 1382 1025 1409; x_wconf 91' lang='lat' dir='ltr'>et</span> <span class='ocrx_word' id='word_1_200' title='bbox 1048 1378 1141 1410; x_wconf 88' lang='lat' dir='ltr'>casti—</span> 
     </span>
     <span class='ocr_line' id='line_1_29' title="bbox 169 1419 1139 1461; baseline 0.003 -12"><span class='ocrx_word' id='word_1_201' title='bbox 169 1424 218 1450; x_wconf 84' lang='lat' dir='ltr'>tas</span> <span class='ocrx_word' id='word_1_202' title='bbox 238 1419 277 1449; x_wconf 84' lang='lat' dir='ltr'>ad</span> <span class='ocrx_word' id='word_1_203' title='bbox 298 1419 396 1450; x_wconf 89' lang='lat' dir='ltr'>filiam</span> <span class='ocrx_word' id='word_1_204' title='bbox 418 1430 545 1460; x_wconf 87' lang='lat' dir='ltr'>quoque</span> <span class='ocrx_word' id='word_1_205' title='bbox 565 1420 769 1451; x_wconf 82' lang='lat' dir='ltr'>extenditur:</span> <span class='ocrx_word' id='word_1_206' title='bbox 790 1431 826 1452; x_wconf 88' lang='lat' dir='ltr'>ac</span> <span class='ocrx_word' id='word_1_207' title='bbox 846 1431 904 1461; x_wconf 91' lang='lat' dir='ltr'>per</span> <span class='ocrx_word' id='word_1_208' title='bbox 916 1420 1139 1460; x_wconf 85' lang='lat' dir='ltr'>synecdochen</span> 
     </span>
     <span class='ocr_line' id='line_1_30' title="bbox 167 1462 1140 1504; baseline 0.002 -11"><span class='ocrx_word' id='word_1_209' title='bbox 167 1462 227 1493; x_wconf 89' lang='lat' dir='ltr'>sub</span> <span class='ocrx_word' id='word_1_210' title='bbox 252 1473 316 1493; x_wconf 86' lang='lat' dir='ltr'>una</span> <span class='ocrx_word' id='word_1_211' title='bbox 341 1463 446 1502; x_wconf 88' lang='lat' dir='ltr'>specie</span> <span class='ocrx_word' id='word_1_212' title='bbox 470 1463 761 1504; x_wconf 84' lang='lat' dir='ltr'>comprehenditur</span> <span class='ocrx_word' id='word_1_213' title='bbox 783 1472 872 1495; x_wconf 87' lang='lat' dir='ltr'>recta</span> <span class='ocrx_word' id='word_1_214' title='bbox 897 1464 1082 1504; x_wconf 80' lang='lat' dir='ltr'>disciplina,</span> <span class='ocrx_word' id='word_1_215' title='bbox 1105 1469 1140 1495; x_wconf 92' lang='lat' dir='ltr'>ut</span> 
     </span>
     <span class='ocr_line' id='line_1_31' title="bbox 169 1505 1141 1547; baseline 0.003 -12"><span class='ocrx_word' id='word_1_216' title='bbox 169 1505 209 1535; x_wconf 87' lang='lat' dir='ltr'>ad</span> <span class='ocrx_word' id='word_1_217' title='bbox 234 1505 367 1536; x_wconf 86' lang='lat' dir='ltr'>virtutis</span> <span class='ocrx_word' id='word_1_218' title='bbox 391 1505 533 1536; x_wconf 88' lang='lat' dir='ltr'>studium</span> <span class='ocrx_word' id='word_1_219' title='bbox 565 1511 597 1537; x_wconf 90' lang='lat' dir='ltr'>et</span> <span class='ocrx_word' id='word_1_220' title='bbox 626 1506 780 1537; x_wconf 83' lang='lat' dir='ltr'>honestos</span> <span class='ocrx_word' id='word_1_221' title='bbox 809 1507 1006 1547; x_wconf 89' lang='lat' dir='ltr'>pudicosque</span> <span class='ocrx_word' id='word_1_222' title='bbox 1036 1517 1141 1539; x_wconf 87' lang='lat' dir='ltr'>mores</span> 
     </span>
     <span class='ocr_line' id='line_1_32' title="bbox 168 1548 1141 1591; baseline 0.003 -13"><span class='ocrx_word' id='word_1_223' title='bbox 168 1548 298 1578; x_wconf 85' lang='lat' dir='ltr'>formati</span> <span class='ocrx_word' id='word_1_224' title='bbox 328 1549 394 1578; x_wconf 89' lang='lat' dir='ltr'>sint</span> <span class='ocrx_word' id='word_1_225' title='bbox 425 1549 527 1580; x_wconf 86' lang='lat' dir='ltr'>liberi.</span> <span class='ocrx_word' id='word_1_226' title='bbox 574 1549 723 1580; x_wconf 85' lang='lat' dir='ltr'>Edicitur</span> <span class='ocrx_word' id='word_1_227' title='bbox 753 1555 860 1580; x_wconf 85' lang='lat' dir='ltr'>autem</span> <span class='ocrx_word' id='word_1_228' title='bbox 893 1551 1001 1591; x_wconf 81' lang='lat' dir='ltr'>gravis</span> <span class='ocrx_word' id='word_1_229' title='bbox 1031 1560 1141 1590; x_wconf 87' lang='lat' dir='ltr'>poena,</span> 
     </span>
     <span class='ocr_line' id='line_1_33' title="bbox 169 1591 1142 1633; baseline 0.003 -12"><span class='ocrx_word' id='word_1_230' title='bbox 169 1591 195 1622; x_wconf 90' lang='lat' dir='ltr'>si</span> <span class='ocrx_word' id='word_1_231' title='bbox 220 1591 286 1621; x_wconf 89' lang='lat' dir='ltr'>filia</span> <span class='ocrx_word' id='word_1_232' title='bbox 309 1591 485 1622; x_wconf 84' lang='lat' dir='ltr'>sacerdotis</span> <span class='ocrx_word' id='word_1_233' title='bbox 509 1597 649 1623; x_wconf 80' lang='lat' dir='ltr'>scortata</span> <span class='ocrx_word' id='word_1_234' title='bbox 672 1592 779 1629; x_wconf 78' lang='lat' dir='ltr'>fuerit,</span> <span class='ocrx_word' id='word_1_235' title='bbox 803 1593 880 1633; x_wconf 85' lang='lat' dir='ltr'>quia</span> <span class='ocrx_word' id='word_1_236' title='bbox 903 1604 974 1625; x_wconf 87' lang='lat' dir='ltr'>cum</span> <span class='ocrx_word' id='word_1_237' title='bbox 999 1593 1142 1624; x_wconf 89' lang='lat' dir='ltr'>libidinis</span> 
     </span>
     <span class='ocr_line' id='line_1_34' title="bbox 170 1634 1141 1676; baseline 0.003 -12"><span class='ocrx_word' id='word_1_238' title='bbox 170 1634 294 1674; x_wconf 83' lang='lat' dir='ltr'>flagitio</span> <span class='ocrx_word' id='word_1_239' title='bbox 328 1635 537 1665; x_wconf 87' lang='lat' dir='ltr'>coniunctum</span> <span class='ocrx_word' id='word_1_240' title='bbox 573 1640 642 1666; x_wconf 87' lang='lat' dir='ltr'>erat</span> <span class='ocrx_word' id='word_1_241' title='bbox 673 1635 890 1676; x_wconf 82' lang='lat' dir='ltr'>sacrilegium.</span> <span class='ocrx_word' id='word_1_242' title='bbox 944 1637 1047 1667; x_wconf 89' lang='lat' dir='ltr'>Porro</span> <span class='ocrx_word' id='word_1_243' title='bbox 1076 1647 1141 1667; x_wconf 87' lang='lat' dir='ltr'>non</span> 
     </span>
     <span class='ocr_line' id='line_1_35' title="bbox 169 1676 1142 1714; baseline 0.002 -7"><span class='ocrx_word' id='word_1_244' title='bbox 169 1676 242 1707; x_wconf 87' lang='lat' dir='ltr'>leve</span> <span class='ocrx_word' id='word_1_245' title='bbox 266 1677 386 1708; x_wconf 87' lang='lat' dir='ltr'>crimen</span> <span class='ocrx_word' id='word_1_246' title='bbox 412 1682 469 1714; x_wconf 88' lang='lat' dir='ltr'>est,</span> <span class='ocrx_word' id='word_1_247' title='bbox 494 1678 671 1708; x_wconf 87' lang='lat' dir='ltr'>sacrarium</span> <span class='ocrx_word' id='word_1_248' title='bbox 688 1677 750 1709; x_wconf 90' lang='lat' dir='ltr'>Dei</span> <span class='ocrx_word' id='word_1_249' title='bbox 774 1679 905 1710; x_wconf 86' lang='lat' dir='ltr'>violare.</span> <span class='ocrx_word' id='word_1_250' title='bbox 941 1679 1010 1709; x_wconf 90' lang='lat' dir='ltr'>Iam</span> <span class='ocrx_word' id='word_1_251' title='bbox 1035 1680 1060 1710; x_wconf 91' lang='lat' dir='ltr'>si</span> <span class='ocrx_word' id='word_1_252' title='bbox 1080 1679 1142 1709; x_wconf 83' lang='lat' dir='ltr'>tale</span> 
     </span>
     <span class='ocr_line' id='line_1_36' title="bbox 171 1719 1143 1762; baseline 0.004 -13"><span class='ocrx_word' id='word_1_253' title='bbox 171 1719 309 1751; x_wconf 83' lang='lat' dir='ltr'>dedecus</span> <span class='ocrx_word' id='word_1_254' title='bbox 334 1720 501 1751; x_wconf 83' lang='lat' dir='ltr'>tolerasset</span> <span class='ocrx_word' id='word_1_255' title='bbox 525 1721 673 1752; x_wconf 82' lang='lat' dir='ltr'>sacerdos</span> <span class='ocrx_word' id='word_1_256' title='bbox 696 1722 729 1752; x_wconf 91' lang='lat' dir='ltr'>in</span> <span class='ocrx_word' id='word_1_257' title='bbox 755 1722 838 1755; x_wconf 78' lang='lat' dir='ltr'>filia,</span> <span class='ocrx_word' id='word_1_258' title='bbox 868 1733 981 1762; x_wconf 86' lang='lat' dir='ltr'>parum</span> <span class='ocrx_word' id='word_1_259' title='bbox 1012 1732 1143 1753; x_wconf 86' lang='lat' dir='ltr'>severus</span> 
     </span>
     <span class='ocr_line' id='line_1_37' title="bbox 170 1763 1143 1804; baseline 0.004 -12"><span class='ocrx_word' id='word_1_260' title='bbox 170 1763 285 1793; x_wconf 88' lang='lat' dir='ltr'>fuisset</span> <span class='ocrx_word' id='word_1_261' title='bbox 299 1763 417 1793; x_wconf 80' lang='lat' dir='ltr'>vindex</span> <span class='ocrx_word' id='word_1_262' title='bbox 438 1764 582 1795; x_wconf 88' lang='lat' dir='ltr'>eiusdem</span> <span class='ocrx_word' id='word_1_263' title='bbox 603 1764 814 1804; x_wconf 85' lang='lat' dir='ltr'>turpitudinis</span> <span class='ocrx_word' id='word_1_264' title='bbox 834 1765 866 1795; x_wconf 93' lang='lat' dir='ltr'>in</span> <span class='ocrx_word' id='word_1_265' title='bbox 887 1766 1059 1802; x_wconf 75' lang='lat' dir='ltr'>extraneis,</span> <span class='ocrx_word' id='word_1_266' title='bbox 1080 1765 1143 1795; x_wconf 91' lang='lat' dir='ltr'>imo</span> 
     </span>
     <span class='ocr_line' id='line_1_38' title="bbox 170 1805 1143 1847; baseline 0.004 -12"><span class='ocrx_word' id='word_1_267' title='bbox 170 1805 252 1836; x_wconf 91' lang='lat' dir='ltr'>liber</span> <span class='ocrx_word' id='word_1_268' title='bbox 277 1817 339 1836; x_wconf 92' lang='lat' dir='ltr'>non</span> <span class='ocrx_word' id='word_1_269' title='bbox 364 1807 478 1837; x_wconf 84' lang='lat' dir='ltr'>fuisset</span> <span class='ocrx_word' id='word_1_270' title='bbox 501 1806 541 1837; x_wconf 86' lang='lat' dir='ltr'>ad</span> <span class='ocrx_word' id='word_1_271' title='bbox 566 1806 729 1847; x_wconf 89' lang='lat' dir='ltr'>punienda</span> <span class='ocrx_word' id='word_1_272' title='bbox 752 1808 887 1845; x_wconf 82' lang='lat' dir='ltr'>scelera,</span> <span class='ocrx_word' id='word_1_273' title='bbox 918 1808 982 1838; x_wconf 87' lang='lat' dir='ltr'>nisi</span> <span class='ocrx_word' id='word_1_274' title='bbox 1008 1819 1026 1839; x_wconf 88' lang='lat' dir='ltr'>a</span> <span class='ocrx_word' id='word_1_275' title='bbox 1050 1807 1143 1839; x_wconf 87' lang='lat' dir='ltr'>domo</span> 
     </span>
     <span class='ocr_line' id='line_1_39' title="bbox 171 1849 545 1881; baseline 0.008 -3"><span class='ocrx_word' id='word_1_276' title='bbox 171 1858 231 1879; x_wconf 81' lang='lat' dir='ltr'>sua</span> <span class='ocrx_word' id='word_1_277' title='bbox 254 1849 382 1879; x_wconf 87' lang='lat' dir='ltr'>initium</span> <span class='ocrx_word' id='word_1_278' title='bbox 408 1849 545 1881; x_wconf 81' lang='lat' dir='ltr'>fecisset.</span> 
     </span>
    </p>
   </div>
   <div class='ocr_carea' id='block_1_3' title="bbox 481 1995 842 2028">
    <p class='ocr_par' dir='ltr' id='par_1_5' title="bbox 481 1995 842 2028">
     <span class='ocr_line' id='line_1_40' title="bbox 481 1995 842 2028; baseline 0.006 -3"><span class='ocrx_word' id='word_1_279' title='bbox 481 1995 545 2026; x_wconf 80' lang='lat' dir='ltr'>EX</span> <span class='ocrx_word' id='word_1_280' title='bbox 569 1995 719 2027; x_wconf 84' lang='lat' dir='ltr'><strong>LEVIT.</strong></span> <span class='ocrx_word' id='word_1_281' title='bbox 744 1995 842 2028; x_wconf 85' lang='lat' dir='ltr'>XXI.</span> 
     </span>
    </p>
   </div>
   <div class='ocr_carea' id='block_1_4' title="bbox 166 2062 1144 2403">
    <p class='ocr_par' dir='ltr' id='par_1_6' title="bbox 166 2062 1144 2403">
     <span class='ocr_line' id='line_1_41' title="bbox 260 2062 1143 2103; baseline 0.003 -11"><span class='ocrx_word' id='word_1_282' title='bbox 260 2062 308 2093; x_wconf 84' lang='lat'>16.</span> <span class='ocrx_word' id='word_1_283' title='bbox 346 2062 508 2103; x_wconf 71' lang='lat' dir='ltr'>Loqumus</span> <span class='ocrx_word' id='word_1_284' title='bbox 542 2067 584 2095; x_wconf 78' lang='lat' dir='ltr'>est</span> <span class='ocrx_word' id='word_1_285' title='bbox 619 2063 732 2095; x_wconf 68' lang='lat' dir='ltr'>Ielzova</span> <span class='ocrx_word' id='word_1_286' title='bbox 768 2065 811 2095; x_wconf 76' lang='lat' dir='ltr'>ad</span> <span class='ocrx_word' id='word_1_287' title='bbox 844 2063 968 2102; x_wconf 76' lang='lat' dir='ltr'>Mosen,</span> <span class='ocrx_word' id='word_1_288' title='bbox 1003 2064 1143 2095; x_wconf 76' lang='lat' dir='ltr'>dicendo.-</span> 
     </span>
     <span class='ocr_line' id='line_1_42' title="bbox 173 2104 1143 2144; baseline 0.002 -9"><span class='ocrx_word' id='word_1_289' title='bbox 173 2104 222 2135; x_wconf 82' lang='lat'>17.</span> <span class='ocrx_word' id='word_1_290' title='bbox 247 2104 385 2143; x_wconf 71' lang='lat' dir='ltr'>Loquere</span> <span class='ocrx_word' id='word_1_291' title='bbox 415 2107 456 2137; x_wconf 80' lang='lat' dir='ltr'>ad</span> <span class='ocrx_word' id='word_1_292' title='bbox 479 2107 624 2144; x_wconf 78' lang='lat' dir='ltr'>Aharon,</span> <span class='ocrx_word' id='word_1_293' title='bbox 655 2107 800 2137; x_wconf 76' lang='lat' dir='ltr'>dicendo.-</span> <span class='ocrx_word' id='word_1_294' title='bbox 838 2107 896 2138; x_wconf 68' lang='lat' dir='ltr'>Vir</span> <span class='ocrx_word' id='word_1_295' title='bbox 922 2117 937 2138; x_wconf 89' lang='lat' dir='ltr'>e</span> <span class='ocrx_word' id='word_1_296' title='bbox 959 2107 1072 2138; x_wconf 71' lang='lat' dir='ltr'>semine</span> <span class='ocrx_word' id='word_1_297' title='bbox 1093 2110 1143 2137; x_wconf 78' lang='lat' dir='ltr'>tuo</span> 
     </span>
     <span class='ocr_line' id='line_1_43' title="bbox 166 2149 1144 2189; baseline 0.003 -12"><span class='ocrx_word' id='word_1_298' title='bbox 166 2157 226 2186; x_wconf 81' lang='lat' dir='ltr'>per</span> <span class='ocrx_word' id='word_1_299' title='bbox 256 2151 369 2179; x_wconf 76' lang='lat' dir='ltr'>aetates</span> <span class='ocrx_word' id='word_1_300' title='bbox 399 2159 490 2186; x_wconf 70' lang='lat' dir='ltr'>suas,</span> <span class='ocrx_word' id='word_1_301' title='bbox 525 2151 556 2180; x_wconf 80' lang='lat' dir='ltr'>in</span> <span class='ocrx_word' id='word_1_302' title='bbox 580 2160 639 2189; x_wconf 67' lang='lat' dir='ltr'>quo</span> <span class='ocrx_word' id='word_1_303' title='bbox 660 2150 757 2188; x_wconf 71' lang='lat' dir='ltr'>fuerit</span> <span class='ocrx_word' id='word_1_304' title='bbox 777 2149 915 2187; x_wconf 79' lang='lat' dir='ltr'>macula,</span> <span class='ocrx_word' id='word_1_305' title='bbox 946 2159 1003 2180; x_wconf 75' lang='lat' dir='ltr'>non</span> <span class='ocrx_word' id='word_1_306' title='bbox 1027 2150 1144 2181; x_wconf 81' lang='lat' dir='ltr'>accedet</span> 
     </span>
     <span class='ocr_line' id='line_1_44' title="bbox 171 2191 1142 2232; baseline 0.004 -13"><span class='ocrx_word' id='word_1_307' title='bbox 171 2193 205 2220; x_wconf 78' lang='lat' dir='ltr'>ut</span> <span class='ocrx_word' id='word_1_308' title='bbox 234 2191 339 2229; x_wconf 67' lang='lat' dir='ltr'>offerat</span> <span class='ocrx_word' id='word_1_309' title='bbox 357 2202 472 2231; x_wconf 75' lang='lat' dir='ltr'>panem</span> <span class='ocrx_word' id='word_1_310' title='bbox 498 2192 559 2223; x_wconf 64' lang='lat' dir='ltr'>Dei</span> <span class='ocrx_word' id='word_1_311' title='bbox 582 2193 642 2223; x_wconf 74' lang='lat' dir='ltr'><em>sui.</em></span> <span class='ocrx_word' id='word_1_312' title='bbox 691 2193 738 2224; x_wconf 81' lang='lat'>18.</span> <span class='ocrx_word' id='word_1_313' title='bbox 768 2194 888 2232; x_wconf 77' lang='lat' dir='ltr'>Quippe</span> <span class='ocrx_word' id='word_1_314' title='bbox 910 2192 1016 2223; x_wconf 75' lang='lat' dir='ltr'>nullus</span> <span class='ocrx_word' id='word_1_315' title='bbox 1037 2193 1087 2223; x_wconf 73' lang='lat' dir='ltr'>vir</span> <span class='ocrx_word' id='word_1_316' title='bbox 1109 2193 1142 2223; x_wconf 70' lang='lat' dir='ltr'>in</span> 
     </span>
     <span class='ocr_line' id='line_1_45' title="bbox 171 2234 1139 2272; baseline 0.003 -9"><span class='ocrx_word' id='word_1_317' title='bbox 171 2243 230 2272; x_wconf 74' lang='lat' dir='ltr'>quo</span> <span class='ocrx_word' id='word_1_318' title='bbox 258 2234 353 2272; x_wconf 75' lang='lat' dir='ltr'>suerit</span> <span class='ocrx_word' id='word_1_319' title='bbox 383 2235 521 2269; x_wconf 75' lang='lat' dir='ltr'>macula,</span> <span class='ocrx_word' id='word_1_320' title='bbox 552 2236 682 2266; x_wconf 73' lang='lat' dir='ltr'>aececlet:</span> <span class='ocrx_word' id='word_1_321' title='bbox 711 2238 761 2266; x_wconf 60' lang='lat' dir='ltr'>fir</span> <span class='ocrx_word' id='word_1_322' title='bbox 782 2245 904 2271; x_wconf 76' lang='lat' dir='ltr'>caecus,</span> <span class='ocrx_word' id='word_1_323' title='bbox 934 2235 980 2266; x_wconf 77' lang='lat' dir='ltr'>vel</span> <span class='ocrx_word' id='word_1_324' title='bbox 1002 2235 1139 2271; x_wconf 75' lang='lat' dir='ltr'>claudus,</span> 
     </span>
     <span class='ocr_line' id='line_1_46' title="bbox 171 2277 1141 2318; baseline 0.003 -13"><span class='ocrx_word' id='word_1_325' title='bbox 171 2278 224 2305; x_wconf 66' lang='lat' dir='ltr'>(ml</span> <span class='ocrx_word' id='word_1_326' title='bbox 252 2277 441 2314; x_wconf 70' lang='lat' dir='ltr'>diminutus,</span> <span class='ocrx_word' id='word_1_327' title='bbox 473 2281 528 2308; x_wconf 77' lang='lat' dir='ltr'>aut</span> <span class='ocrx_word' id='word_1_328' title='bbox 556 2279 749 2318; x_wconf 76' lang='lat' dir='ltr'>superfluus:</span> <span class='ocrx_word' id='word_1_329' title='bbox 782 2279 829 2309; x_wconf 83' lang='lat'>19.</span> <span class='ocrx_word' id='word_1_330' title='bbox 855 2278 921 2309; x_wconf 73' lang='lat' dir='ltr'>Aut</span> <span class='ocrx_word' id='word_1_331' title='bbox 950 2278 999 2309; x_wconf 74' lang='lat' dir='ltr'>vir</span> <span class='ocrx_word' id='word_1_332' title='bbox 1029 2279 1061 2307; x_wconf 74' lang='lat' dir='ltr'>in</span> <span class='ocrx_word' id='word_1_333' title='bbox 1083 2288 1141 2317; x_wconf 80' lang='lat' dir='ltr'>quo</span> 
     </span>
     <span class='ocr_line' id='line_1_47' title="bbox 169 2319 956 2360; baseline 0.004 -12"><span class='ocrx_word' id='word_1_334' title='bbox 169 2319 265 2357; x_wconf 58' lang='lat' dir='ltr'>faerit</span> <span class='ocrx_word' id='word_1_335' title='bbox 288 2320 429 2358; x_wconf 78' lang='lat' dir='ltr'>fractura</span> <span class='ocrx_word' id='word_1_336' title='bbox 454 2321 562 2360; x_wconf 76' lang='lat' dir='ltr'>pedis,</span> <span class='ocrx_word' id='word_1_337' title='bbox 591 2322 636 2351; x_wconf 76' lang='lat' dir='ltr'>vel</span> <span class='ocrx_word' id='word_1_338' title='bbox 662 2322 804 2359; x_wconf 72' lang='lat' dir='ltr'>fractura</span> <span class='ocrx_word' id='word_1_339' title='bbox 828 2331 956 2352; x_wconf 80' lang='lat' dir='ltr'>manus:</span> 
     </span>
     <span class='ocr_line' id='line_1_48' title="bbox 168 2361 1139 2403; baseline 0.005 -13"><span class='ocrx_word' id='word_1_340' title='bbox 168 2361 318 2400; x_wconf 65' lang='lat' dir='ltr'>yiblmsns,</span> <span class='ocrx_word' id='word_1_341' title='bbox 342 2366 395 2393; x_wconf 74' lang='lat' dir='ltr'>aut</span> <span class='ocrx_word' id='word_1_342' title='bbox 414 2364 527 2403; x_wconf 61' lang='lat' dir='ltr'>lippus,</span> <span class='ocrx_word' id='word_1_343' title='bbox 553 2367 608 2394; x_wconf 73' lang='lat' dir='ltr'>aut</span> <span class='ocrx_word' id='word_1_344' title='bbox 625 2365 681 2403; x_wconf 75' lang='lat' dir='ltr'>qui</span> <span class='ocrx_word' id='word_1_345' title='bbox 703 2364 820 2395; x_wconf 71' lang='lat' dir='ltr'>habebit</span> <span class='ocrx_word' id='word_1_346' title='bbox 841 2363 995 2395; x_wconf 74' lang='lat' dir='ltr'>‘maculam</span> <span class='ocrx_word' id='word_1_347' title='bbox 1018 2364 1051 2394; x_wconf 74' lang='lat' dir='ltr'>in</span> <span class='ocrx_word' id='word_1_348' title='bbox 1075 2373 1139 2394; x_wconf 76' lang='lat' dir='ltr'>ocu-</span> 
     </span>
    </p>
   </div>
   <div class='ocr_carea' id='block_1_5' title="bbox 172 2404 1166 2446">
    <p class='ocr_par' dir='ltr' id='par_1_7' title="bbox 172 2404 1166 2446">
     <span class='ocr_line' id='line_1_49' title="bbox 172 2404 1166 2446; baseline 0.002 -12"><span class='ocrx_word' id='word_1_349' title='bbox 172 2404 200 2434; x_wconf 84' lang='lat' dir='ltr'>lo</span> <span class='ocrx_word' id='word_1_350' title='bbox 227 2415 296 2438; x_wconf 74' lang='lat' dir='ltr'>suo.</span> <span class='ocrx_word' id='word_1_351' title='bbox 330 2409 384 2436; x_wconf 72' lang='lat' dir='ltr'>aut</span> <span class='ocrx_word' id='word_1_352' title='bbox 408 2408 457 2436; x_wconf 77' lang='lat' dir='ltr'>cui</span> <span class='ocrx_word' id='word_1_353' title='bbox 484 2407 579 2445; x_wconf 69' lang='lat' dir='ltr'>fuerit</span> <span class='ocrx_word' id='word_1_354' title='bbox 609 2406 726 2437; x_wconf 62' lang='lat' dir='ltr'>scabies</span> <span class='ocrx_word' id='word_1_355' title='bbox 754 2408 801 2437; x_wconf 76' lang='lat' dir='ltr'>vel</span> <span class='ocrx_word' id='word_1_356' title='bbox 823 2407 977 2446; x_wconf 60' lang='lat' dir='ltr'>impettyo,</span> <span class='ocrx_word' id='word_1_357' title='bbox 1011 2409 1066 2436; x_wconf 73' lang='lat' dir='ltr'>aut</span> <span class='ocrx_word' id='word_1_358' title='bbox 1087 2407 1140 2445; x_wconf 73' lang='lat' dir='ltr'>qui</span> <span class='ocrx_word' id='word_1_359' title='bbox 1165 2417 1166 2425; x_wconf 63' lang='lat'>¹</span> 
     </span>
    </p>
   </div>
   <div class='ocr_carea' id='block_1_6' title="bbox 170 2448 1164 2617">
    <p class='ocr_par' dir='ltr' id='par_1_8' title="bbox 170 2448 1140 2617">
     <span class='ocr_line' id='line_1_50' title="bbox 171 2448 1140 2487; baseline 0.001 -10"><span class='ocrx_word' id='word_1_360' title='bbox 171 2448 317 2478; x_wconf 53' lang='lat' dir='ltr'>contritus</span> <span class='ocrx_word' id='word_1_361' title='bbox 338 2449 433 2486; x_wconf 72' lang='lat' dir='ltr'>fuerit</span> <span class='ocrx_word' id='word_1_362' title='bbox 454 2449 598 2480; x_wconf 69' lang='lat' dir='ltr'>testiculo.</span> <span class='ocrx_word' id='word_1_363' title='bbox 634 2450 683 2480; x_wconf 68' lang='lat'>21.</span> <span class='ocrx_word' id='word_1_364' title='bbox 709 2450 817 2480; x_wconf 64' lang='lat' dir='ltr'>Omnis</span> <span class='ocrx_word' id='word_1_365' title='bbox 839 2450 888 2480; x_wconf 79' lang='lat' dir='ltr'>vir</span> <span class='ocrx_word' id='word_1_366' title='bbox 909 2449 943 2479; x_wconf 72' lang='lat' dir='ltr'>m</span> <span class='ocrx_word' id='word_1_367' title='bbox 965 2458 1023 2487; x_wconf 74' lang='lat' dir='ltr'>quo</span> <span class='ocrx_word' id='word_1_368' title='bbox 1043 2449 1140 2487; x_wconf 71' lang='lat' dir='ltr'>fuerit</span> 
     </span>
     <span class='ocr_line' id='line_1_51' title="bbox 171 2491 1140 2527; baseline 0.003 -9"><span class='ocrx_word' id='word_1_369' title='bbox 171 2491 309 2526; x_wconf 69' lang='lat' dir='ltr'>macula,</span> <span class='ocrx_word' id='word_1_370' title='bbox 340 2502 355 2521; x_wconf 84' lang='lat' dir='ltr'>e</span> <span class='ocrx_word' id='word_1_371' title='bbox 383 2492 496 2522; x_wconf 72' lang='lat' dir='ltr'>semine</span> <span class='ocrx_word' id='word_1_372' title='bbox 520 2492 650 2522; x_wconf 74' lang='lat' dir='ltr'>Aharon</span> <span class='ocrx_word' id='word_1_373' title='bbox 672 2493 857 2527; x_wconf 69' lang='lat' dir='ltr'>sacerdotis</span> <span class='ocrx_word' id='word_1_374' title='bbox 881 2501 940 2522; x_wconf 70' lang='lat' dir='ltr'>non</span> <span class='ocrx_word' id='word_1_375' title='bbox 963 2492 1075 2521; x_wconf 75' lang='lat' dir='ltr'>accedet</span> <span class='ocrx_word' id='word_1_376' title='bbox 1098 2492 1140 2521; x_wconf 76' lang='lat' dir='ltr'>ad</span> 
     </span>
     <span class='ocr_line' id='line_1_52' title="bbox 172 2532 1164 2574; baseline 0.003 -13"><span class='ocrx_word' id='word_1_377' title='bbox 172 2532 357 2569; x_wconf 49' lang='lat' dir='ltr'>offerendum</span> <span class='ocrx_word' id='word_1_378' title='bbox 387 2534 552 2566; x_wconf 64' lang='lat' dir='ltr'>oblationes·</span> <span class='ocrx_word' id='word_1_379' title='bbox 583 2536 700 2574; x_wconf 54' lang='lat' dir='ltr'>{unitas-</span> <span class='ocrx_word' id='word_1_380' title='bbox 724 2536 865 2572; x_wconf 68' lang='lat' dir='ltr'>Ieltovac,</span> <span class='ocrx_word' id='word_1_381' title='bbox 898 2535 932 2565; x_wconf 79' lang='lat' dir='ltr'>in</span> <span class='ocrx_word' id='word_1_382' title='bbox 959 2544 1017 2572; x_wconf 74' lang='lat' dir='ltr'>quo</span> <span class='ocrx_word' id='word_1_383' title='bbox 1044 2535 1164 2572; x_wconf 68' lang='lat' dir='ltr'>fuerit</span> 
     </span>
     <span class='ocr_line' id='line_1_53' title="bbox 170 2575 1135 2617; baseline 0.004 -14"><span class='ocrx_word' id='word_1_384' title='bbox 170 2575 308 2609; x_wconf 68' lang='lat' dir='ltr'>macula</span> <span class='ocrx_word' id='word_1_385' title='bbox 340 2587 395 2606; x_wconf 71' lang='lat' dir='ltr'>&gt;zon</span> <span class='ocrx_word' id='word_1_386' title='bbox 427 2579 542 2608; x_wconf 64' lang='grc' dir='ltr'><strong>1110οι111</strong></span> <span class='ocrx_word' id='word_1_387' title='bbox 572 2579 612 2607; x_wconf 73' lang='lat' dir='ltr'>(ul</span> <span class='ocrx_word' id='word_1_388' title='bbox 642 2579 829 2617; x_wconf 64' lang='lat' dir='ltr'>osleyemlum</span> <span class='ocrx_word' id='word_1_389' title='bbox 852 2586 968 2616; x_wconf 76' lang='lat' dir='ltr'>panem</span> <span class='ocrx_word' id='word_1_390' title='bbox 991 2575 1053 2606; x_wconf 65' lang='lat' dir='ltr'>Dei</span> <span class='ocrx_word' id='word_1_391' title='bbox 1075 2578 1135 2607; x_wconf 75' lang='lat' dir='ltr'>sui.</span> 
     </span>
    </p>
   </div>
   <div class='ocr_carea' id='block_1_7' title="bbox 1001 2321 1167 2358">
    <p class='ocr_par' dir='ltr' id='par_1_9' title="bbox 1001 2321 1167 2358">
     <span class='ocr_line' id='line_1_54' title="bbox 1001 2321 1167 2358; baseline 0 -7"><span class='ocrx_word' id='word_1_392' title='bbox 1001 2321 1050 2351; x_wconf 75' lang='lat'>20.</span> <span class='ocrx_word' id='word_1_393' title='bbox 1075 2323 1141 2351; x_wconf 74' lang='lat' dir='ltr'>Aut</span> <span class='ocrx_word' id='word_1_394' title='bbox 1165 2322 1167 2358; x_wconf 61' lang='grc' dir='ltr'><em>ἒ</em></span> 
     </span>
    </p>
   </div>
   <div class='ocr_carea' id='block_1_8' title="bbox 2098 175 2162 208">
    <p class='ocr_par' dir='ltr' id='par_1_10' title="bbox 2098 175 2162 208">
     <span class='ocr_line' id='line_1_55' title="bbox 2098 175 2162 208; baseline 0.031 -2"><span class='ocrx_word' id='word_1_395' title='bbox 2098 175 2162 208; x_wconf 86' lang='grc'>456</span> 
     </span>
    </p>
   </div>
   <div class='ocr_carea' id='block_1_9' title="bbox 1193 267 2163 478">
    <p class='ocr_par' dir='ltr' id='par_1_11' title="bbox 1193 267 2163 478">
     <span class='ocr_line' id='line_1_56' title="bbox 1196 267 2162 306; baseline 0.004 -9"><span class='ocrx_word' id='word_1_396' title='bbox 1196 270 1222 297; x_wconf 83' lang='lat' dir='ltr'>et</span> <span class='ocrx_word' id='word_1_397' title='bbox 1249 277 1264 298; x_wconf 87' lang='lat' dir='ltr'>e</span> <span class='ocrx_word' id='word_1_398' title='bbox 1286 268 1402 298; x_wconf 71' lang='lat' dir='ltr'>sanctis</span> <span class='ocrx_word' id='word_1_399' title='bbox 1424 268 1560 299; x_wconf 77' lang='lat' dir='ltr'>comedet.</span> <span class='ocrx_word' id='word_1_400' title='bbox 1607 268 1656 299; x_wconf 83' lang='lat'>23.</span> <span class='ocrx_word' id='word_1_401' title='bbox 1680 267 1779 306; x_wconf 72' lang='lat' dir='ltr'>Atqui</span> <span class='ocrx_word' id='word_1_402' title='bbox 1802 267 1887 298; x_wconf 75' lang='lat' dir='ltr'>intra</span> <span class='ocrx_word' id='word_1_403' title='bbox 1910 268 2010 299; x_wconf 77' lang='lat' dir='ltr'>velum</span> <span class='ocrx_word' id='word_1_404' title='bbox 2031 279 2091 301; x_wconf 74' lang='lat' dir='ltr'>non</span> <span class='ocrx_word' id='word_1_405' title='bbox 2114 270 2162 301; x_wconf 78' lang='lat' dir='ltr'>in-</span> 
     </span>
     <span class='ocr_line' id='line_1_57' title="bbox 1193 309 2163 350; baseline 0.004 -10"><span class='ocrx_word' id='word_1_406' title='bbox 1193 310 1364 350; x_wconf 72' lang='lat' dir='ltr'>yredietur,</span> <span class='ocrx_word' id='word_1_407' title='bbox 1396 313 1422 341; x_wconf 78' lang='lat' dir='ltr'>et</span> <span class='ocrx_word' id='word_1_408' title='bbox 1450 311 1491 341; x_wconf 82' lang='lat' dir='ltr'>ad</span> <span class='ocrx_word' id='word_1_409' title='bbox 1520 310 1617 342; x_wconf 77' lang='lat' dir='ltr'>aliare</span> <span class='ocrx_word' id='word_1_410' title='bbox 1640 320 1698 341; x_wconf 77' lang='lat' dir='ltr'>non</span> <span class='ocrx_word' id='word_1_411' title='bbox 1721 309 1854 340; x_wconf 78' lang='lat' dir='ltr'>accedet:</span> <span class='ocrx_word' id='word_1_412' title='bbox 1881 311 1956 350; x_wconf 73' lang='lat' dir='ltr'>quia</span> <span class='ocrx_word' id='word_1_413' title='bbox 1977 312 2097 343; x_wconf 79' lang='lat' dir='ltr'>macula</span> <span class='ocrx_word' id='word_1_414' title='bbox 2120 315 2163 344; x_wconf 76' lang='lat' dir='ltr'>est</span> 
     </span>
     <span class='ocr_line' id='line_1_58' title="bbox 1195 352 2162 394; baseline 0.003 -11"><span class='ocrx_word' id='word_1_415' title='bbox 1195 353 1229 383; x_wconf 73' lang='lat' dir='ltr'>in</span> <span class='ocrx_word' id='word_1_416' title='bbox 1250 363 1299 391; x_wconf 87' lang='lat' dir='ltr'>eo,</span> <span class='ocrx_word' id='word_1_417' title='bbox 1328 363 1366 384; x_wconf 80' lang='lat' dir='ltr'>ne</span> <span class='ocrx_word' id='word_1_418' title='bbox 1382 352 1502 392; x_wconf 68' lang='lat' dir='ltr'>polluat</span> <span class='ocrx_word' id='word_1_419' title='bbox 1523 353 1705 384; x_wconf 76' lang='lat' dir='ltr'>sanctuaria</span> <span class='ocrx_word' id='word_1_420' title='bbox 1728 362 1813 383; x_wconf 75' lang='lat' dir='ltr'>mea:</span> <span class='ocrx_word' id='word_1_421' title='bbox 1834 353 1979 391; x_wconf 73' lang='lat' dir='ltr'>quoniam</span> <span class='ocrx_word' id='word_1_422' title='bbox 2001 364 2051 394; x_wconf 79' lang='lat' dir='ltr'>eye</span> <span class='ocrx_word' id='word_1_423' title='bbox 2074 354 2162 387; x_wconf 79' lang='lat' dir='ltr'>Ieho-</span> 
     </span>
     <span class='ocr_line' id='line_1_59' title="bbox 1194 395 2162 436; baseline 0.005 -11"><span class='ocrx_word' id='word_1_424' title='bbox 1194 405 1233 426; x_wconf 81' lang='lat' dir='ltr'>va</span> <span class='ocrx_word' id='word_1_425' title='bbox 1255 396 1310 435; x_wconf 76' lang='lat' dir='ltr'>qui</span> <span class='ocrx_word' id='word_1_426' title='bbox 1332 396 1489 434; x_wconf 65' lang='lat' dir='ltr'>sanctifico</span> <span class='ocrx_word' id='word_1_427' title='bbox 1512 406 1571 427; x_wconf 75' lang='lat' dir='ltr'>vos.</span> <span class='ocrx_word' id='word_1_428' title='bbox 1611 395 1660 426; x_wconf 82' lang='lat'>24.</span> <span class='ocrx_word' id='word_1_429' title='bbox 1686 395 1849 434; x_wconf 69' lang='lat' dir='ltr'>Loquatus</span> <span class='ocrx_word' id='word_1_430' title='bbox 1870 398 1912 426; x_wconf 79' lang='lat' dir='ltr'>est</span> <span class='ocrx_word' id='word_1_431' title='bbox 1933 396 2036 436; x_wconf 77' lang='lat' dir='ltr'>itaque</span> <span class='ocrx_word' id='word_1_432' title='bbox 2060 397 2162 430; x_wconf 77' lang='lat' dir='ltr'>Moses</span> 
     </span>
     <span class='ocr_line' id='line_1_60' title="bbox 1195 438 2117 478; baseline 0.003 -10"><span class='ocrx_word' id='word_1_433' title='bbox 1195 438 1236 469; x_wconf 79' lang='lat' dir='ltr'>ad</span> <span class='ocrx_word' id='word_1_434' title='bbox 1259 438 1387 470; x_wconf 65' lang='lat' dir='ltr'>Alzarooz</span> <span class='ocrx_word' id='word_1_435' title='bbox 1413 441 1439 469; x_wconf 82' lang='lat' dir='ltr'>et</span> <span class='ocrx_word' id='word_1_436' title='bbox 1458 438 1541 478; x_wconf 67' lang='lat' dir='ltr'>filios</span> <span class='ocrx_word' id='word_1_437' title='bbox 1563 439 1644 475; x_wconf 78' lang='lat' dir='ltr'>eius,</span> <span class='ocrx_word' id='word_1_438' title='bbox 1668 440 1694 469; x_wconf 76' lang='lat' dir='ltr'>et</span> <span class='ocrx_word' id='word_1_439' title='bbox 1717 438 1757 468; x_wconf 79' lang='lat' dir='ltr'>ad</span> <span class='ocrx_word' id='word_1_440' title='bbox 1780 448 1881 469; x_wconf 75' lang='lat' dir='ltr'>omnes</span> <span class='ocrx_word' id='word_1_441' title='bbox 1901 438 1985 477; x_wconf 73' lang='lat' dir='ltr'>filios</span> <span class='ocrx_word' id='word_1_442' title='bbox 2007 439 2117 471; x_wconf 81' lang='lat' dir='ltr'>Israel.</span> 
     </span>
    </p>
   </div>
   <div class='ocr_carea' id='block_1_10' title="bbox 1165 522 2163 2584">
    <p class='ocr_par' dir='ltr' id='par_1_12' title="bbox 1192 522 2163 1976">
     <span class='ocr_line' id='line_1_61' title="bbox 1283 522 2161 563; baseline 0.003 -10"><span class='ocrx_word' id='word_1_443' title='bbox 1283 523 1331 554; x_wconf 87' lang='grc'>17.</span> <span class='ocrx_word' id='word_1_444' title='bbox 1357 523 1495 563; x_wconf 74' lang='lat' dir='ltr'>Loquere</span> <span class='ocrx_word' id='word_1_445' title='bbox 1525 524 1566 554; x_wconf 83' lang='lat' dir='ltr'>ad</span> <span class='ocrx_word' id='word_1_446' title='bbox 1588 522 1727 554; x_wconf 72' lang='lat' dir='ltr'>Aharon.</span> <span class='ocrx_word' id='word_1_447' title='bbox 1775 522 1839 553; x_wconf 87' lang='lat' dir='ltr'>Hic</span> <span class='ocrx_word' id='word_1_448' title='bbox 1865 528 2017 555; x_wconf 90' lang='lat' dir='ltr'>arcentur</span> <span class='ocrx_word' id='word_1_449' title='bbox 2045 524 2084 555; x_wconf 90' lang='lat' dir='ltr'>ab</span> <span class='ocrx_word' id='word_1_450' title='bbox 2115 525 2161 556; x_wconf 88' lang='lat' dir='ltr'>al-</span> 
     </span>
     <span class='ocr_line' id='line_1_62' title="bbox 1195 565 2162 608; baseline 0.003 -12"><span class='ocrx_word' id='word_1_451' title='bbox 1195 566 1255 596; x_wconf 86' lang='lat' dir='ltr'>tari</span> <span class='ocrx_word' id='word_1_452' title='bbox 1293 566 1473 597; x_wconf 85' lang='lat' dir='ltr'>sacerdotes</span> <span class='ocrx_word' id='word_1_453' title='bbox 1504 567 1536 597; x_wconf 93' lang='lat' dir='ltr'>in</span> <span class='ocrx_word' id='word_1_454' title='bbox 1574 566 1691 606; x_wconf 87' lang='lat' dir='ltr'>quibus</span> <span class='ocrx_word' id='word_1_455' title='bbox 1720 565 1838 596; x_wconf 85' lang='lat' dir='ltr'>vitium</span> <span class='ocrx_word' id='word_1_456' title='bbox 1869 565 1998 606; x_wconf 87' lang='lat' dir='ltr'>aliquod</span> <span class='ocrx_word' id='word_1_457' title='bbox 2021 568 2162 608; x_wconf 85' lang='lat' dir='ltr'>corporis</span> 
     </span>
     <span class='ocr_line' id='line_1_63' title="bbox 1194 608 2162 648; baseline 0.002 -9"><span class='ocrx_word' id='word_1_458' title='bbox 1194 608 1292 639; x_wconf 87' lang='lat' dir='ltr'>suerit</span> <span class='ocrx_word' id='word_1_459' title='bbox 1323 609 1473 640; x_wconf 84' lang='lat' dir='ltr'>notabile.</span> <span class='ocrx_word' id='word_1_460' title='bbox 1525 609 1599 639; x_wconf 91' lang='lat' dir='ltr'>Non</span> <span class='ocrx_word' id='word_1_461' title='bbox 1629 608 1789 648; x_wconf 87' lang='lat' dir='ltr'>inquiram</span> <span class='ocrx_word' id='word_1_462' title='bbox 1821 608 1974 640; x_wconf 88' lang='lat' dir='ltr'>subtilius</span> <span class='ocrx_word' id='word_1_463' title='bbox 2004 609 2043 641; x_wconf 88' lang='lat' dir='ltr'>de</span> <span class='ocrx_word' id='word_1_464' title='bbox 2072 610 2162 642; x_wconf 84' lang='lat' dir='ltr'>vitiis</span> 
     </span>
     <span class='ocr_line' id='line_1_64' title="bbox 1194 651 2162 691; baseline 0.002 -9"><span class='ocrx_word' id='word_1_465' title='bbox 1194 662 1275 691; x_wconf 85' lang='lat' dir='ltr'>quae</span> <span class='ocrx_word' id='word_1_466' title='bbox 1305 651 1412 682; x_wconf 83' lang='lat' dir='ltr'>Moses</span> <span class='ocrx_word' id='word_1_467' title='bbox 1442 655 1689 688; x_wconf 82' lang='lat' dir='ltr'>commemorat,</span> <span class='ocrx_word' id='word_1_468' title='bbox 1719 651 1870 691; x_wconf 84' lang='lat' dir='ltr'>quoniam</span> <span class='ocrx_word' id='word_1_469' title='bbox 1902 652 2013 683; x_wconf 85' lang='lat' dir='ltr'>eadem</span> <span class='ocrx_word' id='word_1_470' title='bbox 2036 652 2089 684; x_wconf 86' lang='lat' dir='ltr'>bic</span> <span class='ocrx_word' id='word_1_471' title='bbox 2112 664 2162 684; x_wconf 88' lang='lat' dir='ltr'>re-</span> 
     </span>
     <span class='ocr_line' id='line_1_65' title="bbox 1194 693 2162 735; baseline 0.003 -11"><span class='ocrx_word' id='word_1_472' title='bbox 1194 694 1269 734; x_wconf 81' lang='lat' dir='ltr'>gula</span> <span class='ocrx_word' id='word_1_473' title='bbox 1298 694 1439 725; x_wconf 85' lang='lat' dir='ltr'>traditur</span> <span class='ocrx_word' id='word_1_474' title='bbox 1462 705 1541 734; x_wconf 87' lang='lat' dir='ltr'>quae</span> <span class='ocrx_word' id='word_1_475' title='bbox 1565 699 1676 734; x_wconf 87' lang='lat' dir='ltr'>postea</span> <span class='ocrx_word' id='word_1_476' title='bbox 1700 693 1733 724; x_wconf 91' lang='lat' dir='ltr'>in</span> <span class='ocrx_word' id='word_1_477' title='bbox 1757 694 1940 732; x_wconf 83' lang='lat' dir='ltr'>sacrificiis,</span> <span class='ocrx_word' id='word_1_478' title='bbox 1970 705 2050 735; x_wconf 85' lang='lat' dir='ltr'>qnae</span> <span class='ocrx_word' id='word_1_479' title='bbox 2071 696 2162 727; x_wconf 86' lang='lat' dir='ltr'>nulla</span> 
     </span>
     <span class='ocr_line' id='line_1_66' title="bbox 1193 736 2162 777; baseline 0.003 -10"><span class='ocrx_word' id='word_1_480' title='bbox 1193 737 1309 768; x_wconf 86' lang='lat' dir='ltr'>offerre</span> <span class='ocrx_word' id='word_1_481' title='bbox 1339 737 1428 768; x_wconf 87' lang='lat' dir='ltr'>licuit</span> <span class='ocrx_word' id='word_1_482' title='bbox 1452 738 1512 767; x_wconf 89' lang='lat' dir='ltr'>nisi</span> <span class='ocrx_word' id='word_1_483' title='bbox 1537 737 1673 777; x_wconf 83' lang='lat' dir='ltr'>integra.</span> <span class='ocrx_word' id='word_1_484' title='bbox 1720 736 1805 767; x_wconf 91' lang='lat' dir='ltr'>Nam</span> <span class='ocrx_word' id='word_1_485' title='bbox 1829 736 1984 777; x_wconf 90' lang='lat' dir='ltr'>quidquid</span> <span class='ocrx_word' id='word_1_486' title='bbox 2008 738 2162 770; x_wconf 87' lang='lat' dir='ltr'>vitiosum</span> 
     </span>
     <span class='ocr_line' id='line_1_67' title="bbox 1193 779 2161 819; baseline 0.002 -9"><span class='ocrx_word' id='word_1_487' title='bbox 1193 785 1262 810; x_wconf 88' lang='lat' dir='ltr'>erat</span> <span class='ocrx_word' id='word_1_488' title='bbox 1282 780 1332 810; x_wconf 91' lang='lat' dir='ltr'>vel</span> <span class='ocrx_word' id='word_1_489' title='bbox 1357 780 1517 817; x_wconf 85' lang='lat' dir='ltr'>mutilum,</span> <span class='ocrx_word' id='word_1_490' title='bbox 1544 779 1727 819; x_wconf 82' lang='lat' dir='ltr'>repudiavit</span> <span class='ocrx_word' id='word_1_491' title='bbox 1750 779 1841 810; x_wconf 89' lang='lat' dir='ltr'>Deus</span> <span class='ocrx_word' id='word_1_492' title='bbox 1864 785 1901 810; x_wconf 88' lang='lat' dir='ltr'>ut</span> <span class='ocrx_word' id='word_1_493' title='bbox 1923 781 2042 811; x_wconf 86' lang='lat' dir='ltr'>scirent</span> <span class='ocrx_word' id='word_1_494' title='bbox 2056 781 2161 812; x_wconf 84' lang='lat' dir='ltr'>Israe-</span> 
     </span>
     <span class='ocr_line' id='line_1_68' title="bbox 1193 822 2160 862; baseline 0.002 -9"><span class='ocrx_word' id='word_1_495' title='bbox 1193 822 1268 853; x_wconf 90' lang='lat' dir='ltr'>litae</span> <span class='ocrx_word' id='word_1_496' title='bbox 1300 823 1422 853; x_wconf 90' lang='lat' dir='ltr'>nnllam</span> <span class='ocrx_word' id='word_1_497' title='bbox 1454 822 1625 862; x_wconf 85' lang='lat' dir='ltr'>expiandis</span> <span class='ocrx_word' id='word_1_498' title='bbox 1649 822 1788 861; x_wconf 89' lang='lat' dir='ltr'>peccatis</span> <span class='ocrx_word' id='word_1_499' title='bbox 1812 822 1977 853; x_wconf 86' lang='lat' dir='ltr'>victimam</span> <span class='ocrx_word' id='word_1_500' title='bbox 2001 823 2160 862; x_wconf 84' lang='lat' dir='ltr'>sufficere,</span> 
     </span>
     <span class='ocr_line' id='line_1_69' title="bbox 1192 865 2159 906; baseline 0.003 -11"><span class='ocrx_word' id='word_1_501' title='bbox 1192 865 1255 896; x_wconf 89' lang='lat' dir='ltr'>nisi</span> <span class='ocrx_word' id='word_1_502' title='bbox 1275 866 1307 895; x_wconf 91' lang='lat' dir='ltr'>in</span> <span class='ocrx_word' id='word_1_503' title='bbox 1328 876 1389 905; x_wconf 85' lang='lat' dir='ltr'>qua</span> <span class='ocrx_word' id='word_1_504' title='bbox 1409 871 1551 896; x_wconf 83' lang='lat' dir='ltr'>exstaret</span> <span class='ocrx_word' id='word_1_505' title='bbox 1570 875 1696 895; x_wconf 85' lang='lat' dir='ltr'>summa</span> <span class='ocrx_word' id='word_1_506' title='bbox 1716 865 1882 905; x_wconf 84' lang='lat' dir='ltr'>perfect-io:</span> <span class='ocrx_word' id='word_1_507' title='bbox 1903 876 1984 906; x_wconf 84' lang='lat' dir='ltr'>quae</span> <span class='ocrx_word' id='word_1_508' title='bbox 2002 866 2037 897; x_wconf 90' lang='lat' dir='ltr'>in</span> <span class='ocrx_word' id='word_1_509' title='bbox 2055 877 2159 898; x_wconf 83' lang='lat' dir='ltr'>sacer-</span> 
     </span>
     <span class='ocr_line' id='line_1_70' title="bbox 1193 907 2160 948; baseline 0.003 -10"><span class='ocrx_word' id='word_1_510' title='bbox 1193 908 1265 939; x_wconf 88' lang='lat' dir='ltr'>dote</span> <span class='ocrx_word' id='word_1_511' title='bbox 1295 908 1411 939; x_wconf 87' lang='lat' dir='ltr'>merito</span> <span class='ocrx_word' id='word_1_512' title='bbox 1439 908 1630 948; x_wconf 82' lang='lat' dir='ltr'>requiritur:</span> <span class='ocrx_word' id='word_1_513' title='bbox 1661 908 1714 947; x_wconf 90' lang='lat' dir='ltr'>qui</span> <span class='ocrx_word' id='word_1_514' title='bbox 1737 907 1895 939; x_wconf 85' lang='lat' dir='ltr'>mediator</span> <span class='ocrx_word' id='word_1_515' title='bbox 1920 909 1980 939; x_wconf 91' lang='lat' dir='ltr'>Dei</span> <span class='ocrx_word' id='word_1_516' title='bbox 2002 914 2034 940; x_wconf 86' lang='lat' dir='ltr'>et</span> <span class='ocrx_word' id='word_1_517' title='bbox 2056 909 2160 941; x_wconf 89' lang='lat' dir='ltr'>homi-</span> 
     </span>
     <span class='ocr_line' id='line_1_71' title="bbox 1192 950 2160 993; baseline 0.003 -12"><span class='ocrx_word' id='word_1_518' title='bbox 1192 962 1270 981; x_wconf 90' lang='lat' dir='ltr'>num</span> <span class='ocrx_word' id='word_1_519' title='bbox 1295 962 1364 981; x_wconf 88' lang='lat' dir='ltr'>esse</span> <span class='ocrx_word' id='word_1_520' title='bbox 1388 961 1451 981; x_wconf 89' lang='lat' dir='ltr'>non</span> <span class='ocrx_word' id='word_1_521' title='bbox 1476 951 1597 990; x_wconf 80' lang='lat' dir='ltr'>potuit,</span> <span class='ocrx_word' id='word_1_522' title='bbox 1627 950 1689 980; x_wconf 88' lang='lat' dir='ltr'>nisi</span> <span class='ocrx_word' id='word_1_523' title='bbox 1713 950 1752 981; x_wconf 85' lang='lat' dir='ltr'>ab</span> <span class='ocrx_word' id='word_1_524' title='bbox 1775 951 1863 981; x_wconf 90' lang='lat' dir='ltr'>omni</span> <span class='ocrx_word' id='word_1_525' title='bbox 1887 951 1958 983; x_wconf 86' lang='lat' dir='ltr'>labe</span> <span class='ocrx_word' id='word_1_526' title='bbox 1981 958 2160 993; x_wconf 84' lang='lat' dir='ltr'>exemptus.</span> 
     </span>
     <span class='ocr_line' id='line_1_72' title="bbox 1193 993 2161 1035; baseline 0.003 -11"><span class='ocrx_word' id='word_1_527' title='bbox 1193 994 1294 1024; x_wconf 89' lang='lat' dir='ltr'>Porro</span> <span class='ocrx_word' id='word_1_528' title='bbox 1324 993 1465 1024; x_wconf 85' lang='lat' dir='ltr'>tenenda</span> <span class='ocrx_word' id='word_1_529' title='bbox 1494 1000 1539 1024; x_wconf 85' lang='lat' dir='ltr'>est</span> <span class='ocrx_word' id='word_1_530' title='bbox 1572 1003 1716 1033; x_wconf 81' lang='lat' dir='ltr'>anagoge</span> <span class='ocrx_word' id='word_1_531' title='bbox 1747 993 1786 1024; x_wconf 86' lang='lat' dir='ltr'>ab</span> <span class='ocrx_word' id='word_1_532' title='bbox 1815 994 1959 1025; x_wconf 76' lang='lat' dir='ltr'>externis</span> <span class='ocrx_word' id='word_1_533' title='bbox 1983 995 2097 1035; x_wconf 86' lang='lat' dir='ltr'>figuris</span> <span class='ocrx_word' id='word_1_534' title='bbox 2120 996 2161 1027; x_wconf 87' lang='lat' dir='ltr'>ad</span> 
     </span>
     <span class='ocr_line' id='line_1_73' title="bbox 1193 1036 2161 1077; baseline 0.003 -10"><span class='ocrx_word' id='word_1_535' title='bbox 1193 1037 1403 1076; x_wconf 80' lang='lat' dir='ltr'>spiritualem,</span> <span class='ocrx_word' id='word_1_536' title='bbox 1427 1047 1507 1076; x_wconf 81' lang='lat' dir='ltr'>quae</span> <span class='ocrx_word' id='word_1_537' title='bbox 1530 1037 1564 1066; x_wconf 90' lang='lat' dir='ltr'>in</span> <span class='ocrx_word' id='word_1_538' title='bbox 1587 1036 1655 1067; x_wconf 89' lang='lat' dir='ltr'>solo</span> <span class='ocrx_word' id='word_1_539' title='bbox 1675 1036 1807 1067; x_wconf 85' lang='lat' dir='ltr'>Christo</span> <span class='ocrx_word' id='word_1_540' title='bbox 1830 1037 1899 1073; x_wconf 85' lang='lat' dir='ltr'>fuit,</span> <span class='ocrx_word' id='word_1_541' title='bbox 1923 1038 2161 1077; x_wconf 86' lang='lat' dir='ltr'>perfectionem.</span> 
     </span>
     <span class='ocr_line' id='line_1_74' title="bbox 1193 1079 2160 1119; baseline 0.004 -10"><span class='ocrx_word' id='word_1_542' title='bbox 1193 1080 1363 1110; x_wconf 73' lang='lat' dir='ltr'>Desectam</span> <span class='ocrx_word' id='word_1_543' title='bbox 1384 1080 1507 1110; x_wconf 89' lang='lat' dir='ltr'>nullum</span> <span class='ocrx_word' id='word_1_544' title='bbox 1533 1079 1617 1109; x_wconf 89' lang='lat' dir='ltr'>ferre</span> <span class='ocrx_word' id='word_1_545' title='bbox 1640 1079 1746 1119; x_wconf 86' lang='lat' dir='ltr'>potuit</span> <span class='ocrx_word' id='word_1_546' title='bbox 1758 1079 1848 1110; x_wconf 89' lang='lat' dir='ltr'>Deus</span> <span class='ocrx_word' id='word_1_547' title='bbox 1872 1080 1905 1110; x_wconf 91' lang='lat' dir='ltr'>in</span> <span class='ocrx_word' id='word_1_548' title='bbox 1930 1080 2160 1114; x_wconf 81' lang='lat' dir='ltr'>sacerdotibus.</span> 
     </span>
     <span class='ocr_line' id='line_1_75' title="bbox 1193 1122 2160 1164; baseline 0.003 -12"><span class='ocrx_word' id='word_1_549' title='bbox 1193 1122 1350 1162; x_wconf 80' lang='lat' dir='ltr'>Sequitur</span> <span class='ocrx_word' id='word_1_550' title='bbox 1368 1133 1457 1162; x_wconf 77' lang='lat' dir='ltr'>ergo,</span> <span class='ocrx_word' id='word_1_551' title='bbox 1482 1122 1736 1161; x_wconf 82' lang='lat' dir='ltr'>exspectandum</span> <span class='ocrx_word' id='word_1_552' title='bbox 1761 1123 1859 1154; x_wconf 89' lang='lat' dir='ltr'>fuisse</span> <span class='ocrx_word' id='word_1_553' title='bbox 1883 1123 2048 1163; x_wconf 86' lang='lat' dir='ltr'>angelicae</span> <span class='ocrx_word' id='word_1_554' title='bbox 2072 1125 2160 1164; x_wconf 92' lang='lat' dir='ltr'>puri-</span> 
     </span>
     <span class='ocr_line' id='line_1_76' title="bbox 1193 1164 2161 1204; baseline 0.003 -9"><span class='ocrx_word' id='word_1_555' title='bbox 1193 1166 1267 1196; x_wconf 81' lang='lat' dir='ltr'>tatis</span> <span class='ocrx_word' id='word_1_556' title='bbox 1292 1165 1465 1201; x_wconf 81' lang='lat' dir='ltr'>hominem,</span> <span class='ocrx_word' id='word_1_557' title='bbox 1490 1165 1543 1204; x_wconf 83' lang='lat' dir='ltr'>qui</span> <span class='ocrx_word' id='word_1_558' title='bbox 1564 1164 1670 1195; x_wconf 89' lang='lat' dir='ltr'>Deum</span> <span class='ocrx_word' id='word_1_559' title='bbox 1695 1165 1817 1196; x_wconf 88' lang='lat' dir='ltr'>mundo</span> <span class='ocrx_word' id='word_1_560' title='bbox 1841 1166 2074 1198; x_wconf 81' lang='lat' dir='ltr'>reconciliaret.</span> <span class='ocrx_word' id='word_1_561' title='bbox 2108 1167 2161 1198; x_wconf 85' lang='lat' dir='ltr'>Ita</span> 
     </span>
     <span class='ocr_line' id='line_1_77' title="bbox 1193 1208 2161 1247; baseline 0.003 -9"><span class='ocrx_word' id='word_1_562' title='bbox 1193 1208 1335 1247; x_wconf 86' lang='lat' dir='ltr'>corporis</span> <span class='ocrx_word' id='word_1_563' title='bbox 1376 1208 1453 1238; x_wconf 87' lang='lat' dir='ltr'>vitia</span> <span class='ocrx_word' id='word_1_564' title='bbox 1484 1218 1565 1247; x_wconf 85' lang='lat' dir='ltr'>quae</span> <span class='ocrx_word' id='word_1_565' title='bbox 1596 1208 1647 1238; x_wconf 90' lang='lat' dir='ltr'>hic</span> <span class='ocrx_word' id='word_1_566' title='bbox 1676 1212 1905 1246; x_wconf 81' lang='lat' dir='ltr'>numerantur,</span> <span class='ocrx_word' id='word_1_567' title='bbox 1943 1209 1982 1239; x_wconf 88' lang='lat' dir='ltr'>ad</span> <span class='ocrx_word' id='word_1_568' title='bbox 2014 1210 2161 1241; x_wconf 86' lang='lat' dir='ltr'>animum</span> 
     </span>
     <span class='ocr_line' id='line_1_78' title="bbox 1193 1249 2162 1293; baseline 0.004 -13"><span class='ocrx_word' id='word_1_569' title='bbox 1193 1252 1370 1281; x_wconf 85' lang='lat' dir='ltr'>transferre</span> <span class='ocrx_word' id='word_1_570' title='bbox 1393 1251 1551 1282; x_wconf 85' lang='lat' dir='ltr'>convenit.</span> <span class='ocrx_word' id='word_1_571' title='bbox 1587 1249 1717 1281; x_wconf 84' lang='lat' dir='ltr'>Oblatio</span> <span class='ocrx_word' id='word_1_572' title='bbox 1741 1251 1832 1290; x_wconf 88' lang='lat' dir='ltr'>panis</span> <span class='ocrx_word' id='word_1_573' title='bbox 1856 1262 1914 1291; x_wconf 87' lang='lat' dir='ltr'>per</span> <span class='ocrx_word' id='word_1_574' title='bbox 1934 1252 2162 1293; x_wconf 83' lang='lat' dir='ltr'>synecdochen</span> 
     </span>
     <span class='ocr_line' id='line_1_79' title="bbox 1193 1293 2161 1336; baseline 0.002 -12"><span class='ocrx_word' id='word_1_575' title='bbox 1193 1293 1334 1333; x_wconf 85' lang='lat' dir='ltr'>reliquas</span> <span class='ocrx_word' id='word_1_576' title='bbox 1353 1294 1586 1333; x_wconf 82' lang='lat' dir='ltr'>complectitur,</span> <span class='ocrx_word' id='word_1_577' title='bbox 1610 1298 1642 1323; x_wconf 89' lang='lat' dir='ltr'>et</span> <span class='ocrx_word' id='word_1_578' title='bbox 1662 1298 1762 1324; x_wconf 88' lang='lat' dir='ltr'>totum</span> <span class='ocrx_word' id='word_1_579' title='bbox 1784 1294 1921 1334; x_wconf 84' lang='lat' dir='ltr'>legalem</span> <span class='ocrx_word' id='word_1_580' title='bbox 1942 1295 2073 1333; x_wconf 85' lang='lat' dir='ltr'>cultum,</span> <span class='ocrx_word' id='word_1_581' title='bbox 2099 1306 2161 1336; x_wconf 94' lang='lat' dir='ltr'>quo</span> 
     </span>
     <span class='ocr_line' id='line_1_80' title="bbox 1194 1336 2161 1378; baseline 0.003 -12"><span class='ocrx_word' id='word_1_582' title='bbox 1194 1337 1316 1367; x_wconf 87' lang='lat' dir='ltr'>vicibus</span> <span class='ocrx_word' id='word_1_583' title='bbox 1353 1336 1498 1367; x_wconf 87' lang='lat' dir='ltr'>solebant</span> <span class='ocrx_word' id='word_1_584' title='bbox 1529 1336 1661 1376; x_wconf 87' lang='lat' dir='ltr'>defungi</span> <span class='ocrx_word' id='word_1_585' title='bbox 1690 1336 1880 1368; x_wconf 86' lang='lat' dir='ltr'>sacerdotes.</span> <span class='ocrx_word' id='word_1_586' title='bbox 1934 1337 2035 1377; x_wconf 88' lang='lat' dir='ltr'>quue</span> <span class='ocrx_word' id='word_1_587' title='bbox 2065 1338 2161 1378; x_wconf 90' lang='lat' dir='ltr'>paulo</span> 
     </span>
     <span class='ocr_line' id='line_1_81' title="bbox 1193 1379 2162 1421; baseline 0.003 -12"><span class='ocrx_word' id='word_1_588' title='bbox 1193 1384 1265 1419; x_wconf 90' lang='lat' dir='ltr'>post</span> <span class='ocrx_word' id='word_1_589' title='bbox 1295 1380 1489 1410; x_wconf 85' lang='lat' dir='ltr'>confirmant</span> <span class='ocrx_word' id='word_1_590' title='bbox 1517 1379 1619 1410; x_wconf 88' lang='lat' dir='ltr'>Mosis</span> <span class='ocrx_word' id='word_1_591' title='bbox 1651 1379 1766 1417; x_wconf 86' lang='lat' dir='ltr'>verba,</span> <span class='ocrx_word' id='word_1_592' title='bbox 1802 1380 1856 1411; x_wconf 86' lang='lat' dir='ltr'>ubi</span> <span class='ocrx_word' id='word_1_593' title='bbox 1887 1385 2014 1420; x_wconf 85' lang='lat' dir='ltr'>praeter</span> <span class='ocrx_word' id='word_1_594' title='bbox 2044 1391 2162 1421; x_wconf 89' lang='lat' dir='ltr'>panem</span> 
     </span>
     <span class='ocr_line' id='line_1_82' title="bbox 1193 1422 2160 1462; baseline 0.003 -10"><span class='ocrx_word' id='word_1_595' title='bbox 1193 1432 1305 1453; x_wconf 88' lang='lat' dir='ltr'>omnes</span> <span class='ocrx_word' id='word_1_596' title='bbox 1335 1422 1454 1462; x_wconf 84' lang='lat' dir='ltr'>ignitas</span> <span class='ocrx_word' id='word_1_597' title='bbox 1479 1422 1657 1452; x_wconf 84' lang='lat' dir='ltr'>oblationes</span> <span class='ocrx_word' id='word_1_598' title='bbox 1681 1426 1920 1453; x_wconf 86' lang='lat' dir='ltr'>commemorat.</span> <span class='ocrx_word' id='word_1_599' title='bbox 1967 1423 2056 1455; x_wconf 89' lang='lat' dir='ltr'>Alibi</span> <span class='ocrx_word' id='word_1_600' title='bbox 2079 1424 2160 1455; x_wconf 87' lang='lat' dir='ltr'>vidi-</span> 
     </span>
     <span class='ocr_line' id='line_1_83' title="bbox 1193 1464 2161 1507; baseline 0.003 -12"><span class='ocrx_word' id='word_1_601' title='bbox 1193 1476 1264 1496; x_wconf 89' lang='lat' dir='ltr'>mus</span> <span class='ocrx_word' id='word_1_602' title='bbox 1285 1465 1445 1504; x_wconf 86' lang='lat' dir='ltr'>prohiberi</span> <span class='ocrx_word' id='word_1_603' title='bbox 1465 1475 1483 1495; x_wconf 86' lang='lat' dir='ltr'>a</span> <span class='ocrx_word' id='word_1_604' title='bbox 1506 1464 1683 1496; x_wconf 83' lang='lat' dir='ltr'>sanctuarii</span> <span class='ocrx_word' id='word_1_605' title='bbox 1708 1475 1837 1496; x_wconf 87' lang='lat' dir='ltr'>accessu</span> <span class='ocrx_word' id='word_1_606' title='bbox 1862 1466 2012 1506; x_wconf 83' lang='lat' dir='ltr'>vulgares</span> <span class='ocrx_word' id='word_1_607' title='bbox 2035 1477 2161 1507; x_wconf 86' lang='lat' dir='ltr'>quoque</span> 
     </span>
     <span class='ocr_line' id='line_1_84' title="bbox 1194 1508 2160 1547; baseline 0.003 -9"><span class='ocrx_word' id='word_1_608' title='bbox 1194 1508 1350 1546; x_wconf 86' lang='lat' dir='ltr'>homines,</span> <span class='ocrx_word' id='word_1_609' title='bbox 1374 1508 1427 1547; x_wconf 88' lang='lat' dir='ltr'>qui</span> <span class='ocrx_word' id='word_1_610' title='bbox 1448 1508 1620 1539; x_wconf 86' lang='lat' dir='ltr'>confractis</span> <span class='ocrx_word' id='word_1_611' title='bbox 1641 1512 1751 1538; x_wconf 84' lang='lat' dir='ltr'>essent</span> <span class='ocrx_word' id='word_1_612' title='bbox 1770 1508 1940 1547; x_wconf 82' lang='lat' dir='ltr'>testiculis,</span> <span class='ocrx_word' id='word_1_613' title='bbox 1963 1519 2004 1540; x_wconf 87' lang='lat' dir='ltr'>ne</span> <span class='ocrx_word' id='word_1_614' title='bbox 2026 1509 2061 1540; x_wconf 91' lang='lat' dir='ltr'>in</span> <span class='ocrx_word' id='word_1_615' title='bbox 2085 1510 2160 1541; x_wconf 86' lang='lat' dir='ltr'>atri-</span> 
     </span>
     <span class='ocr_line' id='line_1_85' title="bbox 1194 1550 2162 1601; baseline 0.003 -20"><span class='ocrx_word' id='word_1_616' title='bbox 1194 1561 1249 1581; x_wconf 92' lang='lat' dir='ltr'>um</span> <span class='ocrx_word' id='word_1_617' title='bbox 1270 1551 1397 1590; x_wconf 90' lang='lat' dir='ltr'>quidem</span> <span class='ocrx_word' id='word_1_618' title='bbox 1422 1550 1535 1590; x_wconf 90' lang='lat' dir='ltr'>pedem</span> <span class='ocrx_word' id='word_1_619' title='bbox 1557 1551 1731 1582; x_wconf 81' lang='lat' dir='ltr'>inferrent:</span> <span class='ocrx_word' id='word_1_620' title='bbox 1755 1551 1809 1581; x_wconf 91' lang='lat' dir='ltr'>sed</span> <span class='ocrx_word' id='word_1_621' title='bbox 1829 1552 1978 1601; x_wconf 80' lang='lat' dir='ltr'>specialis</span> <span class='ocrx_word' id='word_1_622' title='bbox 2001 1552 2034 1583; x_wconf 89' lang='lat' dir='ltr'>in</span> <span class='ocrx_word' id='word_1_623' title='bbox 2058 1563 2162 1584; x_wconf 86' lang='lat' dir='ltr'>sacer-</span> 
     </span>
     <span class='ocr_line' id='line_1_86' title="bbox 1194 1593 2161 1636; baseline 0.003 -12"><span class='ocrx_word' id='word_1_624' title='bbox 1194 1593 1321 1624; x_wconf 85' lang='lat' dir='ltr'>dotibus</span> <span class='ocrx_word' id='word_1_625' title='bbox 1344 1594 1426 1624; x_wconf 83' lang='lat' dir='ltr'>ratio</span> <span class='ocrx_word' id='word_1_626' title='bbox 1449 1593 1518 1629; x_wconf 85' lang='lat' dir='ltr'>fuit,</span> <span class='ocrx_word' id='word_1_627' title='bbox 1543 1604 1584 1624; x_wconf 86' lang='lat' dir='ltr'>ne</span> <span class='ocrx_word' id='word_1_628' title='bbox 1607 1593 1829 1625; x_wconf 87' lang='lat' dir='ltr'>sanctuarium</span> <span class='ocrx_word' id='word_1_629' title='bbox 1854 1594 1920 1625; x_wconf 87' lang='lat' dir='ltr'>suis</span> <span class='ocrx_word' id='word_1_630' title='bbox 1944 1595 2033 1626; x_wconf 85' lang='lat' dir='ltr'>vitiis</span> <span class='ocrx_word' id='word_1_631' title='bbox 2055 1595 2161 1636; x_wconf 89' lang='lat' dir='ltr'>inqui-</span> 
     </span>
     <span class='ocr_line' id='line_1_87' title="bbox 1194 1636 2162 1685; baseline 0.004 -19"><span class='ocrx_word' id='word_1_632' title='bbox 1194 1642 1320 1667; x_wconf 86' lang='lat' dir='ltr'>narent.</span> <span class='ocrx_word' id='word_1_633' title='bbox 1366 1636 1452 1667; x_wconf 84' lang='lat' dir='ltr'>Hinc</span> <span class='ocrx_word' id='word_1_634' title='bbox 1489 1642 1623 1685; x_wconf 80' lang='lat' dir='ltr'>apparet</span> <span class='ocrx_word' id='word_1_635' title='bbox 1657 1647 1751 1685; x_wconf 78' lang='lat' dir='ltr'>quam</span> <span class='ocrx_word' id='word_1_636' title='bbox 1785 1637 1968 1668; x_wconf 86' lang='lat' dir='ltr'>necessaria</span> <span class='ocrx_word' id='word_1_637' title='bbox 1996 1639 2037 1669; x_wconf 88' lang='lat' dir='ltr'>sit</span> <span class='ocrx_word' id='word_1_638' title='bbox 2067 1638 2162 1670; x_wconf 82' lang='lat' dir='ltr'>nobis</span> 
     </span>
     <span class='ocr_line' id='line_1_88' title="bbox 1195 1678 2162 1719; baseline 0.003 -10"><span class='ocrx_word' id='word_1_639' title='bbox 1195 1678 1318 1710; x_wconf 86' lang='lat' dir='ltr'>Christi</span> <span class='ocrx_word' id='word_1_640' title='bbox 1340 1679 1542 1710; x_wconf 82' lang='lat' dir='ltr'>intercessio:</span> <span class='ocrx_word' id='word_1_641' title='bbox 1563 1680 1638 1719; x_wconf 89' lang='lat' dir='ltr'>quia</span> <span class='ocrx_word' id='word_1_642' title='bbox 1657 1680 1717 1710; x_wconf 90' lang='lat' dir='ltr'>nisi</span> <span class='ocrx_word' id='word_1_643' title='bbox 1738 1680 1849 1711; x_wconf 85' lang='lat' dir='ltr'>sordes</span> <span class='ocrx_word' id='word_1_644' title='bbox 1870 1685 1996 1712; x_wconf 89' lang='lat' dir='ltr'>nostras</span> <span class='ocrx_word' id='word_1_645' title='bbox 2015 1681 2162 1713; x_wconf 88' lang='lat' dir='ltr'>ablueret</span> 
     </span>
     <span class='ocr_line' id='line_1_89' title="bbox 1194 1722 2161 1765; baseline 0.004 -13"><span class='ocrx_word' id='word_1_646' title='bbox 1194 1723 1334 1762; x_wconf 58' lang='lat' dir='ltr'>perfect}</span> <span class='ocrx_word' id='word_1_647' title='bbox 1364 1723 1432 1753; x_wconf 85' lang='lat' dir='ltr'>eius</span> <span class='ocrx_word' id='word_1_648' title='bbox 1456 1722 1645 1754; x_wconf 87' lang='lat' dir='ltr'>mundities:</span> <span class='ocrx_word' id='word_1_649' title='bbox 1679 1722 1766 1753; x_wconf 87' lang='lat' dir='ltr'>nulla</span> <span class='ocrx_word' id='word_1_650' title='bbox 1791 1722 1908 1754; x_wconf 91' lang='lat' dir='ltr'>oblatio</span> <span class='ocrx_word' id='word_1_651' title='bbox 1932 1734 1950 1754; x_wconf 88' lang='lat' dir='ltr'>a</span> <span class='ocrx_word' id='word_1_652' title='bbox 1973 1724 2064 1756; x_wconf 88' lang='lat' dir='ltr'>nobis</span> <span class='ocrx_word' id='word_1_653' title='bbox 2087 1735 2161 1765; x_wconf 90' lang='lat' dir='ltr'>pro-</span> 
     </span>
     <span class='ocr_line' id='line_1_90' title="bbox 1195 1764 2160 1808; baseline 0.004 -13"><span class='ocrx_word' id='word_1_654' title='bbox 1195 1764 1278 1795; x_wconf 89' lang='lat' dir='ltr'>diret</span> <span class='ocrx_word' id='word_1_655' title='bbox 1299 1766 1360 1795; x_wconf 81' lang='lat' dir='ltr'>nisi</span> <span class='ocrx_word' id='word_1_656' title='bbox 1385 1765 1552 1796; x_wconf 85' lang='lat' dir='ltr'>immunda</span> <span class='ocrx_word' id='word_1_657' title='bbox 1575 1770 1606 1796; x_wconf 86' lang='lat' dir='ltr'>et</span> <span class='ocrx_word' id='word_1_658' title='bbox 1632 1765 1758 1796; x_wconf 82' lang='lat' dir='ltr'>foetida.</span> <span class='ocrx_word' id='word_1_659' title='bbox 1795 1765 1864 1796; x_wconf 90' lang='lat' dir='ltr'>Imo</span> <span class='ocrx_word' id='word_1_660' title='bbox 1889 1771 2000 1797; x_wconf 85' lang='lat' dir='ltr'>notatu</span> <span class='ocrx_word' id='word_1_661' title='bbox 2025 1767 2160 1808; x_wconf 80' lang='lat' dir='ltr'>dignum</span> 
     </span>
     <span class='ocr_line' id='line_1_91' title="bbox 1194 1807 2163 1848; baseline 0.003 -10"><span class='ocrx_word' id='word_1_662' title='bbox 1194 1813 1257 1845; x_wconf 89' lang='lat' dir='ltr'>est</span> <span class='ocrx_word' id='word_1_663' title='bbox 1282 1807 1421 1848; x_wconf 85' lang='lat' dir='ltr'>quolibet</span> <span class='ocrx_word' id='word_1_664' title='bbox 1446 1807 1575 1839; x_wconf 89' lang='lat' dir='ltr'>defectu</span> <span class='ocrx_word' id='word_1_665' title='bbox 1599 1813 1654 1838; x_wconf 84' lang='lat' dir='ltr'>aut</span> <span class='ocrx_word' id='word_1_666' title='bbox 1678 1808 1754 1838; x_wconf 90' lang='lat' dir='ltr'>vitio</span> <span class='ocrx_word' id='word_1_667' title='bbox 1778 1809 1876 1848; x_wconf 90' lang='lat' dir='ltr'>pollui</span> <span class='ocrx_word' id='word_1_668' title='bbox 1900 1808 1960 1839; x_wconf 89' lang='lat' dir='ltr'>Dei</span> <span class='ocrx_word' id='word_1_669' title='bbox 1985 1810 2163 1841; x_wconf 84' lang='lat' dir='ltr'>sanctuari-</span> 
     </span>
     <span class='ocr_line' id='line_1_92' title="bbox 1195 1850 2162 1892; baseline 0.004 -12"><span class='ocrx_word' id='word_1_670' title='bbox 1195 1861 1257 1881; x_wconf 91' lang='lat' dir='ltr'>um.</span> <span class='ocrx_word' id='word_1_671' title='bbox 1303 1851 1397 1882; x_wconf 89' lang='lat' dir='ltr'>Unde</span> <span class='ocrx_word' id='word_1_672' title='bbox 1420 1851 1583 1891; x_wconf 83' lang='lat' dir='ltr'>sequitur,</span> <span class='ocrx_word' id='word_1_673' title='bbox 1607 1850 1759 1891; x_wconf 88' lang='lat' dir='ltr'>quidquid</span> <span class='ocrx_word' id='word_1_674' title='bbox 1783 1861 1801 1881; x_wconf 88' lang='lat' dir='ltr'>a</span> <span class='ocrx_word' id='word_1_675' title='bbox 1825 1862 1858 1882; x_wconf 89' lang='lat' dir='ltr'>se</span> <span class='ocrx_word' id='word_1_676' title='bbox 1880 1852 1960 1892; x_wconf 87' lang='lat' dir='ltr'>ipsis</span> <span class='ocrx_word' id='word_1_677' title='bbox 1983 1853 2162 1884; x_wconf 88' lang='lat' dir='ltr'>obtrudunt</span> 
     </span>
     <span class='ocr_line' id='line_1_93' title="bbox 1194 1893 2162 1933; baseline 0.004 -9"><span class='ocrx_word' id='word_1_678' title='bbox 1194 1893 1341 1924; x_wconf 86' lang='lat' dir='ltr'>homines</span> <span class='ocrx_word' id='word_1_679' title='bbox 1364 1894 1449 1931; x_wconf 86' lang='lat' dir='ltr'>Deo,</span> <span class='ocrx_word' id='word_1_680' title='bbox 1477 1893 1709 1933; x_wconf 87' lang='lat' dir='ltr'>profanationis</span> <span class='ocrx_word' id='word_1_681' title='bbox 1733 1894 1895 1925; x_wconf 84' lang='lat' dir='ltr'>damnari:</span> <span class='ocrx_word' id='word_1_682' title='bbox 1921 1901 2046 1927; x_wconf 88' lang='lat' dir='ltr'>tantum</span> <span class='ocrx_word' id='word_1_683' title='bbox 2071 1896 2162 1928; x_wconf 85' lang='lat' dir='ltr'>abest</span> 
     </span>
     <span class='ocr_line' id='line_1_94' title="bbox 1194 1936 2120 1976; baseline 0.004 -10"><span class='ocrx_word' id='word_1_684' title='bbox 1194 1941 1227 1966; x_wconf 88' lang='lat' dir='ltr'>ut</span> <span class='ocrx_word' id='word_1_685' title='bbox 1254 1937 1313 1967; x_wconf 78' lang='lat' dir='ltr'>Dei</span> <span class='ocrx_word' id='word_1_686' title='bbox 1336 1937 1437 1976; x_wconf 85' lang='lat' dir='ltr'>ipsius</span> <span class='ocrx_word' id='word_1_687' title='bbox 1460 1936 1603 1967; x_wconf 87' lang='lat' dir='ltr'>favorem</span> <span class='ocrx_word' id='word_1_688' title='bbox 1628 1936 1694 1966; x_wconf 91' lang='lat' dir='ltr'>ullo</span> <span class='ocrx_word' id='word_1_689' title='bbox 1717 1937 1833 1968; x_wconf 89' lang='lat' dir='ltr'>merito</span> <span class='ocrx_word' id='word_1_690' title='bbox 1856 1938 1914 1969; x_wconf 85' lang='lat' dir='ltr'>sibi</span> <span class='ocrx_word' id='word_1_691' title='bbox 1939 1939 2120 1970; x_wconf 84' lang='lat' dir='ltr'>concilient.</span> 
     </span>
    </p>

    <p class='ocr_par' dir='ltr' id='par_1_13' title="bbox 1165 1978 2159 2578">
     <span class='ocr_line' id='line_1_95' title="bbox 1280 1978 2159 2021; baseline 0.002 -11"><span class='ocrx_word' id='word_1_692' title='bbox 1280 1980 1328 2010; x_wconf 34' lang='lat'>22&lt;</span> <span class='ocrx_word' id='word_1_693' title='bbox 1356 1980 1473 2010; x_wconf 73' lang='lat' dir='ltr'>Panem</span> <span class='ocrx_word' id='word_1_694' title='bbox 1502 1980 1624 2019; x_wconf 72' lang='lat' dir='ltr'>quidem</span> <span class='ocrx_word' id='word_1_695' title='bbox 1648 1978 1709 2010; x_wconf 59' lang='lat' dir='ltr'>Det¹</span> <span class='ocrx_word' id='word_1_696' title='bbox 1732 1980 1791 2010; x_wconf 70' lang='lat' dir='ltr'><strong><em>sui.</em></strong></span> <span class='ocrx_word' id='word_1_697' title='bbox 1839 1980 2007 2011; x_wconf 87' lang='lat' dir='ltr'>Permittit</span> <span class='ocrx_word' id='word_1_698' title='bbox 2030 1982 2159 2021; x_wconf 84' lang='lat' dir='ltr'>quidem</span> 
     </span>
     <span class='ocr_line' id='line_1_96' title="bbox 1194 2022 2159 2062; baseline 0.004 -10"><span class='ocrx_word' id='word_1_699' title='bbox 1194 2022 1359 2053; x_wconf 84' lang='lat' dir='ltr'>sacrificiis</span> <span class='ocrx_word' id='word_1_700' title='bbox 1384 2022 1484 2059; x_wconf 84' lang='lat' dir='ltr'>vesci,</span> <span class='ocrx_word' id='word_1_701' title='bbox 1509 2022 1583 2061; x_wconf 82' lang='lat' dir='ltr'>quia</span> <span class='ocrx_word' id='word_1_702' title='bbox 1607 2026 1737 2062; x_wconf 88' lang='lat' dir='ltr'>propter</span> <span class='ocrx_word' id='word_1_703' title='bbox 1760 2022 1833 2053; x_wconf 90' lang='lat' dir='ltr'>illos</span> <span class='ocrx_word' id='word_1_704' title='bbox 1857 2028 1993 2054; x_wconf 86' lang='lat' dir='ltr'>naturae</span> <span class='ocrx_word' id='word_1_705' title='bbox 2016 2023 2159 2056; x_wconf 83' lang='lat' dir='ltr'>defectus</span> 
     </span>
     <span class='ocr_line' id='line_1_97' title="bbox 1194 2064 2158 2104; baseline 0.003 -9"><span class='ocrx_word' id='word_1_706' title='bbox 1194 2064 1283 2096; x_wconf 86' lang='lat' dir='ltr'>nulla</span> <span class='ocrx_word' id='word_1_707' title='bbox 1306 2065 1526 2096; x_wconf 87' lang='lat' dir='ltr'>immundities</span> <span class='ocrx_word' id='word_1_708' title='bbox 1549 2075 1603 2096; x_wconf 91' lang='grc'>000</span> <span class='ocrx_word' id='word_1_709' title='bbox 1626 2075 1643 2094; x_wconf 88' lang='lat' dir='ltr'>a</span> <span class='ocrx_word' id='word_1_710' title='bbox 1666 2065 1766 2095; x_wconf 88' lang='lat' dir='ltr'>sacris</span> <span class='ocrx_word' id='word_1_711' title='bbox 1789 2065 1893 2104; x_wconf 88' lang='lat' dir='ltr'>epulis</span> <span class='ocrx_word' id='word_1_712' title='bbox 1917 2071 2032 2097; x_wconf 90' lang='lat' dir='ltr'>arceat.</span> <span class='ocrx_word' id='word_1_713' title='bbox 2075 2068 2158 2098; x_wconf 79' lang='lat' dir='ltr'>Tan-</span> 
     </span>
     <span class='ocr_line' id='line_1_98' title="bbox 1194 2108 2159 2150; baseline 0.004 -13"><span class='ocrx_word' id='word_1_714' title='bbox 1194 2112 1261 2138; x_wconf 89' lang='lat' dir='ltr'>tum</span> <span class='ocrx_word' id='word_1_715' title='bbox 1294 2113 1447 2139; x_wconf 89' lang='lat' dir='ltr'>vetantur</span> <span class='ocrx_word' id='word_1_716' title='bbox 1476 2118 1632 2148; x_wconf 87' lang='lat' dir='ltr'>apparere</span> <span class='ocrx_word' id='word_1_717' title='bbox 1656 2117 1763 2138; x_wconf 85' lang='lat' dir='ltr'>coram</span> <span class='ocrx_word' id='word_1_718' title='bbox 1789 2108 1850 2139; x_wconf 87' lang='lat' dir='ltr'>Dei</span> <span class='ocrx_word' id='word_1_719' title='bbox 1873 2114 2044 2148; x_wconf 83' lang='lat' dir='ltr'>conspectu</span> <span class='ocrx_word' id='word_1_720' title='bbox 2069 2110 2159 2150; x_wconf 88' lang='lat' dir='ltr'>quasi</span> 
     </span>
     <span class='ocr_line' id='line_1_99' title="bbox 1193 2150 2159 2193; baseline 0.004 -13"><span class='ocrx_word' id='word_1_721' title='bbox 1193 2150 1384 2181; x_wconf 83' lang='lat' dir='ltr'>mediatores</span> <span class='ocrx_word' id='word_1_722' title='bbox 1414 2151 1452 2181; x_wconf 85' lang='lat' dir='ltr'>ad</span> <span class='ocrx_word' id='word_1_723' title='bbox 1478 2161 1550 2181; x_wconf 92' lang='lat' dir='ltr'>eum</span> <span class='ocrx_word' id='word_1_724' title='bbox 1574 2151 1778 2190; x_wconf 85' lang='lat' dir='ltr'>placandum.</span> <span class='ocrx_word' id='word_1_725' title='bbox 1826 2151 1934 2190; x_wconf 88' lang='lat' dir='ltr'>Atque</span> <span class='ocrx_word' id='word_1_726' title='bbox 1957 2151 2008 2183; x_wconf 89' lang='lat' dir='ltr'>hic</span> <span class='ocrx_word' id='word_1_727' title='bbox 2031 2163 2064 2183; x_wconf 87' lang='lat' dir='ltr'>se</span> <span class='ocrx_word' id='word_1_728' title='bbox 2087 2163 2159 2193; x_wconf 90' lang='lat' dir='ltr'>pro—</span> 
     </span>
     <span class='ocr_line' id='line_1_100' title="bbox 1166 2193 2158 2241; baseline 0.005 -19"><span class='ocrx_word' id='word_1_729' title='bbox 1166 2203 1168 2215; x_wconf 85' lang='grc'><strong><em>·</em></strong></span> <span class='ocrx_word' id='word_1_730' title='bbox 1193 2193 1240 2223; x_wconf 83' lang='lat' dir='ltr'>dit</span> <span class='ocrx_word' id='word_1_731' title='bbox 1263 2194 1374 2230; x_wconf 67' lang='lat' dir='ltr'>leuatis</span> <span class='ocrx_word' id='word_1_732' title='bbox 1398 2194 1504 2224; x_wconf 84' lang='lat' dir='ltr'>cultus</span> <span class='ocrx_word' id='word_1_733' title='bbox 1527 2194 1712 2224; x_wconf 84' lang='lat' dir='ltr'>infirmitas:</span> <span class='ocrx_word' id='word_1_734' title='bbox 1742 2193 1816 2241; x_wconf 85' lang='lat' dir='ltr'>quia</span> <span class='ocrx_word' id='word_1_735' title='bbox 1839 2193 1920 2224; x_wconf 90' lang='lat' dir='ltr'>nihil</span> <span class='ocrx_word' id='word_1_736' title='bbox 1944 2195 2078 2234; x_wconf 89' lang='lat' dir='ltr'>reperiri</span> <span class='ocrx_word' id='word_1_737' title='bbox 2103 2206 2158 2236; x_wconf 91' lang='lat' dir='ltr'>po-</span> 
     </span>
     <span class='ocr_line' id='line_1_101' title="bbox 1193 2235 2158 2278; baseline 0.004 -12"><span class='ocrx_word' id='word_1_738' title='bbox 1193 2236 1255 2266; x_wconf 87' lang='lat' dir='ltr'>tuit</span> <span class='ocrx_word' id='word_1_739' title='bbox 1287 2237 1371 2266; x_wconf 80' lang='lat' dir='ltr'>inter</span> <span class='ocrx_word' id='word_1_740' title='bbox 1401 2236 1547 2267; x_wconf 89' lang='lat' dir='ltr'>homines</span> <span class='ocrx_word' id='word_1_741' title='bbox 1579 2235 1662 2276; x_wconf 92' lang='lat' dir='ltr'>quod</span> <span class='ocrx_word' id='word_1_742' title='bbox 1691 2236 1861 2266; x_wconf 86' lang='lat' dir='ltr'>veritatem</span> <span class='ocrx_word' id='word_1_743' title='bbox 1891 2237 2021 2275; x_wconf 85' lang='lat' dir='ltr'>penitus</span> <span class='ocrx_word' id='word_1_744' title='bbox 2050 2239 2158 2278; x_wconf 81' lang='lat' dir='ltr'>expri-</span> 
     </span>
     <span class='ocr_line' id='line_1_102' title="bbox 1192 2278 2157 2320; baseline 0.004 -12"><span class='ocrx_word' id='word_1_745' title='bbox 1192 2285 1302 2309; x_wconf 85' lang='lat' dir='ltr'>meret.</span> <span class='ocrx_word' id='word_1_746' title='bbox 1349 2279 1457 2318; x_wconf 82' lang='lat' dir='ltr'>Quum</span> <span class='ocrx_word' id='word_1_747' title='bbox 1489 2289 1566 2319; x_wconf 80' lang='lat' dir='ltr'>ergo</span> <span class='ocrx_word' id='word_1_748' title='bbox 1591 2278 1757 2310; x_wconf 89' lang='lat' dir='ltr'>hominum</span> <span class='ocrx_word' id='word_1_749' title='bbox 1782 2278 1862 2309; x_wconf 82' lang='lat' dir='ltr'>vitia</span> <span class='ocrx_word' id='word_1_750' title='bbox 1885 2289 1937 2310; x_wconf 77' lang='lat' dir='ltr'>res</span> <span class='ocrx_word' id='word_1_751' title='bbox 1960 2281 2157 2320; x_wconf 87' lang='lat' dir='ltr'>coniunctas,</span> 
     </span>
     <span class='ocr_line' id='line_1_103' title="bbox 1192 2307 2158 2361; baseline 0.004 -10"><span class='ocrx_word' id='word_1_752' title='bbox 1192 2322 1345 2352; x_wconf 81' lang='lat' dir='ltr'>honorem</span> <span class='ocrx_word' id='word_1_753' title='bbox 1370 2327 1400 2352; x_wconf 88' lang='lat' dir='ltr'>et</span> <span class='ocrx_word' id='word_1_754' title='bbox 1431 2333 1527 2359; x_wconf 87' lang='lat' dir='ltr'>onus,</span> <span class='ocrx_word' id='word_1_755' title='bbox 1559 2321 1702 2352; x_wconf 89' lang='lat' dir='ltr'>dividere</span> <span class='ocrx_word' id='word_1_756' title='bbox 1726 2327 1868 2361; x_wconf 85' lang='lat' dir='ltr'>cogeret,</span> <span class='ocrx_word' id='word_1_757' title='bbox 1903 2321 1978 2353; x_wconf 90' lang='lat' dir='ltr'>hinc</span> <span class='ocrx_word' id='word_1_758' title='bbox 2001 2307 2158 2355; x_wconf 83' lang='lat' dir='ltr'>admoniti</span> 
     </span>
     <span class='ocr_line' id='line_1_104' title="bbox 1165 2346 2156 2406; baseline 0.004 -12"><span class='ocrx_word' id='word_1_759' title='bbox 1165 2355 1167 2393; x_wconf 73' lang='lat' dir='ltr'>l</span> <span class='ocrx_word' id='word_1_760' title='bbox 1191 2365 1323 2395; x_wconf 78' lang='lat' dir='ltr'>fuerunt</span> <span class='ocrx_word' id='word_1_761' title='bbox 1346 2365 1528 2401; x_wconf 81' lang='lat' dir='ltr'>Israelitae</span> <span class='ocrx_word' id='word_1_762' title='bbox 1559 2365 1656 2395; x_wconf 87' lang='lat' dir='ltr'>alium</span> <span class='ocrx_word' id='word_1_763' title='bbox 1685 2346 1882 2395; x_wconf 80' lang='lat' dir='ltr'>sacerdotem</span> <span class='ocrx_word' id='word_1_764' title='bbox 1915 2366 1974 2396; x_wconf 89' lang='lat' dir='ltr'>sibi</span> <span class='ocrx_word' id='word_1_765' title='bbox 2003 2368 2156 2406; x_wconf 86' lang='lat' dir='ltr'>promitti,</span> 
     </span>
     <span class='ocr_line' id='line_1_105' title="bbox 1190 2407 2156 2447; baseline 0.005 -11"><span class='ocrx_word' id='word_1_766' title='bbox 1190 2408 1239 2437; x_wconf 87' lang='grc'><strong>0111</strong></span> <span class='ocrx_word' id='word_1_767' title='bbox 1269 2408 1306 2438; x_wconf 82' lang='lat' dir='ltr'>ad</span> <span class='ocrx_word' id='word_1_768' title='bbox 1332 2418 1442 2438; x_wconf 84' lang='lat' dir='ltr'>omnes</span> <span class='ocrx_word' id='word_1_769' title='bbox 1467 2408 1622 2438; x_wconf 90' lang='lat' dir='ltr'>virtutum</span> <span class='ocrx_word' id='word_1_770' title='bbox 1648 2411 1678 2438; x_wconf 89' lang='lat' dir='ltr'>et</span> <span class='ocrx_word' id='word_1_771' title='bbox 1701 2407 1907 2447; x_wconf 78' lang='lat' dir='ltr'>perfectionis</span> <span class='ocrx_word' id='word_1_772' title='bbox 1932 2419 2084 2441; x_wconf 87' lang='lat' dir='ltr'>numeros</span> <span class='ocrx_word' id='word_1_773' title='bbox 2108 2411 2156 2441; x_wconf 92' lang='lat' dir='ltr'>ni-</span> 
     </span>
     <span class='ocr_line' id='line_1_106' title="bbox 1190 2449 2156 2484; baseline 0.005 -5"><span class='ocrx_word' id='word_1_774' title='bbox 1190 2450 1232 2479; x_wconf 86' lang='grc'><strong>1111</strong></span> <span class='ocrx_word' id='word_1_775' title='bbox 1260 2450 1392 2481; x_wconf 56' lang='lat' dir='ltr'>‹loo-:set</span> <span class='ocrx_word' id='word_1_776' title='bbox 1435 2450 1579 2481; x_wconf 75' lang='lat' dir='ltr'>Tandem</span> <span class='ocrx_word' id='word_1_777' title='bbox 1606 2451 1718 2481; x_wconf 86' lang='lat' dir='ltr'>recitat</span> <span class='ocrx_word' id='word_1_778' title='bbox 1744 2449 1853 2480; x_wconf 83' lang='lat' dir='ltr'>Moses</span> <span class='ocrx_word' id='word_1_779' title='bbox 1878 2461 1911 2481; x_wconf 89' lang='lat' dir='ltr'>se</span> <span class='ocrx_word' id='word_1_780' title='bbox 1938 2452 1996 2482; x_wconf 92' lang='lat' dir='ltr'>Dei</span> <span class='ocrx_word' id='word_1_781' title='bbox 2021 2453 2156 2484; x_wconf 88' lang='lat' dir='ltr'>manda-</span> 
     </span>
     <span class='ocr_line' id='line_1_107' title="bbox 1190 2492 2154 2533; baseline 0.005 -11"><span class='ocrx_word' id='word_1_782' title='bbox 1190 2497 1220 2522; x_wconf 88' lang='lat' dir='ltr'>ta</span> <span class='ocrx_word' id='word_1_783' title='bbox 1246 2493 1431 2532; x_wconf 72' lang='lat' dir='ltr'>pertulisse,</span> <span class='ocrx_word' id='word_1_784' title='bbox 1464 2504 1527 2524; x_wconf 90' lang='lat' dir='ltr'>non</span> <span class='ocrx_word' id='word_1_785' title='bbox 1552 2492 1645 2523; x_wconf 90' lang='lat' dir='ltr'>modo</span> <span class='ocrx_word' id='word_1_786' title='bbox 1674 2492 1713 2523; x_wconf 87' lang='lat' dir='ltr'>ad</span> <span class='ocrx_word' id='word_1_787' title='bbox 1738 2492 1872 2523; x_wconf 77' lang='lat' dir='ltr'>Aharon</span> <span class='ocrx_word' id='word_1_788' title='bbox 1903 2498 1933 2524; x_wconf 89' lang='lat' dir='ltr'>et</span> <span class='ocrx_word' id='word_1_789' title='bbox 1965 2496 2032 2526; x_wconf 84' lang='lat' dir='ltr'>cius</span> <span class='ocrx_word' id='word_1_790' title='bbox 2064 2496 2154 2533; x_wconf 60' lang='lat' dir='ltr'>filios</span> 
     </span>
     <span class='ocr_line' id='line_1_108' title="bbox 1189 2535 2156 2584; baseline 0.005 -20"><span class='ocrx_word' id='word_1_791' title='bbox 1189 2535 1243 2565; x_wconf 79' lang='lat' dir='ltr'>scd</span> <span class='ocrx_word' id='word_1_792' title='bbox 1276 2536 1314 2566; x_wconf 77' lang='grc'><strong>,111</strong></span> <span class='ocrx_word' id='word_1_793' title='bbox 1340 2542 1439 2566; x_wconf 80' lang='lat' dir='ltr'>totum</span> <span class='ocrx_word' id='word_1_794' title='bbox 1465 2536 1561 2567; x_wconf 87' lang='lat' dir='ltr'>simul</span> <span class='ocrx_word' id='word_1_795' title='bbox 1586 2536 1754 2584; x_wconf 82' lang='lat' dir='ltr'>populum:</span> <span class='ocrx_word' id='word_1_796' title='bbox 1789 2541 1820 2565; x_wconf 90' lang='lat' dir='ltr'>ut</span> <span class='ocrx_word' id='word_1_797' title='bbox 1845 2537 1998 2568; x_wconf 76' lang='lat' dir='ltr'>minimus</span> <span class='ocrx_word' id='word_1_798' title='bbox 2022 2538 2156 2578; x_wconf 86' lang='lat' dir='ltr'>quisque</span> 
     </span>
    </p>
   </div>
   <div class='ocr_carea' id='block_1_11' title="bbox 1167 269 1171 2299">
    <p class='ocr_par' dir='ltr' id='par_1_14' title="bbox 1167 269 1171 2299">
     <span class='ocr_line' id='line_1_109' title="bbox 1167 269 1171 2299; baseline 0 0"><span class='ocrx_word' id='word_1_799' title='bbox 1167 269 1171 2299; x_wconf 95' lang='lat' dir='ltr'> </span> 
     </span>
    </p>
   </div>
   <div class='ocr_carea' id='block_1_12' title="bbox 1162 2577 2154 2619">
    <p class='ocr_par' dir='ltr' id='par_1_15' title="bbox 1162 2577 2154 2619">
     <span class='ocr_line' id='line_1_110' title="bbox 1162 2577 2154 2619; baseline 0.006 -13"><span class='ocrx_word' id='word_1_800' title='bbox 1162 2577 1163 2604; x_wconf 72' lang='grc' dir='ltr'>ἶ</span> <span class='ocrx_word' id='word_1_801' title='bbox 1189 2588 1204 2606; x_wconf 74' lang='lat' dir='ltr'>e</span> <span class='ocrx_word' id='word_1_802' title='bbox 1226 2579 1316 2617; x_wconf 73' lang='lat' dir='ltr'>plebe</span> <span class='ocrx_word' id='word_1_803' title='bbox 1336 2590 1450 2609; x_wconf 72' lang='lat' dir='ltr'>censor</span> <span class='ocrx_word' id='word_1_804' title='bbox 1469 2589 1539 2610; x_wconf 85' lang='lat' dir='ltr'>csse</span> <span class='ocrx_word' id='word_1_805' title='bbox 1558 2584 1673 2619; x_wconf 81' lang='lat' dir='ltr'>posset,</span> <span class='ocrx_word' id='word_1_806' title='bbox 1694 2579 1720 2609; x_wconf 89' lang='lat' dir='ltr'>si</span> <span class='ocrx_word' id='word_1_807' title='bbox 1746 2578 1821 2617; x_wconf 87' lang='lat' dir='ltr'>quid</span> <span class='ocrx_word' id='word_1_808' title='bbox 1846 2579 2029 2611; x_wconf 82' lang='lat' dir='ltr'>sacerdotes</span> <span class='ocrx_word' id='word_1_809' title='bbox 2053 2581 2154 2612; x_wconf 85' lang='lat' dir='ltr'>delin—</span> 
     </span>
    </p>
   </div>
   <div class='ocr_carea' id='block_1_13' title="bbox 171 2601 1332 2660">
    <p class='ocr_par' dir='ltr' id='par_1_16' title="bbox 171 2601 1332 2660">
     <span class='ocr_line' id='line_1_111' title="bbox 171 2601 1332 2660; baseline 0.004 -14"><span class='ocrx_word' id='word_1_810' title='bbox 171 2616 221 2646; x_wconf 79' lang='lat'>22</span> <span class='ocrx_word' id='word_1_811' title='bbox 252 2601 363 2648; x_wconf 65' lang='lat' dir='ltr'>I&#39;aizem</span> <span class='ocrx_word' id='word_1_812' title='bbox 381 2621 501 2658; x_wconf 63' lang='lat' dir='ltr'>quitlrm</span> <span class='ocrx_word' id='word_1_813' title='bbox 518 2620 577 2650; x_wconf 74' lang='grc' dir='ltr'>1)οί</span> <span class='ocrx_word' id='word_1_814' title='bbox 595 2622 646 2651; x_wconf 56' lang='lat' dir='ltr'>sui</span> <span class='ocrx_word' id='word_1_815' title='bbox 670 2632 684 2651; x_wconf 79' lang='lat' dir='ltr'>e</span> <span class='ocrx_word' id='word_1_816' title='bbox 707 2621 919 2651; x_wconf 68' lang='lat' dir='ltr'>smzetilatihus</span> <span class='ocrx_word' id='word_1_817' title='bbox 941 2620 1136 2650; x_wconf 54' lang='lat' dir='ltr'>sanctuarum</span> <span class='ocrx_word' id='word_1_818' title='bbox 1160 2618 1165 2645; x_wconf 78' lang='lat' dir='ltr'>l</span> <span class='ocrx_word' id='word_1_819' title='bbox 1187 2626 1332 2660; x_wconf 88' lang='lat' dir='ltr'>quercnt</span> 
     </span>
    </p>
   </div>
  </div>
 </body>
</html>
