2304 3034
111 198 170 229 557
783 190 1035 223 SECUNDUM
1060 190 1379 224 PRAECEPTUM.

111 290 264 331 populum
294 299 405 324 suum,
437 287 510 328 quia
538 286 570 316 in
601 295 710 316 eornm
736 289 822 315 terra
845 284 1071 324 peregrinatus

112 334 162 365 sit.
203 333 281 363 Fuit
304 332 388 363 enim
412 329 573 361 barbaries
596 332 627 358 et
650 327 835 358 immanitas
858 326 1072 366 inhospitalis,

112 377 247 406 miseros
277 374 415 405 advenas
448 372 642 411 opprimere,
677 369 731 409 qui
766 370 798 399 in
829 379 941 400 eorum
975 369 1071 400 fidem

113 418 333 458 confugerant.
376 415 438 447 Sed
462 414 550 445 Deus
574 413 714 452 primum
738 413 920 451 ingressum
945 411 995 442 hie
1023 423 1068 442 10-

114 460 222 500 spicit:
258 459 350 490 sicuti
384 456 467 497 apud
497 456 614 486 Isaiam
647 453 710 495 (52,
734 453 776 495 4),
807 454 862 485 ubi
893 454 1072 494 Aegyptios

114 502 258 544 Assyriis
281 509 484 540 comparans,
507 497 583 528 dicit·
607 497 766 528 latronum
791 507 879 527 more
902 497 960 528 hos
984 507 1071 537 gras-

114 545 178 576 sari
196 545 229 575 in
248 542 397 584 populum
417 550 519 577 suum,
540 540 610 570 illos
629 550 706 570 vero
725 550 790 569 non
810 539 880 570 sine
899 544 1070 579 praetextu

114 588 212 618 fuisse
225 585 413 617 dominatos:
434 583 504 623 quia
526 582 662 622 populus
676 581 751 612 illuc
770 586 883 621 sponte
898 581 1069 613 descende-

115 634 173 661 rat.
198 627 353 667 Quamvis
372 636 446 665 ergo
462 625 599 656 violento
618 625 752 663 imperio
772 623 904 664 indigne
927 625 1071 664 oppressi

115 671 232 703 fuerint
250 669 423 705 Israelitae‚
450 667 517 698 vult
541 672 648 697 tamen
663 667 753 698 Deus
773 672 866 697 vetus
879 667 1069 698 beneficium

116 714 155 745 ab
184 713 247 744 illis
278 711 419 752 agnosci:
447 709 531 750 quod
562 710 669 740 levata
693 709 753 740 fnit
775 720 885 740 eorum
910 710 1017 749 inopia
1041 714 1072 740 et

116 757 231 792 fames,
260 759 291 785 et
329 752 476 793 inquilini
506 752 645 792 benigne
683 752 808 791 excepti
843 752 975 790 fuerint,
1010 763 1071 792 quo

114 805 254 838 tempore
276 795 396 827 incolae
420 794 575 826 Chanaan
599 794 706 825 inedia
730 795 889 834 peribant.

423 964 485 995 EX
510 964 642 995 DEUT.
667 964 780 995 XVII.

191 1051 219 1082 2.
241 1050 277 1081 Si
300 1050 438 1081 inventus
460 1050 605 1089 fueritin
625 1049 724 1080 medio
746 1050 801 1085 tui,
827 1050 859 1080 in
878 1059 941 1080 una
960 1052 1067 1088 porta-

108 1096 343 1132 rumtuarmn,
373 1102 451 1131 quas
480 1091 593 1123 Ieltoca
622 1092 710 1123 Deus
740 1095 811 1123 tuus
840 1092 891 1122 dal
921 1091 988 1128 tibi,
1022 1093 1069 1122 vir
1093 1109 1094 1120 ι

109 1138 172 1168 sive
193 1135 303 1166 mulier
324 1135 379 1174 qut
400 1134 505 1174 fecerit
535 1135 653 1165 malum
680 1135 712 1165 in
735 1134 830 1165 oeulis
853 1134 983 1165 Ielcovae
1006 1134 1068 1165 Dei

106 1179 160 1216 tui,
183 1178 224 1209 ad
244 1177 528 1218 transyrediemi'um
545 1180 672 1217 pactum
701 1178 784 1208 eius:
812 1177 840 1208 3.
866 1176 1021 1216 Iveritque
1042 1180 1067 1208 et

105 1222 229 1254 coluerit
254 1221 324 1252 deos
349 1220 480 1251 alienos:
510 1223 536 1251 et
554 1220 731 1251 adoraverit
752 1230 808 1257 603,
832 1220 924 1251 solem
946 1223 999 1250 aut
1019 1220 1066 1250 lu-

105 1274 189 1300 nam,
219 1266 273 1294 aut
301 1263 478 1294 universum
507 1263 672 1294 exercitum
702 1263 869 1300 coelorum,
904 1262 987 1301 quod
1016 1273 1066 1302 eyo

105 1316 164 1338 non
176 1306 335 1345 praecepi:
360 1305 389 1336 4.
403 1304 447 1336 Et
458 1306 637 1336 nunciatum
653 1306 749 1344 fuerit
766 1305 830 1343 tibi,
854 1306 1067 1344 audierisqae:

104 1351 173 1380 tunc
189 1348 285 1388 probe
308 1348 464 1387 inquires:
486 1350 512 1379 et
535 1358 605 1384 ecee,
635 1348 664 1379 si
693 1358 783 1379 verus
805 1351 831 1378 et
852 1350 950 1379 cereus
970 1348 1067 1387 fuerit

106 1402 215 1429 sermo,
246 1394 273 1422 et
299 1391 382 1430 facta
411 1390 506 1430 fuerit
535 1390 718 1421 abominatio
741 1391 813 1422 baec
836 1391 869 1421 in
891 1390 1007 1428 Israel,
1036 1390 1064 1422 5.

106 1433 226 1466 Eduees
247 1434 350 1464 virum
368 1433 465 1470 illum,
489 1436 543 1464 aut
564 1433 722 1464 mulierem
743 1433 839 1468 illam,
868 1434 922 1472 qui
944 1434 1066 1464 commi-
1093 1459 1094 1463 ,

106 1477 203 1508 serint
229 1476 356 1516 facinus
385 1476 468 1507 illud
485 1486 622 1514 prorum
646 1476 688 1506 acl
704 1478 816 1515 portas
837 1479 924 1512 tuas,
953 1477 1066 1516 virum,

107 1522 158 1550 aut
179 1519 346 1556 mulierem,
378 1521 404 1550 et
427 1519 533 1550 obrues
563 1529 612 1549 eos
642 1518 799 1558 lapidibus
822 1519 911 1550 donec
933 1520 1066 1550 morian-

107 1564 156 1592 tur
169 1562 200 1603 ¹).
245 1561 379 1592 Ibidem.
412 1561 438 1592 7.
464 1561 582 1592 Manus
603 1562 725 1592 testium
742 1562 846 1602 primo
864 1562 921 1592 erit
943 1562 977 1592 in
999 1572 1068 1592 eum

107 1604 147 1635 ad
168 1604 358 1636 occidendum
381 1605 492 1644 ipsum,
523 1607 549 1635 et
568 1614 680 1635 manus
696 1604 810 1643 populi
823 1607 946 1643 postea.-
968 1607 1067 1635 exter-

108 1646 299 1687 minabisque
321 1647 438 1678 malum
460 1657 475 1678 e
497 1647 594 1678 medio
616 1647 672 1678 tui.

190 1732 218 1763 2.
245 1731 280 1763 Sz'
298 1733 445 1763 inventus.
492 1732 556 1763 Hic
585 1732 695 1762 eadem
731 1732 885 1762 statuitur
908 1742 1010 1772 poena
1033 1733 1067 1763 in

108 1774 299 1813 idololatras,
323 1775 373 1805 0111
397 1775 486 1814 prius
510 1775 643 1806 subiecti
664 1775 795 1806 fuerunt
819 1779 997 1814 apostatae:
1022 1775 1067 1806 ita

108 1817 271 1857 utriusque
294 1817 414 1857 peccati
434 1818 649 1857 transgressio
661 1818 774 1858 capitis
793 1827 895 1857 poena
914 1818 1065 1849 sancitur.

108 1859 200 1891 Unde
233 1860 426 1900 colligimuS,
461 1871 525 1891 non
557 1861 663 1891 minus
695 1871 794 1900 grave
825 1860 929 1891 scelus
958 1872 1064 1891 coram

108 1902 177 1933 Deo
204 1903 341 1940 censeri,
371 1903 476 1934 cultus
502 1903 572 1934 01115
597 1903 710 1934 vitiare
734 1903 850 1934 crassis
874 1908 906 1934 et
929 1904 1066 1943 impuris

108 1945 393 1984 superstitionibus,
413 1956 506 1986 qnam
521 1946 627 1985 palam
641 1950 727 1977 etex
747 1945 890 1985 professo
910 1957 927 1976 a
947 1947 1066 1986 pietate

109 1986 287 2019 desciscere.
322 1988 399 2019 Ideo
418 1988 502 2028 apud
523 1989 723 2019 Ezechielem
745 1989 807 2029 (20,
827 1988 890 2029 39),
914 1988 1066 2020 valedicit

106 2028 243 2066 Iudaeis,
262 2035 293 2061 et
306 2032 393 2070 qnasi
414 2042 468 2062 eos
488 2032 684 2071 emancipat,
709 2037 742 2062 ut
761 2038 836 2062 eant
855 2032 972 2072 singuli
994 2036 1065 2072 post

107 2071 190 2103 idola
209 2083 274 2112 sua,
297 2073 423 2113 quando
446 2085 511 2105 non
535 2074 679 2105 contenti
703 2080 776 2105 sunt
801 2085 838 2105 eo
861 2074 937 2105 solo.
984 2075 1065 2105 Cae-

108 2119 211 2145 terum
250 2116 297 2146 ita.
337 2116 459 2156 rigidus
493 2122 541 2147 est
575 2127 696 2156 poenae
728 2123 858 2148 exactor
893 2118 998 2154 Deus,
1031 2121 1065 2147 nt

108 2157 354 2197 praecipitanter
378 2160 452 2190 ferri
476 2159 628 2191 iudicium
650 2160 738 2190 nolit.
775 2159 865 2191 Haec
885 2159 924 2190 ad
948 2160 1064 2190 severi-

109 2203 206 2230 tatem
229 2201 403 2240 pertinent,
434 2206 469 2232 ut
493 2207 558 2233 tam
589 2202 704 2233 mulier
728 2213 821 2242 quam
849 2202 897 2233 vir
920 2213 936 2233 e
960 2202 1064 2233 medio

110 2241 269 2279 tollantur,
282 2248 317 2274 ut
330 2249 413 2275 totus
427 2245 561 2285 populus
574 2244 613 2275 ad
627 2256 679 2275 eos
692 2245 880 2284 lapidandos
893 2246 1063 2285 conspiret,

111 2288 146 2313 ut
173 2284 301 2315 tollatur
330 2286 448 2318 malum
479 2299 495 2318 e
525 2288 629 2318 medio
654 2293 775 2324 terrae,
807 2299 845 2318 ne
869 2288 1064 2318 abominatio

110 2330 238 2357 maneat
251 2327 360 2359 inulta.
386 2329 566 2361 Moderatio
579 2336 687 2360 autem
707 2331 890 2370 opponitur,
914 2336 949 2361 ut
967 2331 1064 2370 probe

110 2368 279 2408 inquirant,
302 2371 511 2404 neciudicent
523 2373 582 2404 11151
604 2384 637 2403 re
649 2373 729 2403 bene
747 2378 923 2412 comperta:
949 2373 1064 2403 deinde

111 2414 148 2440 ut
167 2410 307 2450 legitima
322 2414 363 2444 sit
375 2415 526 2453 probatio,
548 2426 604 2446 nec
617 2426 689 2446 cum
711 2416 763 2455 qui
784 2421 953 2446 accusatur
969 2416 1065 2446 1101115
1090 2419 1091 2423 ’

111 2451 249 2484 hominis
283 2455 398 2486 delatio
432 2459 601 2498 opprimat.
647 2458 736 2498 Ergo
772 2469 834 2488 non
871 2459 940 2489 vult
975 2458 1065 2489 Dens

110 2494 169 2525 zeli
193 2500 358 2534 praetextu
378 2499 496 2532 iudices
519 2500 754 2532 inconsiderate
778 2500 913 2531 fundere
934 2502 1064 2541 sangui-

178 2596 206 2629 1)
225 2596 318 2623 Editio
336 2598 401 2625 1563
419 2601 511 2635 latina,
528 2610 583 2627 non
602 2610 664 2628 vero
681 2604 840 2628 recentiores
858 2611 940 2635 neque
961 2603 1065 2635 Gallus,
1091 2608 1092 2630 i

109 2629 188 2656 addit
205 2630 248 2656 hic
266 2639 288 2656 v.
306 2631 329 2657 6.

2026 195 2087 226 558

1095 290 1099 344 e
1126 295 1216 315 nem:
1241 285 1296 316 sed
1321 285 1372 316 ubi
1397 286 1567 325 praecessit
1593 289 1719 316 matura
1739 288 1886 327 cognitio,
1911 292 1947 318 ut
1970 288 2087 327 plecta-

1097 356 1098 359 ,
1126 332 1178 357 tur
1204 328 1370 359 maleficus
1394 339 1451 368 pro
1477 328 1569 359 modo
1594 328 1711 359 delicti.
1758 330 1931 361 Portarum
1956 332 2087 362 0001100

1097 365 1099 411 ξ
1126 370 1219 400 urbes
1244 370 1389 410 designat
1408 370 1627 410 συνεκδοχικῶς.
1657 371 1776 402 Terrae
1795 383 1871 403 vcro
1892 373 2086 404 (1111000100-

1097 413 1099 426 '
1125 413 1246 442 tionem
1267 413 1350 446 facit,
1376 424 1415 443 ne
1440 414 1508 444 Deo
1532 414 1598 444 sint
1620 414 1737 453 ingrati
1763 415 1793 445 in
1818 426 1853 445 ea
1878 416 2086 455 profananda.

1097 462 1099 494 ζ
1126 455 1280 486 Criminis
1303 466 1377 486 vero
1396 456 1595 487 atrocitatem
1616 462 1719 487 notat:
1746 457 1887 488 vocando
1906 464 2087 499 transgres-

1097 495 1098 504 ’
1125 497 1245 528 sionem
1276 497 1414 529 foederis
1445 498 1523 530 Dei:
1555 510 1591 530 ac
1614 499 1639 529 si
1665 499 1783 530 diceret
1803 500 1993 541 foedifragos
2017 512 2087 533 esse

1125 540 1307 579 quicunque
1327 540 1366 571 ad
1387 541 1472 572 idola
1492 541 1663 573 declinant.
1699 541 1781 572 Nam
1807 546 1838 572 et
1862 543 1922 581 fur,
1946 549 1976 574 01
2001 555 2083 575 5001·-

1126 586 1218 618 tator,
1239 589 1268 613 01
1290 584 1441 622 ebriosus,
1461 588 1492 614 et
1515 584 1635 615 similes
1655 585 1936 624 transgrediuntur
1955 587 2084 626 quidem

1126 625 1244 664 legem:
1270 625 1323 656 sed
1344 627 1417 665 quia
1438 637 1500 657 non
1527 638 1560 657 50
1579 637 1709 666 prorsus
1729 627 1869 658 alienant
1893 638 1911 658 a
1925 628 1998 667 Deo,
2021 640 2084 659 non

1126 673 1288 706 ponuntur
1309 669 1341 698 10
1363 668 1420 699 hoc
1433 669 1553 700 ordine.
1579 670 1727 709 Denique
1746 680 1808 700 1100
1823 670 2011 710 51111ρ“101101
2033 671 2085 701 1110

1124 711 1258 749 punitur
1290 711 1456 750 impietas,
1488 712 1542 742 sed
1572 712 1707 751 perfidia.
1737 722 1798 751 qua
1827 713 1985 743 deseritur
2009 725 2085 745 vera,

1125 753 1248 792 religio,
1273 758 1441 793 postquam
1463 754 1533 785 Deo
1560 765 1676 785 000100
1697 754 1856 786 dederunt
1876 756 2029 794 1100111105,
2053 762 2085 787 et

1125 806 1157 825 50
1181 795 1312 834 professi
1333 802 1408 826 sunt
1433 797 1498 827 fore
1523 808 1561 827 ex
1585 797 1652 828 cius
1672 798 1796 837 populo.
1828 797 1922 836 Quod
1943 799 2084 829 secundo

1126 838 1296 876 repetitur:
1329 837 1406 869 Sive
1434 839 1492 875 vir,
1524 839 1591 870 sive
1615 840 1744 877 mulier,
1774 841 1892 872 certius
1916 842 2086 872 confirmat

1125 880 1208 919 quod
1233 880 1316 910 dixi:
1347 881 1492 920 quamvis
1523 881 1556 911 in
1587 892 1666 912 sexu
1698 882 1847 913 muliebri
1871 883 1995 923 culpam
2027 895 2083 914 ex-

1124 927 1234 953 tenuet
1264 923 1452 961 infirmitas,
1481 923 1540 954 hac
1572 928 1678 955 tamen
1709 926 1741 955 in
1767 930 1858 965 parte
1882 937 1944 956 0011
1969 925 2084 957 debere

1122 965 1262 1005 ignosci,
1286 965 1338 996 ubi
1362 965 1481 997 directe
1504 966 1644 997 violatur
1668 967 1727 997 Dei
1751 968 1866 999 cultus.
1912 969 1982 999 Etsi
2006 979 2083 1000 Vero

1123 1012 1249 1038 tantum
1276 1009 1310 1038 fit
1335 1008 1457 1039 mentio
1481 1009 1556 1039 solis
1580 1015 1609 1039 et
1635 1010 1729 1040 lunae
1753 1014 1784 1040 et
1813 1011 1998 1047 stellarum,
2031 1022 2082 1042 ea-

1123 1049 1193 1080 dem
1223 1056 1272 1081 est
1294 1051 1472 1091 imaginum
1498 1052 1586 1082 ratio.
1629 1052 1698 1082 1010
1723 1063 1784 1092 (1110
1808 1054 1934 1093 turpior
1957 1058 2005 1085 051
2027 1055 2084 1084 1111-

1122 1093 1223 1132 pietas
1264 1094 1438 1124 transferre
1470 1093 1531 1124 Dei
1568 1094 1722 1125 honorem
1760 1095 1798 1125 ad
1834 1103 1975 1127 mortuos
2006 1097 2083 1137 lapi-

1122 1135 1186 1173 des,
1212 1136 1260 1167 vcl
1281 1140 1420 1174 truncos,
1443 1146 1538 1176 quam
1559 1137 1597 1167 ad
1618 1137 1726 1167 stellas
1746 1138 1777 1167 in
1798 1139 1912 1177 quibus
1937 1138 2082 1170 divinum

1120 1178 1239 1217 aliquid
1272 1177 1423 1219 refulget,
1454 1189 1490 1209 eo
1520 1180 1622 1219 magis
1646 1180 1851 1212 detestabiles
1874 1186 1950 1212 sunt
1973 1183 2026 1221 qui
2049 1192 2082 1213 50

1121 1220 1315 1261 demergunt
1338 1222 1371 1251 in
1397 1226 1523 1252 tantum
1548 1226 1723 1261 stuporem.

1204 1264 1232 1294 4.
1260 1264 1346 1294 Tunc
1369 1264 1463 1302 probe
1491 1265 1638 1303 inquires.
1684 1264 1874 1305 Quanquam
1906 1267 2082 1298 moderatio

1119 1306 1181 1336 ista
1211 1305 1249 1337 ad
1280 1311 1481 1346 praesentem
1507 1316 1635 1338 causam
1659 1308 1809 1346 refertur,
1843 1309 1951 1349 vigere
1975 1313 2082 1340 tamen

1119 1358 1244 1388 semper
1269 1349 1362 1380 debet
1385 1349 1416 1379 in
1441 1348 1573 1385 iudicio,
1605 1360 1646 1380 00
1667 1350 1743 1389 quid
1768 1351 1878 1382 durius
1902 1356 2013 1382 contra
2036 1352 2081 1382 in-

1120 1392 1233 1422 noxios
1268 1396 1439 1423 statuatur.
1486 1392 1612 1423 Rursus
1644 1394 1799 1424 memoria
1828 1393 2001 1425 tenendum
2034 1399 2081 1425 cst

1121 1433 1202 1473 quod
1229 1434 1304 1465 alibi
1331 1433 1409 1471 dixi,
1429 1445 1493 1465 000
1514 1440 1639 1466 tantum
1661 1436 1712 1466 hic
1732 1436 1872 1467 cohiberi
1892 1436 2021 1474 iudices,
2041 1448 2081 1468 ne

1121 1477 1310 1516 praecipites
1333 1477 1480 1508 ferantur
1503 1477 1541 1508 ad
1567 1477 1800 1515 damnandnm,
1829 1479 1881 1509 sed
1907 1480 2001 1510 etiam
2025 1480 2080 1511 sti-

1121 1519 1252 1553 mulari,
1283 1530 1323 1550 ne
1354 1530 1405 1551 res
1428 1520 1559 1560 cognitu
1579 1521 1776 1552 necessarias
1801 1521 1930 1561 ignavia
1953 1522 2003 1553 vel
2026 1533 2082 1553 ne—

1121 1562 1278 1602 gligentia
1297 1567 1510 1602 praetereant.
1546 1563 1649 1603 Saepe
1669 1564 1754 1594 enim
1774 1569 1901 1595 cessant
1920 1565 1950 1595 in
1968 1565 2080 1601 officio,

1121 1605 1197 1644 qnia
1230 1605 1369 1636 libenter
1399 1606 1588 1637 connivent:
1621 1611 1717 1646 atque
1743 1607 1785 1637 ita
1814 1608 1974 1638 evanescit
1997 1607 2080 1647 quod

1122 1647 1242 1687 liquido
1278 1652 1401 1687 poterat
1439 1652 1602 1686 constare,
1641 1649 1665 1680 si
1698 1648 1885 1689 diligentius
1918 1650 2080 1690 inquirere

1121 1690 1248 1730 gravati
1286 1701 1348 1721 non
1387 1694 1501 1721 essent.
1554 1691 1626 1721 Non
1661 1692 1729 1723 vult
1748 1692 1845 1731 igitur
1871 1702 1923 1722 cos
1954 1698 2080 1732 torpere

1121 1734 1220 1769 Deus,
1244 1737 1275 1763 01
1305 1733 1452 1764 sinistros
1478 1744 1623 1765 rumores
1646 1744 1703 1774 pro
1734 1734 1834 1765 nihilo
1865 1734 1995 1771 ducere,
2024 1734 2079 1765 scd

1120 1775 1230 1807 sedulo
1258 1775 1297 1806 de
1326 1775 1421 1806 rebus
1441 1776 1559 1807 auditis
1582 1777 1754 1815 sciscitari,
1784 1788 1822 1808 ne
1845 1777 1928 1816 quod
1952 1782 2080 1808 maneat

1120 1818 1315 1858 impunitum
1347 1818 1479 1850 crimen.
1530 1819 1652 1850 Eadem
1681 1825 1729 1850 051
1758 1820 1838 1850 ratio
1868 1821 1899 1850 in
1929 1819 2078 1850 testibus:

1120 1872 1193 1891 nani
1220 1866 1253 1891 ut
1273 1861 1420 1900 iniquum
1441 1866 1523 1893 esset
1540 1873 1579 1893 ex
1603 1872 1678 1894 voce
1703 1867 1757 1893 aut
1780 1862 1882 1893 relatu
1905 1862 1999 1893 unius
2023 1862 2078 1893 ho-

1092 1927 1094 1939 ,
1120 1904 1217 1934 minis
1241 1904 1473 1943 pronunciare,
1503 1905 1548 1935 ita
1572 1905 1597 1935 si
1623 1905 1685 1935 duo
1709 1910 1763 1936 aut
1787 1909 1852 1935 tres
1874 1914 1936 1935 non
1961 1905 2080 1936 suffici-

1120 1950 1192 1983 ant,
1223 1946 1330 1977 nullns
1360 1947 1420 1977 crit
1448 1947 1597 1988 litigandi
1627 1948 1710 1979 finis.
1756 1948 1855 1978 Recte
1883 1958 1959 1988 ergo
1990 1948 2080 1978 Deus

1120 1994 1293 2029 utrumque
1318 1989 1477 2020 iudicibus
1501 1991 1716 2030 praescripsit,
1750 2001 1790 2021 nc
1813 1997 1932 2020 temere
1956 1990 2079 2021 creduli

1119 2032 1192 2067 5101,
1212 2036 1244 2062 01
1266 2036 1373 2062 tamen
1398 2034 1538 2063 contenti
1563 2033 1627 2064 sint
1650 2033 1792 2073 legitimo
1816 2033 1945 2063 testium
1970 2033 2078 2064 modo:

1119 2085 1232 2105 verum
1264 2074 1323 2105 hoc
1354 2074 1428 2105 alibi
1460 2075 1564 2106 fusius
1597 2076 1797 2113 tractabitur,
1822 2086 1936 2115 nempe
1959 2078 2023 2106 tam
2048 2076 2079 2106 in

1090 2132 1092 2144 ‹
1118 2122 1208 2148 sexto
1232 2128 1327 2156 quam
1352 2118 1529 2157 penultimo
1552 2122 1731 2158 praecepto.

1204 2160 1230 2191 7.
1254 2159 1374 2190 Manus
1396 2161 1516 2191 testium
1533 2162 1648 2199 primo.
1684 2161 1757 2191 Non
1777 2161 1831 2191 abs
1857 2171 1889 2190 re
1909 2160 2080 2191 sceleratos

1116 2203 1205 2233 Deus
1228 2202 1365 2234 interfici
1390 2203 1492 2234 voluit
1516 2214 1626 2234 eornm
1651 2213 1746 2233 manu
1778 2213 1912 2243 qnorum
1938 2203 2080 2233 testimo-

1118 2246 1170 2275 nio
1201 2244 1344 2275 damnati
1375 2251 1492 2277 essent.
1543 2246 1740 2277 Carnificum
1770 2256 1847 2276 usus
1877 2256 1940 2276 non
1963 2245 2025 2275 fuit
2048 2246 2080 2276 in

1118 2288 1218 2318 veteri
1250 2288 1380 2327 populo,
1411 2299 1472 2328 quo
1491 2289 1593 2319 maior
1616 2293 1698 2319 essct
1722 2289 1753 2318 in
1779 2288 1946 2329 exigendis
1969 2288 2080 2327 poenis

1090 2330 1246 2370 rreligio,
1284 2330 1456 2366 modestia,
1498 2336 1530 2362 et
1561 2331 1750 2362 reverentia.
1797 2330 1945 2361 'Postibus
1973 2335 2080 2361 antem

1116 2373 1257 2403 maxime
1282 2373 1339 2404 lias
1363 2379 1469 2412 partes
1490 2374 1664 2409 mandavit,
1690 2374 1762 2413 qnia
1786 2373 1960 2403 multorum
1984 2373 2080 2404 nimis

1120 2415 1241 2447 lubrica
1271 2421 1319 2446 est.
1350 2415 1475 2456 lingua,
1507 2428 1546 2448 ne
1576 2417 1679 2447 (licam
1712 2415 1829 2452 futilis,
1861 2420 1896 2446 ut
1926 2415 2080 2446 audacter

1118 2469 1195 2489 voce
1222 2458 1367 2498 iugulare
1392 2470 1454 2489 non
1479 2459 1627 2490 dubitent
1649 2469 1742 2498 quem
1767 2469 1829 2488 non
1854 2458 2008 2489 auderent
2032 2457 2079 2488 di-

1119 2501 1185 2541 gito
1205 2501 1373 2540 attingere.
1409 2502 1577 2541 Optimum
1598 2512 1674 2540 crgo
1695 2501 1769 2531 huic
1790 2501 1910 2532 levitati
1931 2510 2077 2532 coercen-

1090 2544 1176 2574 ‘dae
1215 2543 1392 2574 remedium
1433 2544 1510 2581 fuit,
1551 2555 1614 2575 non
1650 2543 1822 2574 admittere
1857 2543 2076 2574 testimonium

1119 2586 1231 2619 ullius.
1268 2586 1328 2616 nisi
1352 2586 1391 2616 ad
1416 2587 1657 2626 exsequendum
1682 2585 1834 2617 iudicium
1860 2590 1972 2628 parata
1996 2591 2079 2617 esset

1118 2639 1240 2659 manns.
1284 2628 1391 2659 Triste
1420 2629 1547 2669 quidem
1579 2633 1673 2668 atquc
1706 2628 1901 2660 horrendum
1933 2628 2079 2668 supplicii
