2304 3034
179 175 239 206 631

484 265 549 297 EX
574 265 706 296 DEUT.
731 264 861 295 XXIV.

274 354 321 383 16.
356 351 424 383 Xon
459 351 678 389 interficientur
706 352 814 389 patres
839 360 900 388 pro
932 349 1026 388 siliis,
1060 360 1154 390 neque

183 397 244 437 filii
266 394 484 433 interficientur
497 404 558 432 pro
575 392 739 432 patribus.-
762 393 892 432 quisque
910 393 943 423 iu
957 395 1081 432 peccato
1098 403 1154 424 suo

186 440 341 470 morietur.

271 523 334 553 Hic
364 533 489 562 quoque
520 520 660 552 ostendit
690 525 846 560 quantam
877 521 1040 551 humanae
1068 521 1155 552 vitae

185 576 294 597 curam
320 570 423 605 gerat,
450 576 488 595 ne
513 565 693 604 promiscue
715 568 906 604 grassentur
934 563 1064 602 caedes,
1098 564 1153 595 ubi

187 614 275 640 vetat
310 609 390 638 filios
425 607 549 638 involvi
583 618 655 638 cum
691 607 889 646 parentibus.
942 607 1013 637 Lex
1048 611 1155 637 autem

185 651 319 682 minime
332 660 530 690 supervacua
545 650 612 686 fuit,
637 650 712 689 quia
734 660 830 689 saepe
853 649 893 680 ob
917 649 1014 680 unius
1032 649 1155 680 crimen

186 695 219 724 in
245 700 345 724 totam
369 693 509 724 sobolem
534 693 595 723 fuit
618 693 789 723 saevitum.
835 692 924 733 Ergo
947 703 1012 723 non
1036 692 1155 723 frustra

185 748 219 768 se
243 737 376 777 opponit
396 736 488 767 Deus
512 736 551 766 ad
575 736 728 766 innoxios
752 735 978 776 protegendos.
1003 746 1062 766 nec
1084 745 1155 775 per-

186 780 286 810 mittit
310 780 437 819 longius
461 789 598 818 poenam
624 778 744 818 vagari,
770 789 865 818 quam
887 777 942 809 ubi
966 778 1086 809 crimen
1106 789 1155 809 re-

186 823 278 853 sidet.
333 823 372 852 Et
401 828 488 853 certe
519 822 701 852 communis
732 831 846 852 sensus
877 827 1013 852 naturae
1047 820 1156 859 dictat,

185 865 313 896 barbari
337 865 458 895 furoris
482 876 551 895 esse
570 865 602 895 in
624 871 752 903 patrum
773 864 882 894 odium
904 864 987 894 filios
1006 863 1154 895 interfici.

188 908 224 940 Si
249 908 320 948 quis
343 908 471 938 obiiciat
495 907 580 946 quod
604 914 680 938 ante
704 907 863 944 vidimus,
888 907 993 937 Deum
1019 907 1155 937 ultorem

187 962 256 982 esse
279 951 312 981 in
338 956 403 981 tres
427 957 456 981 et
482 956 619 990 quatuor
643 955 779 981 aetates:
803 949 922 980 solutio
946 950 978 980 in
1003 956 1155 990 promptu

187 1000 244 1029 est,
269 1004 341 1024 eum
367 994 426 1024 sibi
450 1004 520 1024 esse
544 993 664 1033 legem,
695 1003 753 1023 nec
783 1003 877 1024 caeco
907 993 1028 1032 impetu
1062 1003 1155 1024 ruere

186 1037 219 1067 in
244 1036 426 1067 exercenda
450 1036 603 1074 vindicta,
627 1042 661 1066 ut
680 1035 823 1067 insontes
840 1035 984 1075 reprobis
1005 1037 1152 1067 commis-

185 1087 271 1111 ceat:
302 1079 358 1110 sed
383 1081 426 1110 ita
450 1080 582 1110 reiicere
614 1079 818 1118 iniquitatem
851 1086 982 1118 patrum
1006 1079 1038 1109 in
1062 1079 1154 1117 filios,

185 1130 220 1153 ut-
254 1133 419 1153 summum
458 1123 598 1163 rigorem
633 1121 756 1161 optima
789 1121 953 1161 aequitate
987 1127 1152 1161 temperet.

186 1165 275 1203 Quin
299 1166 394 1195 etiam
422 1176 484 1196 non
508 1166 552 1195 ita
586 1175 619 1196 se
649 1165 842 1195 necessitate
871 1163 1049 1195 obstrinxit
1078 1164 1154 1204 quin

185 1208 322 1239 liberum
353 1216 453 1245 esset,
489 1208 544 1238 ubi
575 1208 620 1238 ita
654 1207 792 1248 placuit,
824 1218 842 1237 a
874 1207 944 1248 lege
976 1206 1153 1238 discedere:

186 1251 457 1290 quemadmodum
495 1256 593 1281 totam
629 1251 768 1281 sobolem
805 1250 964 1281 Chanaan
1000 1250 1154 1281 radicitus

185 1294 253 1324 tolli
277 1295 379 1327 iussit,
403 1294 477 1334 qnia
497 1305 560 1325 non
581 1293 674 1324 aliter
695 1298 831 1333 purgata
851 1299 935 1324 esset
954 1298 1040 1324 terra
1059 1303 1153 1333 quam

186 1337 441 1376 inquinamentis
465 1337 530 1367 illis
559 1337 799 1367 exterminatis:
833 1341 865 1367 et
897 1347 996 1376 quum
1027 1336 1154 1376 reprobi

185 1387 291 1410 essent
323 1390 451 1417 omnes,
488 1381 571 1411 iusto
606 1379 706 1410 exitio
738 1389 800 1409 non
832 1380 939 1410 minus
971 1379 1030 1409 filii
1059 1389 1153 1418 quam

186 1428 293 1462 patres
313 1423 443 1453 fuerunt
457 1422 619 1453 destinati.
649 1422 720 1452 Imo
734 1422 872 1462 legimus
885 1421 928 1463 (2.
944 1421 1032 1453 Sam.
1047 1422 1096 1459 21.
1111 1421 1153 1463 2),

186 1472 258 1505 post
289 1474 424 1496 mortem
458 1465 583 1503 Saulis,
619 1466 782 1505 expiatum
816 1466 913 1496 fuisse
947 1465 1016 1495 eius
1051 1465 1154 1496 scelus

186 1509 324 1539 filiorum
357 1518 449 1539 nece:
487 1510 546 1540 hoc
571 1516 677 1539 tamen
702 1508 874 1548 privilegio
898 1519 964 1538 non
988 1507 1155 1546 abrogavit.

184 1562 331 1582 summus
355 1552 521 1591 legislator
540 1551 623 1591 quod
644 1551 872 1582 mandaverat:
898 1551 953 1581 sed
974 1550 1154 1581 admirabili

186 1604 243 1624 suo
274 1595 407 1625 consilio
437 1595 543 1625 locum
572 1594 641 1625 dari
673 1594 793 1631 voluit,
824 1605 864 1625 ex
888 1605 950 1634 quo
974 1594 1059 1625 fonte
1081 1603 1155 1634 pro-

186 1637 285 1668 deunt
309 1648 421 1668 omnes
447 1638 544 1677 leges.

511 1809 574 1840 EX
599 1808 732 1840 DEUT.
757 1808 835 1839 XX.

276 1894 324 1925 10.
352 1895 454 1933 Quum
473 1895 638 1925 accesseris
655 1894 697 1924 ad
717 1894 821 1924 urbem
840 1897 874 1924 ui
891 1904 1043 1934 capitque&
1061 1893 1157 1930 illam,

189 1938 338 1968 clamabis
360 1938 400 1967 ud
423 1948 489 1968 eam
515 1948 632 1976 pacem.
682 1937 729 1967 11.
754 1937 796 1967 Et
826 1938 899 1975 erit,
929 1937 957 1968 si
981 1946 1090 1976 pacem
1113 1947 1158 1967 re-

191 1981 347 2019 sponderi(
371 1980 444 2016 tibi,
475 1983 500 2010 et
528 1981 650 2019 aperuit
672 1980 739 2015 tilii,
766 1981 933 2011 universus
949 1980 1087 2019 populus
1105 1980 1159 2018 qui

188 2024 284 2062 fuerit
307 2026 447 2062 repertus
472 2024 502 2053 iu
526 2034 570 2059 ea,
596 2025 684 2053 erunt
703 2022 757 2053 tibi?
777 2023 946 2059 tributarii,
969 2023 1159 2061 servieritque

190 2066 254 2097 tibi.
299 2066 347 2096 12.
376 2066 410 2096 bi
434 2076 502 2097 vero
520 2076 630 2104 pacem
653 2076 712 2097 non
733 2066 839 2105 feccrit
861 2068 965 2103 tecum,
989 2066 1041 2096 sed
1062 2065 1159 2104 faciat

191 2112 284 2140 tecum
313 2109 488 2147 praelium,
524 2108 735 2147 obscum-isque
764 2120 848 2139 eam:
895 2109 942 2139 13.
973 2108 1015 2138 Ei
1044 2108 1159 2138 dederit

191 2162 256 2182 eam
283 2152 395 2182 [eliaca
419 2152 506 2182 Deus
529 2154 602 2182 tuus
623 2152 657 2182 in
688 2162 782 2182 manu
812 2154 881 2182 tua:
911 2155 982 2182 time
1006 2151 1158 2189 percuties

192 2205 309 2225 omnem
332 2195 503 2225 masculum
526 2195 593 2225 eius
614 2195 679 2225 acie
699 2194 809 2234 yladzti.
858 2195 905 2225 14.
934 2195 1067 2225 Tantum
1089 2204 1156 2224 mu-

192 2238 289 2273 lieres,
314 2241 340 2267 ei
359 2238 516 2276 parvidus,
537 2240 562 2268 et
586 2238 756 2273 animalia,
782 2241 808 2268 et
831 2237 984 2276 quidquid
1006 2236 1102 2275 licerit
1125 2237 1157 2266 in

192 2282 278 2315 urbe,
304 2282 406 2311 omniu
430 2281 531 2319 spolia
556 2281 623 2311 eius
641 2281 846 2319 praedaberis
867 2281 940 2310 tibi.-
969 2279 1157 2317 comedesque

191 2324 293 2361 spolia
326 2324 520 2354 inimicarum
548 2326 685 2360 tuarum,
721 2334 795 2362 quas
822 2323 940 2353 dederit
968 2322 1022 2352 tibi·
1046 2321 1157 2352 Ieliova

191 2366 279 2397 Deus
298 2369 378 2397 [uus.
416 2367 463 2397 15.
492 2366 543 2397 Sic
560 2366 658 2405 jacies
677 2366 818 2396 omuibus
837 2365 966 2396 urbibus
984 2364 1158 2403 lonqinquis

192 2418 211 2438 α
230 2412 254 2439 le
274 2410 369 2446 ralde,
394 2420 473 2448 quae
491 2420 550 2439 reon
569 2412 640 2439 sunt
658 2410 695 2439 de
714 2409 839 2439 urbibus
855 2409 992 2447 flentium
1014 2408 1155 2437 istarum.

198 2452 242 2481 16.
272 2452 402 2482 Tantum
432 2453 468 2482 de
498 2452 625 2482 urbibus
650 2452 837 2491 populorum
860 2452 988 2481 istorum
1011 2460 1086 2489 quos
1110 2449 1156 2479 Ic-

191 2494 267 2525 lroca
289 2495 374 2525 limis
397 2498 468 2525 inus
489 2496 540 2525 dai
565 2495 618 2525 tihi
641 2496 675 2525 iii
693 2495 917 2531 lzaereditalem,
939 2504 998 2523 mm
1021 2493 1156 2530 vivifica-

193 2536 238 2566 bis
271 2538 365 2567 ullam
395 2539 548 2568 unimam:
600 2538 647 2568 17.
687 2538 745 2567 Sed
775 2537 928 2576 perdendo
958 2536 1070 2574 perans
1099 2545 1155 2572 eos,

196 2579 388 2611 Jlfmuuzmi.
413 2581 651 2615 Amorrliuaum,
679 2580 897 2611 (Jliauauarmii
916 2581 941 2609 eb
969 2578 1155 2615 Perisaeum,

197 2622 354 2654 Ilii-acum.
380 2626 406 2653 et
434 2623 628 2653 lidius-aeuni:
651 2622 908 2661 quemadmodum
926 2621 1080 2660 praecepit
1103 2620 1157 2650 tibi

918 168 1107 202 SEXTUM
1132 169 1454 203 PRAEGEPTUM.

2113 172 2176 204 632

1210 264 1321 295 Ieliova
1345 264 1434 296 Deus
1456 267 1536 296 tuus.
1584 265 1632 296 18.
1660 264 1708 296 Ne
1729 265 1854 295 doceant
1876 274 1930 296 vos
1951 265 2051 304 facere
2073 275 2177 298 secun-

1207 307 1282 338 dum
1305 307 1546 339 abominationes
1574 317 1652 338 suas
1680 317 1760 346 quas
1790 306 1914 346 faciunt
1935 308 1999 338 diis
2031 309 2116 340 suis.-
2148 311 2176 340 et

1201 351 1332 389 peccetis
1355 351 1388 381 iri
1412 350 1556 382 Ieliovam
1580 350 1682 381 Deum
1704 352 1846 381 vestrum.

1296 436 1343 467 10.
1371 436 1472 476 Quum
1491 436 1654 467 accesseris
1673 435 1716 466 ad
1734 435 1837 466 urbem
1855 437 1889 466 ut
1907 445 2070 475 expuynes.
2104 436 2175 468 Iam

1208 478 1242 509 in
1256 479 1409 519 legitimis
1428 489 1553 519 quoque
1573 478 1665 509 bellis
1684 478 1777 508 docet
1796 489 1865 509 esse
1884 477 2013 509 obviam
2033 480 2175 510 eundum

1208 522 1378 559 saevitiae,
1411 527 1442 552 et
1473 532 1492 552 a
1519 521 1671 552 caedibus
1706 521 1935 552 abstinendum
1971 521 2075 561 quoad
2106 522 2176 553 fieri

1209 564 1335 604 poterit.
1382 564 1479 595 Iubet
1502 574 1587 604 ergo,
1611 574 1708 603 quum
1732 563 1771 594 ad
1788 564 2039 604 oppugnandam
2062 564 2176 596 urbem

1210 607 1367 643 venerint,
1387 613 1462 638 ante
1479 607 1587 638 omnia
1608 607 1730 637 hortari
1750 607 1838 637 cives
1857 613 1891 637 ut
1911 606 2072 638 deditione
2091 607 2176 639 facta

1209 661 1318 690 paceni
1344 650 1519 680 redimant:
1550 649 1635 689 quod
1660 649 1687 679 si
1710 649 1832 680 factum
1856 649 1969 686 fuerit,
1999 649 2176 681 incolumes

1209 703 1356 731 servare,
1387 698 1417 723 et
1440 692 1592 732 imposito
1623 691 1745 723 tributo
1768 702 1838 723 esse
1861 697 2038 724 contentos.
2083 692 2175 725 Haec

1209 737 1355 776 aequitas
1389 735 1582 766 naturaliter
1616 734 1718 765 indita
1752 735 1813 765 suit
1846 736 1972 767 cunctis
2008 735 2173 776 gentibus:

1208 779 1283 810 inde
1314 779 1413 810 creati
1444 778 1588 815 feciales,
1620 788 1679 809 nec
1710 778 1829 808 iustum
1860 778 1978 809 bellum
2010 778 2175 810 duxerunt

1208 821 1328 861 absque
1362 822 1486 852 solenni
1514 820 1699 852 indictione.
1746 820 1896 860 Denique
1925 831 2024 861 quum
2054 832 2175 853 nomen

1208 864 1311 895 hostis
1345 865 1421 895 olim
1456 864 1654 904 significaret
1683 864 1910 903 peregrinum,
1944 864 2015 895 eius
2040 864 2174 896 lenitate

1209 907 1375 939 tristitiam
1419 907 1464 937 rei
1504 907 1696 946 mitigarunt
1730 906 1880 938 Romani.
1937 906 2009 937 Hac
2049 907 2174 939 ratione

1208 954 1406 981 censuerunt
1436 949 1521 980 hosti
1551 960 1678 989 quoque
1710 949 1937 989 praestandam
1969 960 2038 981 esse
2066 950 2173 982 fidem.

1208 993 1256 1024 Ac
1280 1004 1343 1024 vox
1368 993 1422 1023 illa
1436 993 1602 1024 Ciceronis
1625 991 1721 1022 laude
1741 991 1854 1032 digna:
1878 992 1952 1023 Non
1972 993 2176 1033 suscipienda

1208 1046 1277 1067 esse
1312 1035 1410 1083 bella,
1444 1035 1507 1066 nisi
1542 1041 1577 1065 ut
1612 1035 1682 1066 sine
1712 1035 1832 1066 iniuria
1862 1034 1895 1066 in
1924 1046 2003 1084 pace
2032 1037 2174 1068 vivatur.

1208 1078 1301 1117 Quod
1321 1079 1347 1109 si
1368 1078 1483 1109 Deus
1476 1089 1508 1108 1n
1528 1077 1634 1108 medio
1657 1088 1821 1108 armorum
1845 1079 1983 1118 strepitu
2005 1079 2078 1110 vult
2101 1089 2175 1110 suos

1206 1122 1419 1152 humanitatis
1443 1132 1512 1152 esse
1536 1131 1712 1157 memores,
1744 1121 1820 1151 hinc
1849 1121 2012 1160 colligitur
2038 1127 2175 1161 quanto-

1207 1175 1282 1205 pere
1305 1164 1333 1195 ei
1358 1163 1550 1204 displiceant
1574 1163 1757 1195 homicidia.
1804 1163 1894 1202 Quos
1918 1164 2093 1195 autoritate
2115 1175 2175 1196 sua

1207 1208 1354 1243 armavit,
1380 1207 1447 1237 vult
1471 1213 1578 1237 tamen
1603 1205 1643 1237 ad
1667 1206 1872 1238 clementiam
1897 1217 1966 1238 esse
1987 1217 2174 1248 propensos,

1208 1260 1384 1290 eorumque
1403 1251 1557 1290 impetum
1578 1249 1713 1288 cohibet,
1734 1260 1775 1280 ne
1794 1249 1917 1289 gladios
1936 1260 1994 1280 sno
2012 1250 2174 1290 permissu

1208 1293 1301 1323 datos
1324 1293 1482 1333 sanguine
1513 1292 1671 1323 imbuant.
1717 1291 1887 1341 Quomodo
1917 1292 2019 1332 igitur
2047 1293 2174 1324 homini

1208 1337 1334 1375 privato
1358 1336 1467 1367 licebit
1489 1335 1632 1376 gladium
1662 1335 1805 1374 arripere
1836 1335 1869 1365 in
1898 1335 2009 1367 fratris
2039 1335 2172 1367 necem?

1208 1379 1303 1410 Nunc
1327 1384 1474 1409 tenemus
1498 1379 1595 1408 finem
1620 1377 1716 1409 huius
1736 1377 1910 1416 doctrinae,
1934 1382 1967 1409 et
1985 1389 2081 1418 quam
2100 1383 2174 1419 apte

1207 1422 1247 1453 ad
1270 1428 1397 1453 sextum
1420 1426 1626 1461 praeceptum
1650 1420 1795 1461 quadret.

1295 1465 1343 1495 12.
1378 1464 1414 1495 Si
1441 1474 1510 1495 vero
1538 1474 1648 1502 pacem
1678 1474 1736 1494 που
1764 1464 1878 1503 fecerit.
1924 1463 2064 1495 Videtur
2095 1465 2174 1496 haec

1209 1508 1305 1539 nimis
1319 1508 1485 1538 licentiosa
1498 1507 1671 1538 concessio.
1707 1507 1792 1537 Nam
1812 1517 1909 1546 quum
1930 1507 2056 1547 profani
2074 1508 2174 1548 scrip-

1209 1556 1293 1581 tores
1326 1550 1419 1581 victis
1448 1561 1574 1590 quoque
1601 1549 1769 1580 consulere
1798 1549 1947 1587 iubeant,
1977 1555 2009 1581 et
2039 1561 2092 1582 eos
2120 1551 2175 1591 qui

1208 1594 1308 1624 armis
1332 1594 1444 1634 positis
1467 1593 1506 1623 ad
1530 1593 1735 1632 imperatoris
1758 1591 1854 1623 fidem
1872 1592 2073 1633 confugiunt,
2098 1594 2176 1624 reci-

1209 1636 1342 1676 piendos
1373 1646 1443 1667 esse
1472 1636 1622 1672 doceant,
1655 1635 1804 1675 quamvis
1834 1646 1963 1666 murum
1995 1636 2079 1668 aries
2102 1647 2174 1676 per-

1208 1679 1359 1710 cusserit:
1394 1679 1552 1718 quomodo
1571 1678 1662 1709 Dens
1681 1678 1974 1709 misericordiarum
1994 1684 2085 1718 pater
2100 1689 2174 1719 pro-

1210 1723 1340 1753 miscuis
1360 1722 1510 1753 caedibus
1529 1721 1701 1762 indulget?
1728 1721 1851 1752 Verum
1871 1722 1935 1752 iam
1954 1726 2030 1752 ante
2053 1722 2174 1753 dictum

1209 1765 1269 1796 snit
1290 1764 1359 1804 plus
1372 1764 1500 1795 Iudaeis
1518 1775 1576 1804 pro
1599 1763 1704 1796 cordis
1728 1764 1844 1795 duritie
1867 1764 1964 1796 fuisse
1987 1774 2173 1796 concessum

1209 1818 1304 1847 qnam
1328 1809 1397 1838 iure
1420 1808 1498 1847 ipsis
1526 1807 1646 1838 liceret.
1693 1807 1789 1838 Certe
1817 1817 1874 1847 pro
1897 1807 2039 1838 caritatis
2062 1807 2181 1849 regula

1209 1851 1304 1881 etiam
1330 1852 1462 1881 armatis
1485 1850 1669 1881 hominibus
1692 1849 1890 1890 parcendum
1914 1850 1982 1888 fuit,
2007 1851 2033 1881 si
2050 1851 2173 1883 abiecto

1209 1893 1316 1933 gladio
1336 1894 1462 1924 veniam
1482 1898 1641 1932 peterent:
1666 1893 1781 1924 saltem
1801 1903 1865 1923 non
1889 1892 1968 1924 alios
1992 1894 2175 1925 interficere

1210 1936 1300 1966 licuit
1333 1947 1427 1976 quam
1463 1937 1515 1976 qui
1550 1935 1744 1976 deprehensi
1776 1940 1884 1966 essent
1914 1946 1986 1967 cum
2015 1937 2114 1967 armis
2145 1942 2176 1967 et

1210 1979 1325 2019 gladio.
1372 1980 1460 2019 Ergo
1489 1979 1584 2018 longe
1611 1990 1628 2009 a
1652 1979 1849 2018 perfectione
1879 1978 1976 2010 distat
2007 1979 2174 2011 occidendi

1210 2022 1378 2061 permissio
1397 2032 1479 2061 quae
1499 2021 1537 2052 ad
1557 2032 1670 2052 omnes
1689 2032 1795 2053 mares
1819 2021 2013 2052 extenditur.
2048 2022 2172 2053 Verum

1210 2065 1283 2104 quia
1307 2065 1360 2094 vix
1386 2075 1443 2103 pro
1467 2075 1525 2094 sua
1554 2065 1673 2095 ferocia
1703 2064 1789 2104 paesi
1819 2065 1953 2095 fuissent
1975 2064 2087 2095 Iudaei
2111 2065 2174 2096 sibi

1210 2107 1385 2147 praescribi
1409 2107 1492 2147 quod
1517 2108 1747 2147 aequissimum
1771 2112 1855 2144 erat,
1884 2106 1999 2137 saltem
2022 2106 2172 2138 fraenare

1209 2160 1319 2180 eorum
1333 2150 1617 2190 intemperantiam
1636 2150 1741 2180 voluit
1754 2149 1852 2186 Deus,
1873 2160 1913 2180 ne
1932 2148 1971 2180 ad
1991 2155 2173 2181 extremum

1209 2193 1407 2224 crudelitatis
1449 2193 1689 2224 descenderent.
1746 2193 1866 2232 Agitur
1903 2192 1941 2223 de
1974 2192 2107 2224 urbibus
2140 2193 2173 2225 vi

1209 2236 1317 2275 captis,
1345 2236 1397 2265 ubi
1422 2236 1585 2266 interdum
1608 2236 1768 2276 contingit
1791 2235 1917 2266 nullum
1941 2234 2051 2266 haberi
2075 2246 2174 2267 sexus

1211 2278 1260 2308 vel
1285 2280 1398 2308 aetatis
1422 2279 1610 2309 discrimen:
1636 2279 1714 2309 haec
1738 2277 1924 2309 immanitas
1948 2279 2173 2318 compescitur,

1209 2331 1249 2351 ne
1272 2321 1421 2351 mulieres
1446 2321 1497 2351 vel
1522 2331 1640 2361 pueros
1665 2321 1836 2352 trucident.

1295 2363 1342 2394 15.
1369 2364 1422 2394 Sic
1442 2364 1539 2402 facies
1562 2364 1709 2395 omnibus.
1756 2363 1917 2394 Inseritur
1940 2364 2103 2404 exceptio,
2135 2375 2174 2395 ne

1208 2406 1370 2437 communi
1402 2406 1473 2436 belli
1507 2407 1578 2437 iure
1609 2412 1744 2437 utantur
1775 2407 1888 2437 Iudaei
1921 2412 2032 2438 contra,
2061 2413 2174 2447 gentes

1208 2449 1365 2479 (Ilianaan
1398 2448 1436 2479 do
1464 2450 1580 2488 quibus
1610 2449 1776 2480 abolendis
1808 2450 1872 2480 lata
1898 2455 1968 2480 crat
2002 2449 2173 2481 sententia.

1209 2492 1319 2531 Neque
1351 2493 1435 2521 enim
1466 2493 1504 2522 ad
1536 2492 1653 2523 bellum
1685 2492 1778 2523 modo
1801 2503 1873 2523 cum
1896 2493 1974 2531 ipsis
1997 2492 2174 2533 gerendum

1207 2535 1345 2564 armavit
1366 2534 1452 2564 Deus
1470 2534 1616 2571 Iudaeos,
1636 2534 1691 2565 sed
1710 2535 1875 2566 ministros
1894 2540 1926 2565 et
1945 2540 2175 2575 exsequutores

1208 2588 1283 2607 suae
1308 2576 1465 2607 vindictae
1496 2578 1670 2608 constituit.
1718 2578 1804 2609 Alibi
1834 2583 1940 2609 autem
1966 2578 2175 2617 exposuimus

1210 2621 1310 2650 instas
1334 2620 1430 2649 fuisse
1453 2630 1566 2651 causas
1589 2631 1646 2652 cur
1670 2620 1822 2652 radicitus
1846 2620 1940 2652 evelli
1967 2624 2068 2652 totum
2094 2620 2175 2652 illud
