2304 3034
202 177 244 207 35
787 173 1156 206 COMMENTARIUS
1183 173 1225 205 IN
1253 173 1399 205 EXODI
1423 173 1522 204 CAP.
1547 173 1609 204 III.
2145 172 2186 203 36

204 275 351 302 sanctum
384 270 508 302 virum,
535 275 571 298 ut
601 271 667 297 tam
698 266 799 297 arduo
828 268 954 297 muneri
989 267 1167 299 sufficeret:

203 313 259 344 sed
280 323 342 343 non
362 311 506 342 cessabat
519 310 651 340 interior
663 309 718 340 illa
734 308 939 348 disceptatio:
959 310 1026 340 Cur
1045 310 1168 341 tamdiu

203 355 309 386 differt
333 365 367 385 ac
386 353 553 393 suspendit
567 352 656 382 Deus
675 351 757 392 quod
782 351 906 391 pridem
930 352 1065 383 statuit?
1092 353 1169 383 Fuit

202 399 301 439 igitur
332 407 423 428 rarae
456 396 600 431 virtutis,
631 395 689 425 hos
719 395 896 425 contrarios
924 404 1091 432 occursus,
1114 398 1168 435 qui

202 440 339 472 subinde
363 449 478 469 novam
503 438 682 468 molestiam
706 436 914 477 ingerebant,
939 448 1106 477 superare:
1137 443 1169 469 et

202 484 325 514 interea
350 493 411 512 non
437 481 538 511 solum
563 480 711 511 victitare
735 480 891 515 tenuiter,
916 486 947 510 et
967 480 1111 511 habitare
1134 481 1168 511 in

202 526 332 565 tugurio
353 525 401 555 vel
422 524 531 561 caulis,
550 523 605 554 sed
626 533 681 562 per
701 522 769 553 loca-
788 527 875 553 tesca
894 528 926 552 et
944 533 1056 562 aspera
1075 533 1168 563 saepe

203 579 325 603 errare,
354 577 452 607 quum
476 577 493 596 a
517 566 653 606 pueritia
682 575 782 604 usque
805 564 845 595 ad
876 565 1001 596 virilem
1030 570 1167 597 aetatem

203 611 339 642 lautitiis
374 609 587 640 assuevisset:
629 608 721 639 sicuti
759 618 844 638 nunc
886 608 1000 645 refert,
1042 608 1168 639 deserto

203 658 373 694 peragrato
404 664 436 683 se
471 662 603 691 gregem
632 650 779 682 ductasse
809 650 849 681 ad
878 655 1020 681 montem
1048 650 1167 687 Horeb,

203 696 287 736 quod
321 701 406 727 certe
441 695 510 725 fieri
545 705 607 725 non
642 693 747 733 potuit
780 693 858 732 quin
893 693 983 724 humi
1021 693 1167 724 cubando

204 739 345 780 algeret,
379 739 457 778 quin
492 737 624 768 sudaret
656 735 806 767 interdiu.
859 736 960 767 Porro
995 736 1166 776 appellatio

205 782 324 813 montis
350 782 410 812 Dei
434 779 505 810 κατὰ
528 780 679 820 πρόληψιν
705 779 738 809 10
770 783 934 818 posterum
966 783 1094 818 tempus
1117 789 1167 809 rc-

203 825 320 855 fertur:
346 834 460 863 nempe
485 822 562 853 dum
585 823 651 852 11110
675 821 879 862 promulgata
902 821 954 852 lex
978 821 1058 857 fuit,
1089 832 1169 861 quae

204 868 308 898 locum
340 867 431 897 illum
463 866 672 897 consecravit.
719 865 807 895 Satis
838 868 952 894 notum
981 870 1028 894 est
1057 864 1168 895 Horeb

203 910 340 941 eundem
365 919 434 939 esse
458 914 600 938 montem
624 907 678 947 qui
702 906 794 938 Sinai
826 906 957 937 dicitur:
992 906 1054 937 nisi
1085 907 1167 947 quod

205 963 320 984 nomen
351 953 383 982 in
413 951 551 982 diversis
580 956 612 982 et
641 950 794 990 oppositis
823 949 977 980 lateribus
1008 954 1167 981 mutatur:

204 996 278 1035 quia
311 995 440 1035 proprie
473 995 506 1024 111
541 994 603 1025 situ
637 993 785 1024 orientali
820 992 938 1024 dicitur
961 992 1071 1028 Sinai,
1105 1003 1168 1032 qua

202 1043 311 1070 autem
346 1043 436 1077 parte
472 1037 577 1077 vergit
611 1036 651 1066 ad
685 1045 847 1067 occasum:
884 1034 1004 1066 Horeb.
1057 1034 1166 1073 Quum

201 1092 278 1121 ergo
311 1080 377 1111 11110
401 1080 588 1120 apparuerit
610 1079 707 1117 Deus,
743 1083 788 1109 tot
822 1078 988 1118 praeclara
1021 1078 1167 1109 coelestis

202 1134 279 1155 suae
302 1124 424 1164 gloriae
447 1123 540 1163 signa
563 1121 697 1156 dederit,
721 1132 821 1161 quum
845 1120 956 1151 foedus
975 1120 1170 1160 percusserit

201 1177 271 1198 eum
292 1167 417 1206 populo,
437 1165 583 1206 regulam
603 1164 764 1205 perfectae
783 1163 963 1194 sanctitatis
981 1162 1167 1203 prodiderit,

201 1210 375 1249 singularis
399 1209 544 1248 quaesita
568 1208 628 1238 fuit
651 1207 717 1238 loco
740 1206 889 1247 dignitas.

286 1252 314 1283 2.
340 1252 381 1282 Ec
404 1252 491 1282 visus
513 1253 555 1281 est
577 1251 604 1282 ei
627 1250 763 1290 anyelus.
808 1249 867 1280 Vel
894 1249 1060 1289 apparuit:
1084 1247 1167 1288 quod

200 1295 286 1326 idem
316 1295 410 1325 valet.
457 1294 627 1325 Visibilem
659 1303 754 1332 porro
785 1292 920 1322 formam
951 1291 1084 1322 induere
1111 1301 1166 1321 ne-

201 1348 289 1369 cesse
312 1337 382 1372 fuit,
406 1343 443 1367 ut
466 1337 708 1376 conspiceretur
731 1346 749 1366 a
768 1335 860 1366 Mose
884 1345 948 1365 non
972 1333 1076 1374 qualis
1098 1338 1168 1365 erat

201 1382 234 1411 in
270 1381 425 1417 essentia,
460 1379 515 1410 sed
551 1379 678 1419 qualem
706 1388 820 1418 capere
851 1382 976 1417 poterat
1006 1377 1168 1407 humanae

202 1423 320 1454 mentis
344 1423 524 1453 infirmitas.
572 1421 626 1453 Sic
650 1422 735 1452 enim
760 1420 936 1451 tenendum
959 1425 1021 1457 est,
1045 1420 1168 1459 quoties

203 1466 352 1506 apparuit
384 1465 472 1496 Deus
507 1465 581 1496 olim
616 1464 735 1495 sanctis
770 1463 930 1503 patribus,
966 1462 1168 1494 descendisse

203 1508 439 1549 quodammodo
452 1519 492 1539 ex
512 1519 569 1538 sua
588 1507 768 1543 altitudine,
783 1513 818 1537 ut
838 1506 901 1537 illis
920 1517 953 1537 se
974 1506 1168 1545 patefaceret

203 1557 362 1592 quatenus
386 1552 463 1582 utile
486 1555 565 1587 erat,
589 1556 620 1580 et
643 1550 767 1581 ferebat
787 1560 897 1580 eorum
921 1554 1043 1588 captus.
1077 1547 1167 1578 Idem

203 1605 234 1625 01
258 1595 296 1625 de
320 1594 442 1634 angelis
467 1593 647 1630 dicendum,
671 1593 727 1632 qui
750 1593 809 1623 etsi
832 1598 909 1623 sunt
932 1591 1065 1631 spiritus
1084 1591 1167 1621 invi-

203 1637 321 1674 sibiles,
342 1637 397 1667 ubi
417 1637 486 1668 Deo
506 1637 611 1667 visum
634 1636 704 1674 fuit,
727 1635 839 1667 faciem
864 1635 1003 1674 aliquam
1027 1644 1169 1673 sumpse-

204 1687 282 1711 runt
305 1680 339 1710 in
363 1691 426 1719 qua
449 1684 711 1720 agnoscerentur.
746 1677 930 1709 Videndum
952 1683 1059 1708 tamen
1083 1677 1169 1716 quis-

204 1733 278 1754 nam
303 1723 399 1753 fuerit
423 1722 474 1754 hic
497 1722 651 1761 angelus,
674 1722 747 1761 quia
770 1721 865 1760 paulo
889 1726 959 1760 post
990 1731 1053 1751 non
1076 1719 1170 1750 modo

204 1777 237 1797 se
270 1765 426 1797 Iehovam
462 1766 622 1802 nominat,
656 1764 710 1795 sed
749 1764 885 1803 gloriam
920 1763 980 1794 sibi
1021 1762 1171 1793 vendicat

204 1816 355 1839 aeternae
379 1814 410 1838 et
434 1809 547 1839 unicae
572 1807 762 1838 divinitatis.
810 1807 881 1837 Etsi
905 1812 1015 1837 autem
1039 1815 1171 1836 excusa-

205 1852 277 1882 bilis
300 1857 348 1882 est
371 1851 427 1882 illa
450 1851 599 1890 loquendi
623 1851 713 1887 ratio,
738 1849 821 1889 quod
844 1849 950 1888 angeli
973 1848 1173 1879 transferant

204 1896 236 1925 111
262 1904 296 1925 50
320 1894 382 1925 1)οἰ
411 1904 600 1934 personam,
630 1898 790 1932 quatenus
820 1892 940 1923 obeunt
969 1896 1079 1931 partes
1111 1890 1172 1922 sibi

206 1938 245 1969 ab
265 1937 334 1977 ipso
353 1938 531 1968 iniunctae:
552 1936 628 1976 quia
647 1941 755 1966 tamen
776 1940 887 1966 notum
907 1939 1006 1965 estex
1025 1933 1172 1974 pluribus

207 1980 300 2011 locis:
336 1979 526 2019 praesertim
562 1990 602 2009 ex
624 1979 729 2019 primo
752 1977 928 2009 Zachariae
961 1978 1064 2018 capite
1087 1977 1172 2007 inter

207 2023 338 2063 angeles
361 2022 459 2053 statui
482 2032 584 2052 unum
615 2021 793 2061 principem
818 2026 849 2052 et
872 2025 982 2060 caput,
1017 2020 1071 2060 qni
1101 2018 1172 2050 aliis

206 2066 357 2105 imperat:
384 2071 468 2096 reete
492 2069 665 2095 senserunt
688 2070 814 2095 veteres
838 2063 990 2094 ecelesiae
1016 2063 1171 2098 doctores,

207 2115 375 2139 aeternum
395 2108 455 2139 Dei
480 2108 582 2138 filium
609 2107 653 2137 ita
684 2107 808 2143 vocari,
839 2113 987 2147 respectu
1018 2115 1173 2146 personae

207 2151 402 2187 mediatoris,
427 2161 523 2190 quam
547 2151 620 2180 lieet
644 2160 720 2181 vere
744 2149 873 2180 demum
893 2160 957 2180 una
980 2159 1053 2180 cum
1076 2157 1172 2179 carne

207 2194 401 2233 susceperit,
437 2194 574 2233 figuram
604 2199 712 2223 tamen
742 2192 881 2233 gestavit
910 2192 949 2223 ab
978 2192 1078 2222 initio.
1130 2190 1172 2220 Et

208 2237 330 2267 Paulus
353 2236 450 2267 huius
474 2236 622 2277 mysterii
645 2235 735 2266 nobis
764 2234 899 2265 idoneus
928 2240 977 2265 est
1005 2235 1173 2274 interpres,

208 2282 262 2319 qui
293 2280 397 2319 palam
428 2279 541 2310 asserit
573 2278 615 2319 (1.
640 2279 713 2309 Cor.
746 2278 794 2315 10,
818 2278 851 2318 4)
876 2277 1044 2309 Christum
1074 2276 1174 2307 fuisse

210 2323 321 2353 ducem
353 2322 461 2362 populi
493 2323 525 2352 10
561 2322 696 2352 deserte.
747 2320 942 2360 Quanquam
977 2330 1053 2360 ergo
1088 2324 1174 2355 tnnc,

210 2366 337 2405 proprie
379 2364 552 2404 loquendo,
596 2364 738 2394 nondum
780 2364 918 2394 nuncius
957 2364 1058 2402 patris
1097 2366 1174 2399 erat,

211 2408 462 2447 praedestinatio
504 2413 613 2438 tamen
655 2407 694 2437 ad
735 2407 875 2437 officium
916 2406 979 2436 iam
1021 2410 1098 2436 tunc
1132 2405 1176 2435 ita

212 2451 348 2490 vigebat,
369 2452 390 2491 ¹)
410 2456 446 2480 ut
466 2451 612 2491 patribus
631 2449 690 2480 sub
708 2449 768 2479 hoc
789 2449 899 2479 habitu
920 2447 1174 2488 cognoscendum

210 2504 244 2523 se
268 2493 461 2524 exhibuerit.
509 2493 575 2523 Nec
599 2503 676 2523 sane
705 2492 767 2522 alia
798 2502 939 2531 unquam
972 2491 1092 2522 sanctis
1118 2490 1177 2520 fuit

211 2536 458 2567 communicatio
481 2547 555 2566 eum
579 2536 648 2566 Deo
672 2546 766 2575 quam
791 2545 848 2574 per
873 2533 1081 2565 mediatorem
1105 2543 1177 2572 pro-

281 2629 309 2659 1)
330 2629 459 2662 Princeps
478 2630 558 2654 male:
577 2629 697 2661 urgebat.

1223 268 1367 298 missum.
1402 267 1515 307 Itaque
1538 266 1618 296 nihil
1638 266 1757 296 mirum
1777 265 1804 296 si
1827 269 1978 296 aeternus
1991 265 2052 296 Dei
2070 276 2186 303 sermo,

1222 311 1319 341 unius
1342 320 1414 341 cum
1439 316 1529 350 patre
1554 308 1682 340 deitatis
1702 313 1732 338 et
1751 308 1920 341 essentiae.
1945 318 2060 339 nomen
2081 308 2188 349 angeli

1222 359 1388 384 mutuatus
1401 353 1442 384 sit
1456 353 1584 383 futurae
1605 351 1775 391 legationis
1795 355 1953 389 respectu.
1984 350 2035 381 De
2054 351 2186 389 visione,

1221 407 1338 436 magua
1363 401 1411 426 051
1433 396 1621 435 opinionum
1647 394 1794 424 varietas
1830 393 1936 423 Nimis
1955 393 2089 423 violenti
2111 398 2187 425 sunt

1221 438 1440 478 allegoristae,
1476 438 1529 478 qui
1564 448 1603 468 ex
1638 437 1718 467 rubo
1754 436 1876 467 faciunt
1908 445 2024 475 corpus
2053 435 2185 474 Christi,

1221 482 1304 521 quod
1328 481 1473 513 eoelestis
1497 480 1648 511 maiestas
1667 489 1732 510 non
1755 479 1972 518 consumpsit,
2004 488 2103 518 quum
2126 479 2185 510 sibi

1221 524 1319 564 elegit
1341 534 1399 564 pro
1422 523 1589 554 domicilio.
1626 522 1745 557 Coacte
1761 521 1858 552 etiam
1882 521 1936 552 alii
1956 521 2015 551 hoc
2038 525 2186 561 torquent

1221 567 1258 597 ad
1279 567 1492 606 praefractum
1513 566 1618 607 gent-is
1638 564 1816 605 ingenium,
1829 563 1913 604 quod
1926 563 2048 594 similes
2067 564 2186 595 fuerint

1221 609 1388 640 Israelitae
1422 610 1536 649 spinis,
1571 619 1652 648 quae
1682 607 1752 648 igni
1783 617 1846 637 non
1880 607 2008 638 cedunt.
2060 606 2186 638 Verum

1220 653 1274 683 ubi
1306 662 1480 692 germanus
1514 661 1628 683 5005115
1662 651 1695 680 10
1729 650 1872 681 medium
1902 649 2044 689 prolatus
2078 649 2185 686 fuerit,

1221 694 1342 725 alienos
1366 695 1510 726 refellere
1534 705 1599 725 non
1623 694 1683 724 erit
1706 693 1932 724 necessarium.
1978 692 2187 724 Conveniunt

1221 742 1327 768 autem
1350 738 1470 777 optime
1494 737 1572 768 haec
1597 737 1677 767 visio
1701 740 1733 766 et
1752 735 1853 766 altera
1872 736 1960 775 prior
1978 746 2059 775 quae
2079 735 2186 766 oblata

1220 779 1325 810 fuerat
1339 780 1489 811 Abrahae
1512 779 1609 821 (Gen.
1638 779 1686 815 15,
1712 778 1774 820 17).
1811 778 1903 808 Vidit
1926 777 1980 808 ille
2003 778 2182 818 lampadem

1220 822 1397 863 fulgentem
1439 824 1471 853 in
1507 822 1610 853 medio
1651 822 1789 852 fornacis
1829 821 2033 861 caliginosae.
2089 821 2185 852 Ratio

1221 865 1425 905 exprimitur,
1450 865 1534 905 quod
1558 865 1648 896 Deus
1675 865 1827 904 populum
1859 874 1952 894 suum
1982 864 2015 894 in
2044 862 2186 895 tenebris

1221 909 1384 948 exstingui
1419 918 1482 939 non
1516 908 1610 939 sinet.
1666 907 1791 938 Eadem
1826 906 1977 947 analogia
2011 906 2186 946 respondet

1220 951 1298 982 rubo
1321 961 1412 982 suam
1432 951 1652 991 integritatem
1679 950 1830 980 retinenti
1854 950 1887 980 in
1915 949 2020 980 media
2044 950 2184 980 flamma.

1220 993 1306 1024 Rubi
1335 994 1456 1033 speeies
1487 999 1556 1024 erat
1586 994 1618 1023 111
1651 993 1764 1023 humili
1789 998 1819 1022 et
1849 997 2034 1032 contempto
2057 992 2184 1032 populo.

1219 1035 1294 1076 Igni
1318 1047 1382 1066 nen
1412 1036 1566 1067 absimilis
1597 1040 1666 1066 erat
1697 1035 1866 1075 tyrannica
1896 1035 2076 1074 oppressio,
2105 1045 2186 1075 quae

1219 1079 1496 1118 consumptionem
1533 1089 1640 1109 secum
1682 1078 1849 1113 traxisset,
1891 1078 1951 1108 nisi
1992 1078 2186 1109 mirabiliter

1219 1121 1395 1152 obstitisset
1426 1121 1524 1152 Deus.
1578 1121 1691 1160 Itaque
1722 1120 1783 1151 Dei
1815 1121 1999 1160 praesentia
2033 1121 2185 1152 rubetum

1220 1164 1258 1194 ab
1282 1164 1431 1195 incendio
1455 1164 1614 1194 incolume
1639 1164 1748 1199 evasit,
1773 1163 1866 1194 sicuti
1890 1163 1922 1193 in
1936 1163 2066 1194 Psalmo
2089 1163 2140 1201 46,
2164 1163 2185 1194 4

1220 1206 1345 1245 dicitur,
1358 1207 1504 1246 quamvis
1517 1206 1681 1238 ecelesiam
1693 1206 1851 1245 impetant
1865 1205 2044 1236 turbulenti
2057 1207 2185 1244 fluetus,

1220 1250 1273 1289 qui
1295 1250 1500 1290 naufragium
1520 1250 1698 1285 minantur,
1718 1249 1820 1289 ipsam
1840 1253 1949 1279 tamen
1969 1258 2033 1279 non
2046 1248 2184 1280 moveri:

1220 1292 1295 1331 quia
1314 1291 1404 1323 Deus
1427 1293 1459 1323 in
1484 1292 1588 1323 medio
1612 1292 1679 1322 cius
1703 1291 1837 1323 habitat.
1880 1290 1934 1322 Sic
1958 1295 2032 1331 apte
2055 1302 2184 1332 reprae-

1220 1339 1347 1365 sentata
1379 1335 1438 1365 fuit
1470 1335 1578 1375 populi
1612 1334 1799 1365 immaniter
1834 1333 1942 1364 afflicti
1977 1335 2100 1375 imago,
2130 1334 2185 1374 qui

1221 1382 1307 1408 totus
1330 1377 1404 1418 igne
1428 1384 1591 1417 correptus
1615 1377 1760 1408 ardorem
1785 1376 1913 1416 quidem
1937 1377 2105 1415 sentiebat,
2129 1376 2185 1408 sed

1220 1420 1338 1460 absque
1361 1420 1464 1451 clade:
1501 1421 1575 1460 quia
1603 1420 1765 1460 praesenti
1790 1420 1849 1450 Dei
1881 1419 2002 1450 auxilio
2025 1419 2182 1451 custodie-

1221 1462 1322 1494 batur.

1305 1505 1334 1536 3.
1357 1505 1450 1536 Dioeit
1478 1506 1580 1545 itaque
1604 1504 1722 1536 Moses:
1752 1504 1923 1536 Divertam.
1970 1504 2105 1536 Certum
2135 1508 2184 1536 est

1221 1548 1376 1588 religione
1398 1552 1518 1579 tactum
1543 1548 1641 1579 fuisse
1660 1548 1760 1578 Mosis
1785 1548 1939 1585 animum,
1964 1559 2028 1579 non
2052 1552 2182 1584 temere,

1222 1591 1277 1622 sed
1301 1591 1410 1622 divino
1428 1592 1592 1622 instinctu.
1629 1590 1824 1630 Quanquam
1845 1590 1986 1621 nondum
2006 1590 2184 1622 visionibus

1222 1639 1418 1670 assueverat,
1438 1634 1583 1674 agnoscit
1601 1638 1709 1664 tamen
1729 1644 1795 1664 non
1814 1634 1908 1664 inane
1928 1644 1996 1665 esse
2012 1638 2184 1673 spectrum,

1221 1676 1276 1707 sed
1301 1677 1487 1715 mysterium
1512 1676 1638 1716 aliquod
1663 1678 1766 1706 notari
1792 1676 1972 1715 spectaculo
1996 1676 2068 1713 ille,
2092 1676 2184 1708 cuius

1221 1720 1360 1759 cognitio
1394 1720 1527 1750 minime
1561 1719 1620 1750 sibi
1655 1726 1738 1749 esset
1772 1719 1979 1759 negligenda,
2015 1719 2054 1750 ad
2088 1729 2184 1759 quam

1222 1762 1377 1792 divinitus
1397 1762 1578 1793 vocabatur.
1614 1761 1651 1791 In
1677 1771 1737 1800 quo
1761 1762 1857 1792 etiam
1882 1761 2022 1793 notanda
2045 1767 2094 1793 est
2116 1762 2185 1793 eius

1222 1804 1384 1841 docilitas,
1408 1805 1462 1835 ubi
1486 1804 1617 1844 propius
1637 1804 1758 1835 accedit
1777 1804 1815 1834 ad
1836 1804 2034 1835 discendum.
2077 1804 2184 1845 Saepe

1223 1849 1307 1878 enim
1338 1847 1453 1878 accidit
1475 1854 1511 1878 ut
1541 1849 1660 1877 frustra
1685 1847 1772 1877 Deus
1796 1847 1886 1878 nobis
1917 1853 2079 1883 occurrat,
2111 1848 2185 1887 quia

1223 1896 1344 1921 tantam
1369 1890 1507 1930 gratiam
1531 1890 1671 1929 maligne
1697 1890 1886 1929 respuimus.
1922 1890 1998 1921 Ideo
2022 1890 2184 1922 discamus

1225 1933 1323 1964 Mosis
1346 1933 1502 1972 exemplo,
1525 1933 1650 1972 quotics
1672 1932 1764 1972 signo
1787 1933 1891 1972 aliquo
1912 1944 1968 1964 nos
1988 1932 2027 1964 ad
2046 1944 2080 1964 se
2094 1933 2185 1964 Deus

1223 1976 1356 2012 invitat,
1387 1975 1498 2006 sedulo
1527 1974 1709 2011 attendere,
1742 1986 1780 2005 ne
1811 1975 1955 2006 socordia
1989 1981 2098 2006 nostra
2127 1975 2184 2006 lux

1223 2019 1330 2050 oblata
1363 2018 1545 2049 suffocetur.
1597 2017 1706 2056 Quum
1737 2029 1813 2048 vero
1844 2029 1993 2059 magnam
2028 2019 2184 2049 visionem

1224 2061 1372 2102 appellat,
1396 2061 1471 2091 inde
1494 2060 1690 2100 colligimus,
1714 2071 1829 2091 arcana
1853 2062 2063 2101 inspiratione
2087 2061 2184 2092 fuisse

1224 2105 1368 2136 edoctum
1394 2103 1431 2134 de
1455 2103 1624 2134 altitudine
1648 2104 1791 2143 mysterii
1816 2104 1899 2143 quod
1925 2104 2065 2135 nondum
2089 2104 2184 2134 inno—

1225 2151 1341 2178 tuerat.
1376 2145 1440 2177 Sed
1461 2146 1550 2177 Deus
1574 2145 1633 2176 hoc
1654 2146 1745 2176 modo
1770 2147 1838 2177 eius
1862 2147 2004 2178 animum
2030 2147 2069 2178 ad
2094 2157 2184 2178 reve-

1224 2189 1361 2221 rentiam
1385 2189 1523 2228 paravit,
1546 2199 1606 2228 quo
1629 2189 1764 2219 celerius
1788 2190 1964 2229 proficeret.

1309 2232 1338 2262 4.
1370 2231 1550 2271 Vocav'iique
1578 2241 1646 2262 eum
1670 2231 1757 2262 Deus
1787 2243 1800 2262 e
1823 2233 1922 2263 medio
1950 2232 2030 2263 rubi.
2076 2232 2186 2263 Primo

1225 2275 1291 2306 loeo
1310 2275 1481 2306 observent
1500 2275 1633 2305 lectores
1651 2275 1734 2313 quod
1755 2275 1903 2305 omnibus
1922 2276 1988 2305 fere
2007 2275 2186 2306 visionibus

1225 2328 1394 2350 commune
1417 2322 1473 2352 est,
1494 2328 1556 2347 non
1577 2317 1675 2347 fuisse
1694 2324 1817 2347 mutum
1839 2318 2057 2357 spectaculum
2077 2323 2186 2348 sancto

1227 2361 1294 2391 viro
1318 2359 1502 2396 territando,
1527 2360 1580 2390 sed
1606 2359 1746 2390 additam
1773 2361 1868 2390 fuisse
1887 2361 1981 2391 simul
2007 2361 2185 2392 doctrinam

1226 2414 1307 2443 quae
1330 2403 1399 2433 eius
1422 2408 1562 2432 montem
1587 2402 1760 2441 colligeret.
1797 2403 1892 2433 Nulla
1911 2404 1995 2434 enim
2020 2405 2186 2444 signorum

1227 2451 1310 2477 esset
1333 2445 1464 2481 utilitas,
1487 2446 1513 2475 si
1538 2456 1709 2484 suspensos
1733 2452 1882 2476 tenerent
1904 2457 2014 2476 eorum
2035 2457 2053 2477 a
2071 2446 2187 2486 quibus

1227 2493 1403 2520 cernuntur
1415 2498 1537 2519 sensus.
1574 2490 1744 2518 Caeterum
1768 2490 1916 2527 quamvis
1939 2499 2069 2519 servum
2093 2499 2186 2520 suum

1228 2531 1465 2571 obstupefacere
1490 2531 1567 2561 nolit
1595 2531 1690 2565 Dens,
1715 2532 1928 2561 reverentiam
1947 2538 2054 2562 tamen
2079 2532 2187 2562 futuro

1230 2584 1287 2604 suo
1310 2575 1450 2604 sermoni
1474 2580 1506 2603 et
1529 2574 1733 2603 autoritatem
1758 2574 1905 2604 conciliat
1928 2574 2050 2605 (luobus
2069 2574 2186 2605 modis:

1230 2617 1304 2657 quia
1316 2616 1429 2647 Mosen
1449 2616 1496 2647 bis
1517 2617 1646 2646 nomine
1669 2617 1873 2655 compellans,
1898 2617 1930 2647 in
1955 2617 2024 2648 eius
2043 2618 2187 2648 animum
