2304 3034
161 190 222 220 231

166 282 344 323 depositam
376 280 476 311 fuisse
499 279 604 319 legem
627 279 712 319 apud
735 278 871 310 Levitas
901 282 938 308 ut
961 288 1031 309 eam
1056 289 1132 318 sup-

166 327 351 367 primerent,
364 323 413 354 vel
428 322 485 352 soli
503 326 610 353 essent
633 322 701 352 eius
720 320 883 352 custodes:
908 331 1020 351 verum
1041 321 1067 351 si
1087 321 1133 352 in-

168 369 354 399 differenter
379 375 492 396 omnes
518 364 667 395 hortatus
697 369 781 395 esset
801 362 840 394 ad
864 373 933 394 eam
954 363 1133 403 legendam,

167 411 223 441 vix
247 410 414 449 quisquam
435 407 629 447 applicasset
652 417 747 438 suum
768 405 922 438 studium.
969 407 1024 437 Sic
1047 407 1132 437 enim

168 453 237 484 fieri
267 451 346 482 solet
374 455 410 481 ut
439 450 522 490 quod
553 450 587 480 in
617 460 736 490 genere
770 448 918 479 omnibus
952 447 1134 488 mandatur,

168 494 286 534 singuli
306 493 481 533 negligant.
519 493 608 533 Ergo
628 492 879 533 nomophylaces
898 497 1049 522 creantur
1072 492 1133 522 Le-

168 538 263 575 vitae,
287 536 338 575 qui
363 536 397 566 in
421 536 560 566 aliorum
583 540 771 575 contemptu
796 534 845 565 vel
866 534 1067 574 negligentia
1086 546 1133 565 se-

168 579 241 610 dulo
279 578 457 618 advigilent
492 589 531 609 ne
566 577 740 609 intercidat
767 577 831 608 Dei
867 577 1015 617 cognitio.
1066 577 1134 608 Nec

168 622 298 653 dubium
329 628 377 651 est
407 621 485 660 quin
515 621 587 651 ideo
619 621 736 652 tradita
766 620 863 651 fuerit
891 620 945 650 lex
968 620 1000 649 in
1024 630 1132 650 eorum

167 675 281 695 manus
300 670 337 694 ut
356 668 463 695 essent
482 663 551 695 eius
570 664 774 704 interpretes.
800 662 872 701 Quo
897 663 1037 702 pertinet
1056 662 1133 694 illud

167 706 350 739 Malachiae
369 707 398 744 2,
420 707 446 743 7,
462 707 565 737 Labia
578 706 752 738 sacerdotis
766 704 948 737 custodient
967 705 1131 736 scientiam

167 756 198 781 et
227 750 331 789 legem
363 749 531 789 requirent
560 760 600 780 ex
624 760 678 780 ore
701 750 784 780 cius:
810 749 885 788 quia
911 748 1048 779 nuncius
1072 747 1133 779 Dei

167 793 365 824 exercituum
386 797 444 823 est.
484 792 567 822 Nam
587 791 672 832 quod
691 792 845 823 continuo
864 796 936 831 post
955 790 1133 828 subiicitur,

166 839 204 866 ut
222 835 358 875 septimo
378 845 504 875 quoque
524 846 609 866 anno
628 835 732 875 legem
757 835 903 869 recitent,
927 844 990 864 non
1015 834 1059 864 ita
1083 844 1133 865 ac-

167 879 272 918 cipere
291 878 442 909 eouvenit
461 888 497 908 ae
520 878 546 909 si
569 878 692 918 reliquo
716 883 861 917 tempore
885 881 1030 907 maneret
1049 876 1134 916 apud

167 922 253 961 ipsos
291 920 485 952 abscondita.
541 920 655 951 Voluit-
688 921 773 952 enim
807 919 899 950 Deus
932 919 1134 959 quotidianos

167 975 235 995 esse
255 963 409 1002 doctores,
434 968 465 994 et
485 963 640 1003 populum
660 964 756 994 officii
776 963 825 994 sui
845 962 974 993 assidue
994 973 1133 993 monere.

168 1006 230 1037 Sed
262 1016 301 1037 ne
330 1006 409 1038 haec
434 1007 623 1037 exercitatio
657 1006 883 1043 obsolesceret,
913 1010 979 1035 tam
1005 1005 1134 1036 fastidio

165 1049 284 1089 populi,
319 1060 414 1088 quam
449 1049 653 1080 sacerdotum
687 1049 838 1089 ignavia,
877 1047 1019 1079 solennis
1052 1048 1134 1079 ritus

167 1091 337 1122 adiunctus
361 1092 430 1129 fuit,
454 1097 490 1122 ut
509 1094 651 1132 septenis
674 1092 854 1132 quibusque
879 1092 982 1129 annis,
1006 1090 1059 1121 ubi
1083 1101 1134 1121 ce-

164 1135 356 1166 leberrimus
380 1141 448 1166 erat
472 1135 583 1175 populi
603 1140 792 1171 conventus,
817 1139 1032 1165 renovaretur
1054 1134 1133 1173 legis

164 1178 389 1218 promulgatio.
415 1178 510 1209 Unde
534 1182 677 1218 apparet,
700 1178 781 1208 nihil
806 1188 875 1208 esse
899 1182 964 1207 tam
985 1181 1132 1208 sanetum

166 1225 197 1251 et
219 1221 305 1251 omni
333 1221 480 1252 cautione
511 1221 674 1251 munitum
699 1220 782 1260 quod
807 1231 869 1251 non
895 1220 1075 1260 perfringat
1097 1230 1133 1250 ac

165 1263 263 1294 violet
298 1263 465 1294 hominum
497 1264 630 1294 malitia.
687 1264 769 1294 Nam
802 1274 900 1302 quum
934 1262 1012 1293 adeo
1041 1272 1132 1302 prae-

165 1307 228 1338 cise
248 1306 374 1337 Levitis
394 1306 540 1337 iniuncta
562 1311 645 1337 esset
669 1306 749 1346 legis
772 1306 926 1343 recitatio,
951 1305 1131 1345 prodigium

166 1349 228 1380 fuit
262 1354 292 1380 et
327 1349 455 1389 quidem
490 1349 679 1380 detestabile
713 1356 857 1389 tempore
890 1348 994 1379 Iosiae
1035 1348 1132 1379 fuisse

167 1398 337 1432 repertam,
373 1398 405 1422 et
438 1403 550 1424 omnes
576 1393 724 1423 novitate
758 1392 856 1423 fuisse
882 1391 1133 1432 expergefactos,

167 1446 202 1466 ac
234 1435 261 1466 si
292 1435 373 1465 nihil
404 1446 544 1475 unquam
575 1435 742 1467 audissent
771 1434 812 1476 (2.
839 1435 920 1475 Reg.
949 1434 1012 1476 22).
1058 1434 1132 1464 Non

166 1478 252 1508 idem
277 1489 408 1518 prorsus
431 1478 568 1518 contigit
589 1479 620 1509 in
646 1483 776 1518 papatu,
807 1478 862 1509 sed
892 1488 991 1517 quum
1023 1481 1133 1518 tyran-

168 1521 239 1552 nice
264 1521 422 1551 dominari
446 1521 569 1552 vellent
590 1521 708 1552 larvati
732 1521 889 1561 episcopi,
920 1521 979 1551 hoc
1002 1519 1135 1550 artificio

168 1564 218 1595 usi
242 1569 317 1595 sunt
340 1563 378 1595 de
401 1564 580 1604 scripturae
599 1564 764 1605 mysteriis
787 1564 835 1594 fas
858 1574 923 1594 non
947 1574 1015 1594 esse
1035 1563 1136 1602 inqui—

168 1617 250 1638 rere.
296 1607 383 1638 Hinc
408 1607 527 1638 factum
551 1611 599 1638 est
623 1612 660 1638 ut
683 1607 743 1646 ipsi
768 1606 897 1647 quidem
921 1616 1032 1637 secure
1056 1605 1137 1636 ludi-

169 1651 232 1681 cris
255 1650 385 1689 ineptiis
405 1660 534 1690 operam
555 1649 719 1681 dederint:
745 1650 893 1681 monachi
907 1655 1013 1680 autem
1027 1658 1137 1679 eorum

171 1693 332 1724 emissarii
361 1693 494 1733 impune
524 1692 658 1724 fabuIati
683 1693 750 1723 sint
773 1692 926 1733 quidquid
950 1692 1027 1732 ipsis
1051 1698 1138 1731 pote-

170 1742 220 1766 rat
250 1736 363 1766 venire
394 1737 427 1766 in
457 1735 598 1767 buccam.
645 1736 746 1767 Porro
776 1735 947 1767 consilium
976 1734 1038 1766 Dei
1069 1733 1137 1769 fuit,

169 1779 306 1818 septimo
339 1789 464 1818 quoque
498 1790 584 1810 anno
619 1779 776 1819 populum
811 1789 943 1809 monere
976 1783 1014 1808 ut
1036 1777 1138 1817 legem

170 1821 297 1852 assidue
321 1821 542 1852 meditaretur.
1129 1829 1132 1833 ·

256 1865 304 1895 12.
334 1864 548 1905 Coum-esmndo
564 1864 724 1903 populum.
761 1864 811 1895 Ad
836 1864 981 1901 verbum,
1007 1872 1137 1903 congre-

171 1918 256 1948 gare,
282 1909 315 1938 in
340 1908 434 1938 modo
465 1908 641 1938 infinitivo:
668 1907 722 1947 qui
746 1908 872 1938 tametsi
897 1905 1060 1937 interdum
1083 1915 1139 1945 pro

170 1951 364 1990 imperativo
387 1951 531 1990 capitur.v
564 1950 623 1981 hoc
647 1956 754 1981 tamen
786 1950 854 1982 loeo
877 1960 1044 1989 perperam
1070 1959 1139 1978 ver-

172 1998 246 2023 tunt
269 1993 415 2033 quidam:
440 1994 612 2033 Congrega
635 1993 807 2033 populum:
832 2004 868 2024 ac
892 1993 918 2024 si
943 1993 1026 2023 Mosi
1050 2002 1138 2031 prae-

172 2036 293 2075 ciperet
319 2036 396 2067 haec
419 2036 572 2067 mandata
595 2036 693 2067 semel
717 2036 756 2066 ad
782 2036 931 2066 homines
954 2036 1002 2066 sui
1022 2033 1140 2065 saeculi

173 2078 314 2109 deferre:
349 2090 446 2118 quum
478 2080 583 2119 potius
607 2078 742 2110 eandem
766 2079 961 2109 sententiam
988 2082 1141 2109 contexat

173 2122 290 2153 Moses.
337 2121 497 2153 Cohaeret
520 2123 620 2162 igitur
644 2122 695 2152 hic
720 2133 832 2153 versus
867 2132 939 2152 cum
969 2120 1139 2161 superiori-

173 2164 247 2195 bus:
283 2176 399 2204 nempe
432 2170 467 2195 ut
501 2165 554 2195 lex
589 2165 628 2196 de
662 2165 789 2205 integro
823 2164 1047 2204 promulgetur
1080 2172 1141 2202 quo

175 2218 259 2238 anno
299 2208 440 2239 indicere
475 2209 618 2248 oportuit
655 2207 898 2239 celeberrimum
933 2210 1141 2238 conventum:

175 2251 249 2289 quin
273 2257 349 2281 tuuc
380 2251 530 2291 clangore
565 2250 717 2281 tubarum
752 2250 791 2281 ad
823 2250 978 2281 iubileum
1009 2253 1142 2280 vocatus

175 2293 233 2323 fuit
258 2293 405 2333 populus.
454 2294 602 2333 Denique
626 2293 760 2324 verbum
783 2292 999 2333 congregandi
1029 2297 1142 2322 exten-

177 2335 265 2366 ditur
299 2336 337 2366 ad
373 2343 545 2376 septennes
579 2342 773 2373 conventus,
809 2347 946 2376 quorum
981 2334 1055 2365 alibi
1090 2335 1144 2364 fiet

176 2379 306 2409 mentio.
353 2379 420 2409 Nec
447 2384 533 2410 certe
564 2380 700 2419 tempori
726 2380 826 2410 Mosis
856 2378 1028 2419 quadraret
1060 2375 1143 2416 quod

178 2421 292 2451 dicitur
324 2421 362 2452 de
392 2423 510 2462 populo
545 2423 598 2462 qui
628 2423 752 2453 habitat
783 2423 869 2452 intra
903 2426 1026 2461 portas,
1063 2430 1144 2459 quac

178 2470 253 2493 tune
280 2465 386 2495 nullae
410 2471 511 2496 erant.
559 2465 677 2496 Fusius
700 2476 777 2506 ergo
801 2465 933 2504 exponit
958 2464 1064 2494 Moses
1088 2472 1144 2492 cur

179 2508 351 2545 septimum
383 2518 506 2538 annum
537 2507 772 2548 designaverit:
807 2509 881 2547 quia
911 2506 1033 2537 scilicet
1068 2510 1145 2535 tunc

180 2550 315 2588 populus
357 2561 390 2581 sc
436 2551 469 2580 in
511 2551 572 2582 Dei
614 2556 822 2590 conspectum
864 2550 1006 2581 sistebat.
1069 2548 1144 2578 Mu-

181 2592 273 2621 lieres
293 2601 321 2621 et
343 2594 495 2631 parvulos
520 2594 639 2624 diserte
662 2594 816 2629 nominat,
842 2605 882 2624 ne
902 2604 963 2632 qua,
986 2592 1025 2621 sit
1048 2602 1145 2621 sexus

178 2635 228 2664 vel
261 2637 374 2665 aetatis
405 2638 579 2667 excusatio.
626 2636 698 2675 Quo
729 2637 851 2667 foedior
875 2642 923 2667 est
951 2644 1061 2665 eorum
1086 2634 1143 2663 im—

889 183 1153 215 PRAEFATIO
1177 185 1225 216 IN
1249 185 1421 217 LEGEM.

2085 184 2147 214 232

1187 280 1328 319 probitas
1352 279 1405 319 qui
1428 290 1491 310 non
1515 289 1631 320 pueros
1660 278 1754 309 modo
1784 277 1839 308 sed
1863 277 2014 309 mulieres
2038 282 2148 309 arcent

1186 332 1204 352 a
1228 323 1358 362 pietatis
1389 322 1548 353 doctrina:
1584 321 1710 361 quando
1741 331 1852 351 omnes
1882 331 1899 350 a
1930 321 2064 351 minimo
2094 332 2147 352 ns-

1186 375 1246 404 que
1277 365 1316 396 ad
1352 366 1528 395 maximum
1554 364 1645 395 Deus
1670 364 1708 394 ad
1732 363 1875 394 scholam
1907 373 1997 394 suam
2030 364 2148 395 invitat

1187 408 1319 447 vultque
1344 419 1419 438 suos
1454 418 1522 438 esse
1554 407 1734 447 discipulos.
1785 406 1953 444 Quantum
1985 406 2024 436 ad
2057 417 2147 445 pere-

1186 451 1296 491 grinos
1328 456 1465 490 spectat,
1507 461 1561 481 eos
1594 449 1740 490 intellige
1775 459 1838 479 non
1874 449 1926 487 qui
1960 449 2148 489 negotiandi

1187 504 1283 524 causa
1321 494 1470 524 venirent
1505 494 1537 523 in
1574 498 1692 523 terrain
1724 491 1880 522 Chanaan
1911 502 1986 521 mox
2019 491 2148 522 domum

1187 536 1330 570 redituri,
1354 536 1407 567 sed
1428 536 1480 575 qui
1503 536 1697 566 domicilium
1718 534 1782 564 illic
1802 535 1976 574 elegerant,
2001 540 2031 565 et
2055 534 2150 574 longa

1186 579 1386 609 habitatione
1411 579 1597 610 coaluerant
1620 579 1651 608 in
1676 576 1759 607 idem
1784 587 1901 616 eorpus
1923 588 1995 607 eum
2021 577 2149 608 Israeli-

1187 623 1236 652 tis.
1269 621 1408 652 Additur
1432 622 1554 652 fructus
1578 626 1609 652 et
1632 620 1765 656 utilitas,
1789 626 1824 650 ut
1848 619 2006 650 audiendo
2026 620 2152 651 discant

1186 665 1299 695 timere
1323 665 1437 695 Deum.
1484 663 1578 695 Unde
1597 663 1785 703 colligimus,
1810 674 1848 693 ex
1872 663 2053 702 cognitione
2077 662 2150 693 reli-

1187 708 1313 747 gionem
1345 718 1451 737 veram
1478 707 1580 742 nasci,
1606 713 1636 736 et
1659 705 1812 746 quidquid
1837 706 1966 746 pietatis
1988 711 2152 736 ostentant

1187 750 1334 780 homines
1358 749 1420 780 Dei
1448 750 1546 780 verbo
1570 760 1634 779 non
1659 749 1778 782 edocti,
1814 759 1934 779 meram
1959 759 2028 779 esse
2051 748 2150 779 simu-

1187 792 1349 824 lationem.
1413 792 1583 823 Custodire
1630 791 1668 822 ad
1719 791 1914 827 faciendum,
1959 792 2150 822 tantundem

1187 835 1272 866 valet
1295 846 1331 866 ac
1354 836 1437 866 serio
1457 835 1616 875 applicare
1635 845 1728 865 suum
1748 835 1890 865 studium
1911 834 1949 865 ad
1972 834 2151 875 parendum

1187 877 1268 918 legis
1291 878 1479 918 praeceptis.

1274 921 1322 951 13.
1348 921 1389 951 Et
1417 921 1479 960 filii
1513 930 1616 951 eorum
1646 921 1700 959 qui
1730 930 1791 951 non
1819 922 1973 951 noverunt.
2026 920 2151 950 Iterum

1187 963 1335 994 videmus
1370 975 1434 995 non
1469 964 1519 1003 agi
1554 962 1593 993 de
1632 963 1794 1002 praesenti
1828 962 2057 994 convocatione
2096 961 2152 993 sed

1188 1017 1268 1045 quae
1282 1006 1456 1046 repetenda
1470 1011 1538 1036 erat
1563 1006 1699 1045 singulis
1718 1006 1906 1046 septenniis,
1927 1012 1962 1036 ut
1982 1007 2152 1045 posteritas

1187 1049 1407 1080 contineretur
1434 1050 1466 1079 in
1486 1050 1597 1079 officio.
1641 1049 1734 1079 Alter
1757 1060 1832 1089 ergo
1854 1059 1932 1079 usus
1956 1048 2153 1079 recitationis

1187 1098 1396 1129 monstratur,
1417 1093 1492 1131 quia
1513 1092 1614 1127 multi,
1635 1092 1687 1131 qui
1707 1102 1764 1131 per
1783 1098 1920 1122 aetatem
1939 1091 2060 1131 primae
2080 1101 2152 1131 pro-

1188 1135 1395 1175 mulgationis
1420 1140 1517 1165 testes
1540 1145 1609 1165 esse
1632 1145 1694 1164 non
1721 1141 1906 1174 potuerunt,
1933 1135 2007 1165 inde
2028 1134 2153 1165 discent

1187 1177 1345 1217 quomodo
1376 1177 1527 1208 colendus
1562 1178 1601 1207 sit
1632 1178 1731 1208 Deus.
1779 1180 1821 1209 Ac
1857 1184 1960 1208 terrae
1994 1177 2154 1218 possessio

1186 1231 1299 1251 rursus
1324 1220 1387 1251 illis
1412 1220 1617 1260 proponitur,
1649 1226 1684 1250 ut
1709 1220 1769 1252 Dei
1795 1220 2006 1252 beneficentia
2029 1231 2081 1251 eos
2111 1219 2151 1250 ad

1188 1263 1375 1303 obsequium
1400 1263 1528 1294 alliciat.

1518 1433 1578 1464 EX
1605 1433 1737 1465 DEUT.
1762 1434 1821 1465 VI.

1276 1519 1323 1550 10.
1360 1518 1433 1550 Erit
1466 1522 1566 1550 autem
1605 1529 1698 1558 qumm
1733 1519 1940 1551 introduxerit
1973 1521 2000 1549 te
2040 1518 2156 1550 Iehova

1190 1563 1278 1594 Deus
1318 1566 1389 1593 tuus
1438 1563 1467 1592 in
1513 1565 1628 1593 terram
1671 1563 1707 1593 (Ie
1748 1573 1811 1602 qua
1854 1563 1973 1593 iuravit
2009 1561 2157 1601 patribus

1191 1607 1270 1643 tuis,
1294 1605 1455 1636 Abraham
1480 1605 1573 1636 Isaac
1596 1608 1622 1636 et
1646 1605 1751 1642 Iacob,
1780 1616 1812 1637 se
1833 1606 1981 1636 daturum
1999 1604 2054 1635 tibi
2077 1615 2157 1643 eam,

1191 1652 1217 1679 et
1250 1649 1338 1679 urbes
1372 1658 1501 1687 iacrymas
1534 1651 1560 1679 et
1587 1648 1741 1686 pulchras
1774 1658 1852 1687 quas
1886 1659 1945 1679 mm
1974 1648 2155 1687 aedificasti,

1193 1692 1241 1722 ll.
1265 1691 1308 1722 Et
1335 1692 1442 1722 damus
1464 1691 1577 1729 plenas
1603 1691 1685 1721 omni
1713 1691 1801 1729 bono,
1832 1702 1910 1730 quas
1939 1702 1997 1721 non
2024 1690 2155 1730 replesti,

1191 1739 1215 1766 et
1238 1735 1387 1765 cisternas
1409 1734 1543 1773 effossas,
1568 1744 1648 1772 quas
1669 1744 1728 1763 ‘non
1746 1735 1896 1773 effodisti:
1926 1734 2032 1765 vineas
2054 1736 2080 1764 et
2102 1733 2156 1764 oh*-

1190 1781 1264 1815 veta,
1299 1787 1376 1816 quac
1410 1787 1469 1807 aon
1496 1777 1668 1814 plantasti:
1692 1779 1718 1807 et
1740 1778 1915 1813 comederis,
1947 1779 1974 1808 et
1995 1779 2159 1808 saturatus

1189 1821 1306 1861 fueris.-
1352 1820 1398 1850 12.
1436 1819 1515 1850 Cave
1548 1820 1602 1850 tibi
1634 1830 1672 1849 oze
1705 1819 1898 1850 obliviscaris
1932 1819 2069 1857 Iekovae,
2103 1819 2157 1858 qui

1191 1864 1297 1895 edei-rit
1318 1865 1343 1893 te
1365 1873 1379 1892 e
1403 1865 1486 1893 terra
1510 1862 1649 1902 Aegyyliti,
1674 1873 1688 1892 e
1711 1863 1796 1893 domo
1818 1873 1984 1894 sero-orum.

1279 1948 1326 1978 10.
1358 1947 1431 1977 Erit
1464 1951 1564 1979 autem
1597 1958 1691 1986 qaum
1725 1948 1939 1979 introduxerit.
1994 1947 2156 1987 Quoniam

1192 1991 1388 2032 prosperitas
1408 1995 1439 2021 ct
1458 1991 1622 2030 opulentia
1644 1997 1678 2021 ut
1699 1991 1873 2029 plurimum
1893 1997 2043 2022 excaecat
2055 1990 2158 2021 horni-

1193 2045 1270 2065 num
1305 2039 1439 2069 mentes,
1475 2045 1513 2064 ne
1549 2033 1587 2064 ad
1622 2033 1809 2064 modestiam
1841 2040 1873 2064 et
1903 2034 2157 2065 moderationem

1193 2077 1271 2109 satis
1296 2076 1473 2113 attendant,
1497 2076 1550 2107 sed
1575 2077 1682 2116 potius
1703 2076 1872 2107 lasciviant
1896 2078 1926 2107 in
1951 2077 2017 2108 suis
2040 2087 2157 2107 eoncu-

1194 2120 1365 2160 piscentiis,
1391 2130 1426 2149 ac
1445 2129 1478 2149 so
1498 2119 1616 2150 delitiis
1635 2118 1810 2149 inebrient:
1835 2119 1908 2150 huic
1929 2120 2005 2150 vitio
2025 2130 2082 2159 per
2100 2130 2157 2149 an-

1194 2163 1412 2202 ticipationem
1445 2163 1591 2193 medetur
1621 2162 1718 2192 Deus.
1772 2162 1884 2202 Neque
1914 2163 1998 2193 enim
2035 2162 2159 2193 frustra

1194 2206 1346 2236 admonet.
1370 2205 1549 2235 cavendum
1580 2215 1649 2236 esse
1672 2216 1711 2235 ne
1736 2205 1795 2235 Dei
1827 2205 2073 2242 obliviscantur,
2105 2206 2159 2237 ubi

1195 2250 1283 2289 large
1303 2254 1333 2278 et
1358 2248 1443 2278 laute
1467 2248 1505 2279 ab
1526 2259 1561 2279 eo
1586 2248 1714 2279 tractati
1738 2248 1873 2285 suerint,
1903 2248 1957 2279 sed
1981 2248 2055 2287 quia
2079 2249 2158 2279 seie-

1196 2292 1247 2321 bat
1268 2302 1436 2321 commune
1456 2290 1515 2322 hoc
1535 2302 1604 2322 esse
1625 2291 1737 2321 vitium
1763 2296 1799 2320 ut
1812 2291 1942 2321 satietas
1956 2291 2060 2330 pariat
2079 2291 2161 2322 fero-

1195 2335 1294 2365 ciam:
1326 2333 1595 2373 quemadmodum
1626 2339 1735 2373 postea
1765 2333 1848 2364 dicet
1871 2334 1904 2364 in
1928 2335 2067 2367 cantico:
2100 2333 2159 2366 Sa-

1196 2378 1325 2417 ginatus
1360 2376 1459 2407 Israel
1496 2376 1726 2407 recalcitravit:
1768 2376 1964 2416 pinguedine
2003 2377 2161 2408 obductus

1196 2426 1259 2456 est,
1284 2419 1453 2458 dereliquit
1478 2420 1583 2450 Deum
1606 2419 1757 2450 factorem
1783 2430 1893 2457 suuin,
1925 2425 1955 2450 et
1979 2430 2036 2459 pro
2059 2420 2162 2451 nihilo

1198 2463 1311 2493 babuit.
1336 2462 1441 2492 Duum
1466 2462 1580 2492 salutis
1604 2473 1688 2492 suae.
1734 2462 1899 2502 Principio
1931 2469 2039 2493 autem
2063 2474 2159 2503 quam

1197 2506 1300 2545 turpis
1335 2511 1365 2535 et
1400 2505 1533 2544 indigna
1572 2506 1681 2535 futura
1722 2505 1764 2534 sit
1804 2516 1913 2535 eorum
1949 2506 2162 2546 ingratitudo,

1197 2548 1337 2579 ostendit
1366 2547 1392 2578 si
1423 2553 1469 2578 tot
1494 2547 1665 2587 praeclaris
1690 2547 1750 2578 Dei
1779 2547 1940 2579 benefieiis
1963 2549 2069 2579 onusti
2094 2549 2161 2579 eius

1170 2608 1172 2620 ψ
1198 2592 1386 2622 memoriam
1410 2590 1569 2621 abiiciunt.
1604 2590 1687 2620 Nam
1708 2597 1741 2620 ut
1761 2591 2005 2622 inaestimabilis
2024 2591 2087 2622 fuit
2100 2591 2162 2622 Dei

1170 2624 1172 2663 l
1199 2634 1336 2671 bonitas,
1359 2634 1453 2664 urbes
1476 2633 1540 2665 illis
1560 2633 1686 2664 tradere
1706 2634 1818 2665 alienis
1838 2635 1987 2665 manibus
2005 2635 2163 2672 conditas,
