<?xml version="1.0" encoding="UTF-8"?>
<!DOCTYPE html PUBLIC "-//W3C//DTD XHTML 1.0 Transitional//EN"
    "http://www.w3.org/TR/xhtml1/DTD/xhtml1-transitional.dtd">
<html xmlns="http://www.w3.org/1999/xhtml" xml:lang="en" lang="en">
 <head>
  <title>
</title>
<meta http-equiv="Content-Type" content="text/html;charset=utf-8" />
  <meta name='ocr-system' content='tesseract 3.04.00' />
  <meta name='ocr-capabilities' content='ocr_page ocr_carea ocr_par ocr_line ocrx_word'/>
</head>
<body>
  <div class='ocr_page' id='page_1' title='image "./ioanniscalviniop24calv_0295.png"; bbox 0 0 2304 3034; ppageno 0'>
   <div class='ocr_carea' id='block_1_1' title="bbox 89 189 153 221">
    <p class='ocr_par' dir='ltr' id='par_1_1' title="bbox 89 189 153 221">
     <span class='ocr_line' id='line_1_1' title="bbox 89 189 153 221; baseline -0.016 0"><span class='ocrx_word' id='word_1_1' title='bbox 89 189 153 221; x_wconf 82' lang='lat'>569</span> 
     </span>
    </p>
   </div>
   <div class='ocr_carea' id='block_1_2' title="bbox 82 274 1053 2574">
    <p class='ocr_par' dir='ltr' id='par_1_2' title="bbox 86 274 1053 1251">
     <span class='ocr_line' id='line_1_2' title="bbox 91 274 1050 315; baseline -0.009 -1"><span class='ocrx_word' id='word_1_2' title='bbox 91 282 236 315; x_wconf 86' lang='lat' dir='ltr'>venisset</span> <span class='ocrx_word' id='word_1_3' title='bbox 257 279 376 311; x_wconf 86' lang='lat' dir='ltr'>animal</span> <span class='ocrx_word' id='word_1_4' title='bbox 399 276 600 310; x_wconf 88' lang='lat' dir='ltr'>immundum</span> <span class='ocrx_word' id='word_1_5' title='bbox 624 280 781 313; x_wconf 83' lang='lat' dir='ltr'>mactare,</span> <span class='ocrx_word' id='word_1_6' title='bbox 808 275 977 315; x_wconf 88' lang='lat' dir='ltr'>repudiata</span> <span class='ocrx_word' id='word_1_7' title='bbox 999 274 1050 305; x_wconf 89' lang='lat' dir='ltr'>fu-</span> 
     </span>
     <span class='ocr_line' id='line_1_3' title="bbox 91 316 1053 363; baseline -0.009 -7"><span class='ocrx_word' id='word_1_8' title='bbox 91 325 172 356; x_wconf 82' lang='lat' dir='ltr'>isset</span> <span class='ocrx_word' id='word_1_9' title='bbox 195 323 396 363; x_wconf 82' lang='lat' dir='ltr'>superstitio,</span> <span class='ocrx_word' id='word_1_10' title='bbox 425 321 489 351; x_wconf 90' lang='lat' dir='ltr'>imo</span> <span class='ocrx_word' id='word_1_11' title='bbox 511 318 695 359; x_wconf 80' lang='lat' dir='ltr'>expiatione</span> <span class='ocrx_word' id='word_1_12' title='bbox 718 328 798 357; x_wconf 91' lang='lat' dir='ltr'>opus</span> <span class='ocrx_word' id='word_1_13' title='bbox 821 318 943 349; x_wconf 86' lang='lat' dir='ltr'>fuisset.</span> <span class='ocrx_word' id='word_1_14' title='bbox 988 316 1053 348; x_wconf 91' lang='lat' dir='ltr'>Hic</span> 
     </span>
     <span class='ocr_line' id='line_1_4' title="bbox 93 360 1052 406; baseline -0.009 -8"><span class='ocrx_word' id='word_1_15' title='bbox 93 371 201 399; x_wconf 82' lang='lat' dir='ltr'>autem</span> <span class='ocrx_word' id='word_1_16' title='bbox 230 365 315 406; x_wconf 89' lang='lat' dir='ltr'>(meo</span> <span class='ocrx_word' id='word_1_17' title='bbox 343 362 471 404; x_wconf 85' lang='lat' dir='ltr'>iudicio)</span> <span class='ocrx_word' id='word_1_18' title='bbox 493 362 556 392; x_wconf 83' lang='lat' dir='ltr'>alia</span> <span class='ocrx_word' id='word_1_19' title='bbox 577 361 751 391; x_wconf 83' lang='lat' dir='ltr'>oblationis</span> <span class='ocrx_word' id='word_1_20' title='bbox 774 360 897 400; x_wconf 89' lang='lat' dir='ltr'>species</span> <span class='ocrx_word' id='word_1_21' title='bbox 920 360 1052 400; x_wconf 82' lang='lat' dir='ltr'>attingi-</span> 
     </span>
     <span class='ocr_line' id='line_1_5' title="bbox 93 401 1053 448; baseline -0.009 -7"><span class='ocrx_word' id='word_1_22' title='bbox 93 414 164 446; x_wconf 89' lang='lat' dir='ltr'>tur,</span> <span class='ocrx_word' id='word_1_23' title='bbox 193 418 274 448; x_wconf 91' lang='lat' dir='ltr'>quae</span> <span class='ocrx_word' id='word_1_24' title='bbox 303 405 455 438; x_wconf 88' lang='lat' dir='ltr'>sacrificia</span> <span class='ocrx_word' id='word_1_25' title='bbox 485 409 516 434; x_wconf 90' lang='lat' dir='ltr'>et</span> <span class='ocrx_word' id='word_1_26' title='bbox 545 403 665 434; x_wconf 89' lang='lat' dir='ltr'>cultum</span> <span class='ocrx_word' id='word_1_27' title='bbox 697 403 809 442; x_wconf 89' lang='lat' dir='ltr'>templi</span> <span class='ocrx_word' id='word_1_28' title='bbox 835 407 948 434; x_wconf 88' lang='lat' dir='ltr'>eontra</span> <span class='ocrx_word' id='word_1_29' title='bbox 972 401 1053 442; x_wconf 90' lang='lat' dir='ltr'>legis</span> 
     </span>
     <span class='ocr_line' id='line_1_6' title="bbox 93 444 1052 485; baseline -0.008 -2"><span class='ocrx_word' id='word_1_30' title='bbox 93 450 283 483; x_wconf 88' lang='lat' dir='ltr'>mandatum</span> <span class='ocrx_word' id='word_1_31' title='bbox 319 458 382 479; x_wconf 90' lang='lat' dir='ltr'>non</span> <span class='ocrx_word' id='word_1_32' title='bbox 412 446 556 478; x_wconf 80' lang='lat' dir='ltr'>vitiabat.</span> <span class='ocrx_word' id='word_1_33' title='bbox 606 445 722 485; x_wconf 89' lang='lat' dir='ltr'>Itaque</span> <span class='ocrx_word' id='word_1_34' title='bbox 752 445 834 476; x_wconf 90' lang='lat' dir='ltr'>nihil</span> <span class='ocrx_word' id='word_1_35' title='bbox 864 444 995 476; x_wconf 76' lang='lat' dir='ltr'>absurdi</span> <span class='ocrx_word' id='word_1_36' title='bbox 1026 445 1052 475; x_wconf 92' lang='lat' dir='ltr'>si</span> 
     </span>
     <span class='ocr_line' id='line_1_7' title="bbox 93 487 1053 532; baseline -0.008 -7"><span class='ocrx_word' id='word_1_37' title='bbox 93 494 185 526; x_wconf 88' lang='lat' dir='ltr'>Deus</span> <span class='ocrx_word' id='word_1_38' title='bbox 197 492 329 532; x_wconf 83' lang='lat' dir='ltr'>recipiat</span> <span class='ocrx_word' id='word_1_39' title='bbox 347 490 409 521; x_wconf 90' lang='lat' dir='ltr'>tale</span> <span class='ocrx_word' id='word_1_40' title='bbox 433 495 559 519; x_wconf 88' lang='lat' dir='ltr'>votum:</span> <span class='ocrx_word' id='word_1_41' title='bbox 582 488 762 519; x_wconf 89' lang='lat' dir='ltr'>multatitia</span> <span class='ocrx_word' id='word_1_42' title='bbox 784 494 892 518; x_wconf 88' lang='lat' dir='ltr'>tamen</span> <span class='ocrx_word' id='word_1_43' title='bbox 915 487 1053 527; x_wconf 91' lang='lat' dir='ltr'>pecunia</span> 
     </span>
     <span class='ocr_line' id='line_1_8' title="bbox 94 530 1053 576; baseline -0.007 -9"><span class='ocrx_word' id='word_1_44' title='bbox 94 536 229 576; x_wconf 82' lang='lat' dir='ltr'>castiget</span> <span class='ocrx_word' id='word_1_45' title='bbox 250 533 422 565; x_wconf 88' lang='lat' dir='ltr'>levitatem.</span> <span class='ocrx_word' id='word_1_46' title='bbox 467 530 559 561; x_wconf 90' lang='lat' dir='ltr'><strong>Adde</strong></span> <span class='ocrx_word' id='word_1_47' title='bbox 582 530 666 570; x_wconf 91' lang='lat' dir='ltr'>quod</span> <span class='ocrx_word' id='word_1_48' title='bbox 689 541 806 570; x_wconf 89' lang='lat' dir='ltr'>equum</span> <span class='ocrx_word' id='word_1_49' title='bbox 830 530 996 561; x_wconf 89' lang='lat' dir='ltr'>robustum</span> <span class='ocrx_word' id='word_1_50' title='bbox 1021 534 1053 560; x_wconf 89' lang='lat' dir='ltr'>et</span> 
     </span>
     <span class='ocr_line' id='line_1_9' title="bbox 94 572 1053 618; baseline -0.008 -8"><span class='ocrx_word' id='word_1_51' title='bbox 94 576 320 618; x_wconf 81' lang='lat' dir='ltr'>experimentis</span> <span class='ocrx_word' id='word_1_52' title='bbox 337 573 514 614; x_wconf 88' lang='lat' dir='ltr'>probatum,</span> <span class='ocrx_word' id='word_1_53' title='bbox 538 573 563 604; x_wconf 94' lang='lat' dir='ltr'>si</span> <span class='ocrx_word' id='word_1_54' title='bbox 588 578 655 603; x_wconf 88' lang='lat' dir='ltr'>erat</span> <span class='ocrx_word' id='word_1_55' title='bbox 679 573 713 603; x_wconf 90' lang='lat' dir='ltr'>in</span> <span class='ocrx_word' id='word_1_56' title='bbox 737 572 887 612; x_wconf 89' lang='lat' dir='ltr'>periculo,</span> <span class='ocrx_word' id='word_1_57' title='bbox 911 572 1053 603; x_wconf 86' lang='lat' dir='ltr'>vovebat</span> 
     </span>
     <span class='ocr_line' id='line_1_10' title="bbox 93 614 1051 657; baseline -0.006 -6"><span class='ocrx_word' id='word_1_58' title='bbox 93 620 208 655; x_wconf 90' lang='lat' dir='ltr'>herus,</span> <span class='ocrx_word' id='word_1_59' title='bbox 238 623 274 649; x_wconf 90' lang='lat' dir='ltr'>ut</span> <span class='ocrx_word' id='word_1_60' title='bbox 295 617 363 657; x_wconf 89' lang='lat' dir='ltr'>ipso</span> <span class='ocrx_word' id='word_1_61' title='bbox 386 617 475 647; x_wconf 88' lang='lat' dir='ltr'>salvo</span> <span class='ocrx_word' id='word_1_62' title='bbox 498 615 671 646; x_wconf 88' lang='lat' dir='ltr'>damnatus</span> <span class='ocrx_word' id='word_1_63' title='bbox 694 616 760 646; x_wconf 89' lang='lat' dir='ltr'>voti</span> <span class='ocrx_word' id='word_1_64' title='bbox 784 615 923 655; x_wconf 88' lang='lat' dir='ltr'>pretium</span> <span class='ocrx_word' id='word_1_65' title='bbox 949 614 1051 645; x_wconf 89' lang='lat' dir='ltr'>solve-</span> 
     </span>
     <span class='ocr_line' id='line_1_11' title="bbox 93 657 1050 698; baseline -0.007 -4"><span class='ocrx_word' id='word_1_66' title='bbox 93 668 158 694; x_wconf 88' lang='lat' dir='ltr'>ret:</span> <span class='ocrx_word' id='word_1_67' title='bbox 181 663 225 692; x_wconf 83' lang='lat' dir='ltr'>ita</span> <span class='ocrx_word' id='word_1_68' title='bbox 243 666 274 692; x_wconf 88' lang='lat' dir='ltr'>et</span> <span class='ocrx_word' id='word_1_69' title='bbox 292 660 323 690; x_wconf 94' lang='lat' dir='ltr'>in</span> <span class='ocrx_word' id='word_1_70' title='bbox 347 658 488 698; x_wconf 90' lang='lat' dir='ltr'>reliquis.</span> <span class='ocrx_word' id='word_1_71' title='bbox 524 657 587 689; x_wconf 86' lang='lat' dir='ltr'>Nec</span> <span class='ocrx_word' id='word_1_72' title='bbox 611 658 699 688; x_wconf 91' lang='lat' dir='ltr'>aliud</span> <span class='ocrx_word' id='word_1_73' title='bbox 723 664 793 688; x_wconf 85' lang='lat' dir='ltr'>erat</span> <span class='ocrx_word' id='word_1_74' title='bbox 815 667 932 688; x_wconf 90' lang='lat' dir='ltr'>vovere</span> <span class='ocrx_word' id='word_1_75' title='bbox 955 667 1050 696; x_wconf 89' lang='lat' dir='ltr'>quam</span> 
     </span>
     <span class='ocr_line' id='line_1_12' title="bbox 93 699 1051 740; baseline -0.006 -4"><span class='ocrx_word' id='word_1_76' title='bbox 93 704 289 737; x_wconf 81' lang='lat' dir='ltr'>committere</span> <span class='ocrx_word' id='word_1_77' title='bbox 317 701 389 732; x_wconf 90' lang='lat' dir='ltr'>fidei</span> <span class='ocrx_word' id='word_1_78' title='bbox 416 710 452 732; x_wconf 93' lang='lat' dir='ltr'>ac</span> <span class='ocrx_word' id='word_1_79' title='bbox 479 700 599 731; x_wconf 81' lang='lat' dir='ltr'><strong>tutelae</strong></span> <span class='ocrx_word' id='word_1_80' title='bbox 622 699 686 730; x_wconf 87' lang='lat' dir='ltr'>Dei</span> <span class='ocrx_word' id='word_1_81' title='bbox 708 700 793 740; x_wconf 91' lang='lat' dir='ltr'>quod</span> <span class='ocrx_word' id='word_1_82' title='bbox 816 700 939 731; x_wconf 87' lang='lat' dir='ltr'>servari</span> <span class='ocrx_word' id='word_1_83' title='bbox 962 706 1051 739; x_wconf 88' lang='lat' dir='ltr'>opta-</span> 
     </span>
     <span class='ocr_line' id='line_1_13' title="bbox 92 743 1051 782; baseline -0.006 -4"><span class='ocrx_word' id='word_1_84' title='bbox 92 747 178 778; x_wconf 89' lang='lat' dir='ltr'><strong>bant.</strong></span> <span class='ocrx_word' id='word_1_85' title='bbox 222 745 308 776; x_wconf 90' lang='lat' dir='ltr'>Hinc</span> <span class='ocrx_word' id='word_1_86' title='bbox 337 743 437 774; x_wconf 88' lang='lat' dir='ltr'>nimia</span> <span class='ocrx_word' id='word_1_87' title='bbox 460 748 609 773; x_wconf 90' lang='lat' dir='ltr'>votorum</span> <span class='ocrx_word' id='word_1_88' title='bbox 633 743 814 782; x_wconf 81' lang='lat' dir='ltr'>frequentia</span> <span class='ocrx_word' id='word_1_89' title='bbox 836 753 918 782; x_wconf 90' lang='lat' dir='ltr'>quae</span> <span class='ocrx_word' id='word_1_90' title='bbox 941 747 1051 773; x_wconf 90' lang='lat' dir='ltr'>tamen</span> 
     </span>
     <span class='ocr_line' id='line_1_14' title="bbox 93 785 1051 828; baseline -0.005 -8"><span class='ocrx_word' id='word_1_91' title='bbox 93 790 196 828; x_wconf 86' lang='lat' dir='ltr'>aliquo</span> <span class='ocrx_word' id='word_1_92' title='bbox 218 787 310 818; x_wconf 92' lang='lat' dir='ltr'>modo</span> <span class='ocrx_word' id='word_1_93' title='bbox 331 790 494 826; x_wconf 88' lang='lat' dir='ltr'>praestare</span> <span class='ocrx_word' id='word_1_94' title='bbox 519 796 648 816; x_wconf 88' lang='lat' dir='ltr'>neeesse</span> <span class='ocrx_word' id='word_1_95' title='bbox 671 786 748 820; x_wconf 87' lang='lat' dir='ltr'>fuit,</span> <span class='ocrx_word' id='word_1_96' title='bbox 773 795 814 816; x_wconf 92' lang='lat' dir='ltr'>ne</span> <span class='ocrx_word' id='word_1_97' title='bbox 837 795 963 816; x_wconf 87' lang='lat' dir='ltr'>sacrum</span> <span class='ocrx_word' id='word_1_98' title='bbox 989 785 1051 815; x_wconf 91' lang='lat' dir='ltr'>Dei</span> 
     </span>
     <span class='ocr_line' id='line_1_15' title="bbox 92 827 1051 868; baseline -0.003 -7"><span class='ocrx_word' id='word_1_99' title='bbox 92 841 208 863; x_wconf 90' lang='lat' dir='ltr'>nomen</span> <span class='ocrx_word' id='word_1_100' title='bbox 237 834 450 868; x_wconf 86' lang='lat' dir='ltr'>exponeretur</span> <span class='ocrx_word' id='word_1_101' title='bbox 479 827 626 859; x_wconf 90' lang='lat' dir='ltr'>ludibrio.</span> <span class='ocrx_word' id='word_1_102' title='bbox 672 828 768 859; x_wconf 92' lang='lat' dir='ltr'>Hanc</span> <span class='ocrx_word' id='word_1_103' title='bbox 795 828 1051 858; x_wconf 79' lang='lat' dir='ltr'>aestimationem</span> 
     </span>
     <span class='ocr_line' id='line_1_16' title="bbox 91 869 1052 909; baseline -0.005 -4"><span class='ocrx_word' id='word_1_104' title='bbox 91 871 262 905; x_wconf 89' lang='lat' dir='ltr'>sacerdotis</span> <span class='ocrx_word' id='word_1_105' title='bbox 291 871 422 902; x_wconf 89' lang='lat' dir='ltr'>arbitrio</span> <span class='ocrx_word' id='word_1_106' title='bbox 451 871 599 909; x_wconf 83' lang='lat' dir='ltr'>permisit</span> <span class='ocrx_word' id='word_1_107' title='bbox 627 871 726 902; x_wconf 87' lang='lat' dir='ltr'>Deus.</span> <span class='ocrx_word' id='word_1_108' title='bbox 779 869 817 902; x_wconf 80' lang='lat' dir='ltr'>Si</span> <span class='ocrx_word' id='word_1_109' title='bbox 846 876 953 901; x_wconf 89' lang='lat' dir='ltr'>autem</span> <span class='ocrx_word' id='word_1_110' title='bbox 985 870 1052 901; x_wconf 89' lang='lat' dir='ltr'>ani-</span> 
     </span>
     <span class='ocr_line' id='line_1_17' title="bbox 90 912 1051 953; baseline -0.004 -6"><span class='ocrx_word' id='word_1_111' title='bbox 90 916 154 947; x_wconf 89' lang='lat' dir='ltr'>mal</span> <span class='ocrx_word' id='word_1_112' title='bbox 176 916 208 945; x_wconf 90' lang='lat' dir='ltr'>in</span> <span class='ocrx_word' id='word_1_113' title='bbox 231 913 394 945; x_wconf 89' lang='lat' dir='ltr'>victimam</span> <span class='ocrx_word' id='word_1_114' title='bbox 418 913 525 944; x_wconf 87' lang='lat' dir='ltr'>offerri</span> <span class='ocrx_word' id='word_1_115' title='bbox 551 919 674 953; x_wconf 86' lang='lat' dir='ltr'>posset,</span> <span class='ocrx_word' id='word_1_116' title='bbox 698 913 787 944; x_wconf 89' lang='lat' dir='ltr'>nulla</span> <span class='ocrx_word' id='word_1_117' title='bbox 810 918 880 944; x_wconf 85' lang='lat' dir='ltr'>erat</span> <span class='ocrx_word' id='word_1_118' title='bbox 903 912 1051 952; x_wconf 89' lang='lat' dir='ltr'>redemp-</span> 
     </span>
     <span class='ocr_line' id='line_1_18' title="bbox 90 955 1050 997; baseline -0.004 -8"><span class='ocrx_word' id='word_1_119' title='bbox 90 959 150 989; x_wconf 89' lang='lat' dir='ltr'>tio:</span> <span class='ocrx_word' id='word_1_120' title='bbox 173 957 255 997; x_wconf 90' lang='lat' dir='ltr'>quod</span> <span class='ocrx_word' id='word_1_121' title='bbox 273 956 299 986; x_wconf 88' lang='lat' dir='ltr'>si</span> <span class='ocrx_word' id='word_1_122' title='bbox 317 956 387 995; x_wconf 90' lang='lat' dir='ltr'>quis</span> <span class='ocrx_word' id='word_1_123' title='bbox 406 955 493 986; x_wconf 87' lang='lat' dir='ltr'>aliud</span> <span class='ocrx_word' id='word_1_124' title='bbox 518 956 638 986; x_wconf 88' lang='lat' dir='ltr'>animal</span> <span class='ocrx_word' id='word_1_125' title='bbox 661 955 881 987; x_wconf 83' lang='lat' dir='ltr'>substituisset</span> <span class='ocrx_word' id='word_1_126' title='bbox 904 955 955 986; x_wconf 90' lang='lat' dir='ltr'>vel</span> <span class='ocrx_word' id='word_1_127' title='bbox 979 966 1050 995; x_wconf 90' lang='lat' dir='ltr'>pre-</span> 
     </span>
     <span class='ocr_line' id='line_1_19' title="bbox 89 997 1049 1038; baseline -0.003 -7"><span class='ocrx_word' id='word_1_128' title='bbox 89 1001 169 1031; x_wconf 88' lang='lat' dir='ltr'>tium</span> <span class='ocrx_word' id='word_1_129' title='bbox 198 998 360 1034; x_wconf 84' lang='lat' dir='ltr'>solvisset,</span> <span class='ocrx_word' id='word_1_130' title='bbox 391 997 486 1028; x_wconf 88' lang='lat' dir='ltr'>dabat</span> <span class='ocrx_word' id='word_1_131' title='bbox 508 998 630 1029; x_wconf 85' lang='lat' dir='ltr'>fraudis</span> <span class='ocrx_word' id='word_1_132' title='bbox 654 1008 804 1038; x_wconf 87' lang='lat' dir='ltr'>poenam:</span> <span class='ocrx_word' id='word_1_133' title='bbox 829 999 902 1038; x_wconf 90' lang='lat' dir='ltr'>quia</span> <span class='ocrx_word' id='word_1_134' title='bbox 924 1003 1049 1028; x_wconf 88' lang='lat' dir='ltr'>utrum-</span> 
     </span>
     <span class='ocr_line' id='line_1_20' title="bbox 90 1040 1050 1083; baseline -0.003 -10"><span class='ocrx_word' id='word_1_135' title='bbox 90 1052 151 1083; x_wconf 88' lang='lat' dir='ltr'>que</span> <span class='ocrx_word' id='word_1_136' title='bbox 172 1042 240 1072; x_wconf 91' lang='lat' dir='ltr'>Deo</span> <span class='ocrx_word' id='word_1_137' title='bbox 263 1046 408 1071; x_wconf 84' lang='lat' dir='ltr'>sanctum</span> <span class='ocrx_word' id='word_1_138' title='bbox 433 1040 539 1072; x_wconf 82' lang='lat' dir='ltr'>fiebat.</span> <span class='ocrx_word' id='word_1_139' title='bbox 574 1041 748 1072; x_wconf 83' lang='lat' dir='ltr'>Stabilitur</span> <span class='ocrx_word' id='word_1_140' title='bbox 771 1046 877 1071; x_wconf 90' lang='lat' dir='ltr'>autem</span> <span class='ocrx_word' id='word_1_141' title='bbox 902 1041 1050 1071; x_wconf 89' lang='lat' dir='ltr'>aestima-</span> 
     </span>
     <span class='ocr_line' id='line_1_21' title="bbox 88 1083 1051 1124; baseline -0.003 -8"><span class='ocrx_word' id='word_1_142' title='bbox 88 1085 133 1116; x_wconf 84' lang='lat' dir='ltr'>tio</span> <span class='ocrx_word' id='word_1_143' title='bbox 151 1094 230 1124; x_wconf 89' lang='lat' dir='ltr'>quae</span> <span class='ocrx_word' id='word_1_144' title='bbox 248 1083 379 1114; x_wconf 86' lang='lat' dir='ltr'>voventi</span> <span class='ocrx_word' id='word_1_145' title='bbox 398 1083 548 1122; x_wconf 86' lang='lat' dir='ltr'>imposita</span> <span class='ocrx_word' id='word_1_146' title='bbox 567 1084 638 1120; x_wconf 87' lang='lat' dir='ltr'>erit,</span> <span class='ocrx_word' id='word_1_147' title='bbox 659 1084 733 1124; x_wconf 87' lang='lat' dir='ltr'>quia</span> <span class='ocrx_word' id='word_1_148' title='bbox 751 1083 941 1123; x_wconf 85' lang='lat' dir='ltr'>simpliciter</span> <span class='ocrx_word' id='word_1_149' title='bbox 962 1083 1051 1114; x_wconf 91' lang='lat' dir='ltr'>iubet</span> 
     </span>
     <span class='ocr_line' id='line_1_22' title="bbox 87 1125 1050 1163; baseline -0.002 -5"><span class='ocrx_word' id='word_1_150' title='bbox 87 1128 176 1159; x_wconf 88' lang='lat' dir='ltr'>Deus</span> <span class='ocrx_word' id='word_1_151' title='bbox 186 1126 352 1157; x_wconf 88' lang='lat' dir='ltr'>Israelitas</span> <span class='ocrx_word' id='word_1_152' title='bbox 375 1130 460 1156; x_wconf 86' lang='lat' dir='ltr'>stare</span> <span class='ocrx_word' id='word_1_153' title='bbox 484 1126 686 1157; x_wconf 89' lang='lat' dir='ltr'>sacerdotum</span> <span class='ocrx_word' id='word_1_154' title='bbox 710 1126 837 1163; x_wconf 89' lang='lat' dir='ltr'>iudicio,</span> <span class='ocrx_word' id='word_1_155' title='bbox 861 1131 894 1156; x_wconf 90' lang='lat' dir='ltr'>et</span> <span class='ocrx_word' id='word_1_156' title='bbox 917 1125 1050 1156; x_wconf 89' lang='lat' dir='ltr'>alterius</span> 
     </span>
     <span class='ocr_line' id='line_1_23' title="bbox 86 1168 1048 1209; baseline -0.002 -9"><span class='ocrx_word' id='word_1_157' title='bbox 86 1169 224 1200; x_wconf 90' lang='lat' dir='ltr'>mulctae</span> <span class='ocrx_word' id='word_1_158' title='bbox 254 1168 402 1206; x_wconf 90' lang='lat' dir='ltr'>nomine,</span> <span class='ocrx_word' id='word_1_159' title='bbox 433 1168 550 1199; x_wconf 85' lang='lat' dir='ltr'>addere</span> <span class='ocrx_word' id='word_1_160' title='bbox 582 1169 726 1209; x_wconf 88' lang='lat' dir='ltr'>oportuit</span> <span class='ocrx_word' id='word_1_161' title='bbox 754 1169 901 1209; x_wconf 84' lang='lat' dir='ltr'>quintam</span> <span class='ocrx_word' id='word_1_162' title='bbox 924 1174 1048 1208; x_wconf 88' lang='lat' dir='ltr'>partem</span> 
     </span>
     <span class='ocr_line' id='line_1_24' title="bbox 86 1211 733 1251; baseline -0.002 -8"><span class='ocrx_word' id='word_1_163' title='bbox 86 1212 171 1243; x_wconf 91' lang='lat' dir='ltr'>ultra</span> <span class='ocrx_word' id='word_1_164' title='bbox 192 1212 332 1251; x_wconf 90' lang='lat' dir='ltr'>pretium</span> <span class='ocrx_word' id='word_1_165' title='bbox 357 1221 375 1241; x_wconf 91' lang='lat' dir='ltr'>a</span> <span class='ocrx_word' id='word_1_166' title='bbox 397 1211 561 1242; x_wconf 84' lang='lat' dir='ltr'>sacerdote</span> <span class='ocrx_word' id='word_1_167' title='bbox 585 1211 733 1243; x_wconf 88' lang='lat' dir='ltr'>edictum.</span> 
     </span>
    </p>

    <p class='ocr_par' dir='ltr' id='par_1_3' title="bbox 82 1253 1048 2574">
     <span class='ocr_line' id='line_1_25' title="bbox 172 1253 1047 1294; baseline 0 -10"><span class='ocrx_word' id='word_1_168' title='bbox 172 1254 221 1284; x_wconf 89' lang='grc'>14.</span> <span class='ocrx_word' id='word_1_169' title='bbox 242 1253 299 1284; x_wconf 69' lang='lat' dir='ltr'>Vir</span> <span class='ocrx_word' id='word_1_170' title='bbox 316 1255 418 1284; x_wconf 83' lang='lat' dir='ltr'>autem</span> <span class='ocrx_word' id='word_1_171' title='bbox 437 1264 531 1293; x_wconf 76' lang='lat' dir='ltr'>quum</span> <span class='ocrx_word' id='word_1_172' title='bbox 546 1255 775 1285; x_wconf 72' lang='lat' dir='ltr'>consecraverit.</span> <span class='ocrx_word' id='word_1_173' title='bbox 811 1253 965 1294; x_wconf 81' lang='lat' dir='ltr'>Sequitur</span> <span class='ocrx_word' id='word_1_174' title='bbox 984 1258 1047 1284; x_wconf 89' lang='lat' dir='ltr'>ter-</span> 
     </span>
     <span class='ocr_line' id='line_1_26' title="bbox 86 1296 1047 1336; baseline -0.001 -9"><span class='ocrx_word' id='word_1_175' title='bbox 86 1297 166 1327; x_wconf 88' lang='lat' dir='ltr'>tium</span> <span class='ocrx_word' id='word_1_176' title='bbox 179 1306 281 1336; x_wconf 87' lang='lat' dir='ltr'>genus</span> <span class='ocrx_word' id='word_1_177' title='bbox 294 1301 443 1327; x_wconf 90' lang='lat' dir='ltr'>votorum</span> <span class='ocrx_word' id='word_1_178' title='bbox 458 1297 489 1326; x_wconf 92' lang='lat' dir='ltr'>in</span> <span class='ocrx_word' id='word_1_179' title='bbox 504 1297 728 1328; x_wconf 83' lang='lat' dir='ltr'>consecrandis</span> <span class='ocrx_word' id='word_1_180' title='bbox 748 1296 881 1328; x_wconf 88' lang='lat' dir='ltr'>aedibus</span> <span class='ocrx_word' id='word_1_181' title='bbox 900 1301 932 1327; x_wconf 89' lang='lat' dir='ltr'>et</span> <span class='ocrx_word' id='word_1_182' title='bbox 950 1296 1047 1336; x_wconf 86' lang='lat' dir='ltr'>agris.</span> 
     </span>
     <span class='ocr_line' id='line_1_27' title="bbox 86 1338 1048 1378; baseline -0.001 -8"><span class='ocrx_word' id='word_1_183' title='bbox 86 1338 159 1378; x_wconf 80' lang='lat' dir='ltr'>Qua</span> <span class='ocrx_word' id='word_1_184' title='bbox 180 1339 276 1370; x_wconf 87' lang='lat' dir='ltr'>etiam</span> <span class='ocrx_word' id='word_1_185' title='bbox 299 1338 332 1369; x_wconf 93' lang='lat' dir='ltr'>in</span> <span class='ocrx_word' id='word_1_186' title='bbox 357 1344 449 1378; x_wconf 87' lang='lat' dir='ltr'>parte</span> <span class='ocrx_word' id='word_1_187' title='bbox 472 1340 521 1370; x_wconf 91' lang='lat' dir='ltr'>ius</span> <span class='ocrx_word' id='word_1_188' title='bbox 545 1340 685 1370; x_wconf 88' lang='lat' dir='ltr'>medium</span> <span class='ocrx_word' id='word_1_189' title='bbox 709 1340 869 1376; x_wconf 82' lang='lat' dir='ltr'>statuitur,</span> <span class='ocrx_word' id='word_1_190' title='bbox 894 1350 935 1369; x_wconf 89' lang='lat' dir='ltr'>ne</span> <span class='ocrx_word' id='word_1_191' title='bbox 958 1349 1048 1378; x_wconf 88' lang='lat' dir='ltr'>sper-</span> 
     </span>
     <span class='ocr_line' id='line_1_28' title="bbox 85 1381 1047 1422; baseline -0.001 -9"><span class='ocrx_word' id='word_1_192' title='bbox 85 1387 182 1413; x_wconf 88' lang='lat' dir='ltr'>natur</span> <span class='ocrx_word' id='word_1_193' title='bbox 209 1381 321 1421; x_wconf 86' lang='lat' dir='ltr'>religio</span> <span class='ocrx_word' id='word_1_194' title='bbox 352 1387 383 1412; x_wconf 89' lang='lat' dir='ltr'>et</span> <span class='ocrx_word' id='word_1_195' title='bbox 407 1387 514 1412; x_wconf 86' lang='lat' dir='ltr'>tamen</span> <span class='ocrx_word' id='word_1_196' title='bbox 538 1393 603 1413; x_wconf 91' lang='lat' dir='ltr'>non</span> <span class='ocrx_word' id='word_1_197' title='bbox 627 1383 802 1422; x_wconf 85' lang='lat' dir='ltr'>abigantur</span> <span class='ocrx_word' id='word_1_198' title='bbox 824 1393 841 1413; x_wconf 92' lang='lat' dir='ltr'>e</span> <span class='ocrx_word' id='word_1_199' title='bbox 864 1392 923 1412; x_wconf 90' lang='lat' dir='ltr'>suo</span> <span class='ocrx_word' id='word_1_200' title='bbox 947 1381 1047 1412; x_wconf 88' lang='lat' dir='ltr'>demi-</span> 
     </span>
     <span class='ocr_line' id='line_1_29' title="bbox 85 1423 1046 1465; baseline -0.002 -9"><span class='ocrx_word' id='word_1_201' title='bbox 85 1424 158 1457; x_wconf 88' lang='lat' dir='ltr'>cilio</span> <span class='ocrx_word' id='word_1_202' title='bbox 187 1424 262 1454; x_wconf 91' lang='lat' dir='ltr'>iusti</span> <span class='ocrx_word' id='word_1_203' title='bbox 293 1434 508 1463; x_wconf 84' lang='lat' dir='ltr'>possessores,</span> <span class='ocrx_word' id='word_1_204' title='bbox 540 1425 589 1455; x_wconf 90' lang='lat' dir='ltr'>vel</span> <span class='ocrx_word' id='word_1_205' title='bbox 614 1426 683 1465; x_wconf 85' lang='lat' dir='ltr'>agri</span> <span class='ocrx_word' id='word_1_206' title='bbox 707 1425 837 1456; x_wconf 90' lang='lat' dir='ltr'>inutiles</span> <span class='ocrx_word' id='word_1_207' title='bbox 860 1423 1046 1460; x_wconf 87' lang='lat' dir='ltr'>reddantur,</span> 
     </span>
     <span class='ocr_line' id='line_1_30' title="bbox 84 1466 1046 1507; baseline -0.002 -8"><span class='ocrx_word' id='word_1_208' title='bbox 84 1471 229 1499; x_wconf 82' lang='lat' dir='ltr'>cessante</span> <span class='ocrx_word' id='word_1_209' title='bbox 258 1466 392 1498; x_wconf 80' lang='lat' dir='ltr'>cultura.</span> <span class='ocrx_word' id='word_1_210' title='bbox 438 1466 612 1498; x_wconf 87' lang='lat' dir='ltr'>Vovebant</span> <span class='ocrx_word' id='word_1_211' title='bbox 641 1478 737 1507; x_wconf 92' lang='lat' dir='ltr'>porro</span> <span class='ocrx_word' id='word_1_212' title='bbox 762 1478 835 1498; x_wconf 86' lang='lat' dir='ltr'>suas</span> <span class='ocrx_word' id='word_1_213' title='bbox 859 1467 970 1497; x_wconf 89' lang='lat' dir='ltr'>domos</span> <span class='ocrx_word' id='word_1_214' title='bbox 994 1467 1046 1506; x_wconf 90' lang='lat' dir='ltr'>qui</span> 
     </span>
     <span class='ocr_line' id='line_1_31' title="bbox 84 1509 1047 1550; baseline -0.001 -9"><span class='ocrx_word' id='word_1_215' title='bbox 84 1513 187 1541; x_wconf 82' lang='lat' dir='ltr'>tutam</span> <span class='ocrx_word' id='word_1_216' title='bbox 199 1509 264 1540; x_wconf 90' lang='lat' dir='ltr'>illic</span> <span class='ocrx_word' id='word_1_217' title='bbox 283 1514 312 1539; x_wconf 87' lang='lat' dir='ltr'>et</span> <span class='ocrx_word' id='word_1_218' title='bbox 331 1509 502 1546; x_wconf 84' lang='lat' dir='ltr'>salubrem,</span> <span class='ocrx_word' id='word_1_219' title='bbox 523 1516 553 1540; x_wconf 92' lang='lat' dir='ltr'>et</span> <span class='ocrx_word' id='word_1_220' title='bbox 571 1511 674 1541; x_wconf 87' lang='lat' dir='ltr'>modis</span> <span class='ocrx_word' id='word_1_221' title='bbox 693 1510 841 1541; x_wconf 87' lang='lat' dir='ltr'>omnibus</span> <span class='ocrx_word' id='word_1_222' title='bbox 860 1520 1047 1550; x_wconf 90' lang='lat' dir='ltr'>prosperam</span> 
     </span>
     <span class='ocr_line' id='line_1_32' title="bbox 85 1551 1046 1591; baseline -0.001 -8"><span class='ocrx_word' id='word_1_223' title='bbox 85 1551 314 1583; x_wconf 87' lang='lat' dir='ltr'>habitationem</span> <span class='ocrx_word' id='word_1_224' title='bbox 340 1563 357 1582; x_wconf 91' lang='lat' dir='ltr'>a</span> <span class='ocrx_word' id='word_1_225' title='bbox 377 1551 447 1582; x_wconf 91' lang='lat' dir='ltr'>Deo</span> <span class='ocrx_word' id='word_1_226' title='bbox 471 1553 623 1591; x_wconf 88' lang='lat' dir='ltr'>petebant</span> <span class='ocrx_word' id='word_1_227' title='bbox 647 1553 706 1584; x_wconf 91' lang='lat' dir='ltr'>sibi</span> <span class='ocrx_word' id='word_1_228' title='bbox 731 1559 762 1583; x_wconf 90' lang='lat' dir='ltr'>et</span> <span class='ocrx_word' id='word_1_229' title='bbox 785 1553 860 1583; x_wconf 86' lang='lat' dir='ltr'>suis.</span> <span class='ocrx_word' id='word_1_230' title='bbox 897 1552 961 1590; x_wconf 79' lang='lat' dir='ltr'>Qui</span> <span class='ocrx_word' id='word_1_231' title='bbox 985 1553 1046 1583; x_wconf 86' lang='lat' dir='ltr'>fer-</span> 
     </span>
     <span class='ocr_line' id='line_1_33' title="bbox 85 1594 1046 1635; baseline 0 -10"><span class='ocrx_word' id='word_1_232' title='bbox 85 1595 236 1625; x_wconf 88' lang='lat' dir='ltr'>tilitatem</span> <span class='ocrx_word' id='word_1_233' title='bbox 255 1594 341 1635; x_wconf 84' lang='lat' dir='ltr'>agris</span> <span class='ocrx_word' id='word_1_234' title='bbox 355 1595 422 1626; x_wconf 91' lang='lat' dir='ltr'>suis</span> <span class='ocrx_word' id='word_1_235' title='bbox 436 1595 611 1634; x_wconf 90' lang='lat' dir='ltr'>impetrare</span> <span class='ocrx_word' id='word_1_236' title='bbox 625 1596 768 1635; x_wconf 82' lang='lat' dir='ltr'>optabat,</span> <span class='ocrx_word' id='word_1_237' title='bbox 780 1606 820 1626; x_wconf 89' lang='lat' dir='ltr'>ex</span> <span class='ocrx_word' id='word_1_238' title='bbox 834 1595 942 1626; x_wconf 87' lang='lat' dir='ltr'>decem</span> <span class='ocrx_word' id='word_1_239' title='bbox 956 1596 1046 1635; x_wconf 85' lang='lat' dir='ltr'>iuge-</span> 
     </span>
     <span class='ocr_line' id='line_1_34' title="bbox 83 1637 1047 1678; baseline -0.001 -10"><span class='ocrx_word' id='word_1_240' title='bbox 83 1637 170 1669; x_wconf 90' lang='lat' dir='ltr'>ribus</span> <span class='ocrx_word' id='word_1_241' title='bbox 198 1642 252 1668; x_wconf 90' lang='lat' dir='ltr'>aut</span> <span class='ocrx_word' id='word_1_242' title='bbox 282 1637 400 1678; x_wconf 83' lang='lat' dir='ltr'>viginti</span> <span class='ocrx_word' id='word_1_243' title='bbox 430 1638 564 1668; x_wconf 89' lang='lat' dir='ltr'>vovebat</span> <span class='ocrx_word' id='word_1_244' title='bbox 596 1649 707 1669; x_wconf 89' lang='lat' dir='ltr'>unum.</span> <span class='ocrx_word' id='word_1_245' title='bbox 752 1638 819 1669; x_wconf 89' lang='lat' dir='ltr'>Nec</span> <span class='ocrx_word' id='word_1_246' title='bbox 843 1638 974 1668; x_wconf 89' lang='lat' dir='ltr'>dubium</span> <span class='ocrx_word' id='word_1_247' title='bbox 999 1642 1047 1668; x_wconf 85' lang='lat' dir='ltr'>est</span> 
     </span>
     <span class='ocr_line' id='line_1_35' title="bbox 83 1680 1047 1720; baseline -0.001 -9"><span class='ocrx_word' id='word_1_248' title='bbox 83 1680 162 1720; x_wconf 90' lang='lat' dir='ltr'>quin</span> <span class='ocrx_word' id='word_1_249' title='bbox 190 1680 320 1720; x_wconf 85' lang='lat' dir='ltr'>pietatis</span> <span class='ocrx_word' id='word_1_250' title='bbox 350 1680 503 1711; x_wconf 81' lang='lat' dir='ltr'>exercitio</span> <span class='ocrx_word' id='word_1_251' title='bbox 534 1682 709 1720; x_wconf 85' lang='lat' dir='ltr'>permistae</span> <span class='ocrx_word' id='word_1_252' title='bbox 733 1681 897 1712; x_wconf 89' lang='lat' dir='ltr'>interdum</span> <span class='ocrx_word' id='word_1_253' title='bbox 922 1680 1047 1711; x_wconf 84' lang='lat' dir='ltr'>fuerint</span> 
     </span>
     <span class='ocr_line' id='line_1_36' title="bbox 83 1722 1046 1763; baseline -0.002 -8"><span class='ocrx_word' id='word_1_254' title='bbox 83 1722 325 1763; x_wconf 83' lang='lat' dir='ltr'>superstitiosae</span> <span class='ocrx_word' id='word_1_255' title='bbox 352 1733 476 1762; x_wconf 83' lang='lat' dir='ltr'>preces,</span> <span class='ocrx_word' id='word_1_256' title='bbox 509 1734 544 1754; x_wconf 87' lang='lat' dir='ltr'>ac</span> <span class='ocrx_word' id='word_1_257' title='bbox 576 1724 601 1754; x_wconf 90' lang='lat' dir='ltr'>si</span> <span class='ocrx_word' id='word_1_258' title='bbox 627 1730 720 1763; x_wconf 87' lang='lat' dir='ltr'>pacta</span> <span class='ocrx_word' id='word_1_259' title='bbox 742 1723 889 1754; x_wconf 85' lang='lat' dir='ltr'>mercede</span> <span class='ocrx_word' id='word_1_260' title='bbox 914 1722 976 1754; x_wconf 91' lang='lat' dir='ltr'>Dei</span> <span class='ocrx_word' id='word_1_261' title='bbox 999 1723 1046 1753; x_wconf 87' lang='lat' dir='ltr'>fa·</span> 
     </span>
     <span class='ocr_line' id='line_1_37' title="bbox 83 1765 1045 1806; baseline -0.001 -9"><span class='ocrx_word' id='word_1_262' title='bbox 83 1775 193 1798; x_wconf 88' lang='lat' dir='ltr'>vorem</span> <span class='ocrx_word' id='word_1_263' title='bbox 227 1765 286 1796; x_wconf 90' lang='lat' dir='ltr'>sibi</span> <span class='ocrx_word' id='word_1_264' title='bbox 315 1766 528 1805; x_wconf 82' lang='lat' dir='ltr'>acquirerent.</span> <span class='ocrx_word' id='word_1_265' title='bbox 582 1765 707 1797; x_wconf 90' lang='lat' dir='ltr'>Verum</span> <span class='ocrx_word' id='word_1_266' title='bbox 738 1767 812 1806; x_wconf 91' lang='lat' dir='ltr'>quia</span> <span class='ocrx_word' id='word_1_267' title='bbox 843 1777 894 1797; x_wconf 88' lang='lat' dir='ltr'>res</span> <span class='ocrx_word' id='word_1_268' title='bbox 924 1776 982 1806; x_wconf 90' lang='lat' dir='ltr'>per</span> <span class='ocrx_word' id='word_1_269' title='bbox 1012 1776 1045 1796; x_wconf 90' lang='grc'>50</span> 
     </span>
     <span class='ocr_line' id='line_1_38' title="bbox 82 1808 1046 1848; baseline -0.001 -8"><span class='ocrx_word' id='word_1_270' title='bbox 82 1808 167 1840; x_wconf 88' lang='lat' dir='ltr'>mala</span> <span class='ocrx_word' id='word_1_271' title='bbox 196 1818 261 1838; x_wconf 88' lang='lat' dir='ltr'>non</span> <span class='ocrx_word' id='word_1_272' title='bbox 292 1813 377 1845; x_wconf 90' lang='lat' dir='ltr'>erat,</span> <span class='ocrx_word' id='word_1_273' title='bbox 407 1808 487 1839; x_wconf 88' lang='lat' dir='ltr'>vitia</span> <span class='ocrx_word' id='word_1_274' title='bbox 514 1819 596 1848; x_wconf 87' lang='lat' dir='ltr'>quae</span> <span class='ocrx_word' id='word_1_275' title='bbox 626 1820 689 1840; x_wconf 90' lang='lat' dir='ltr'>non</span> <span class='ocrx_word' id='word_1_276' title='bbox 714 1810 758 1840; x_wconf 86' lang='lat' dir='ltr'>ita</span> <span class='ocrx_word' id='word_1_277' title='bbox 782 1809 872 1839; x_wconf 84' lang='lat' dir='ltr'>facile</span> <span class='ocrx_word' id='word_1_278' title='bbox 896 1814 1046 1848; x_wconf 86' lang='lat' dir='ltr'>poterant</span> 
     </span>
     <span class='ocr_line' id='line_1_39' title="bbox 83 1850 1042 1892; baseline -0.002 -9"><span class='ocrx_word' id='word_1_279' title='bbox 83 1851 213 1892; x_wconf 84' lang='lat' dir='ltr'>corrigi,</span> <span class='ocrx_word' id='word_1_280' title='bbox 236 1850 444 1890; x_wconf 84' lang='lat' dir='ltr'>indulgenter</span> <span class='ocrx_word' id='word_1_281' title='bbox 467 1851 618 1882; x_wconf 87' lang='lat' dir='ltr'>toleravit</span> <span class='ocrx_word' id='word_1_282' title='bbox 644 1853 740 1890; x_wconf 81' lang='lat' dir='ltr'>Deus,</span> <span class='ocrx_word' id='word_1_283' title='bbox 766 1863 804 1882; x_wconf 89' lang='lat' dir='ltr'>ne</span> <span class='ocrx_word' id='word_1_284' title='bbox 828 1862 937 1882; x_wconf 88' lang='lat' dir='ltr'>eorum</span> <span class='ocrx_word' id='word_1_285' title='bbox 962 1852 1042 1888; x_wconf 83' lang='lat' dir='ltr'>odio,</span> 
     </span>
     <span class='ocr_line' id='line_1_40' title="bbox 83 1893 1046 1935; baseline -0.001 -10"><span class='ocrx_word' id='word_1_286' title='bbox 83 1904 162 1934; x_wconf 82' lang='lat' dir='ltr'>quae</span> <span class='ocrx_word' id='word_1_287' title='bbox 184 1899 215 1924; x_wconf 91' lang='lat' dir='ltr'>et</span> <span class='ocrx_word' id='word_1_288' title='bbox 239 1893 332 1924; x_wconf 88' lang='lat' dir='ltr'>utilia</span> <span class='ocrx_word' id='word_1_289' title='bbox 355 1898 385 1924; x_wconf 88' lang='lat' dir='ltr'>et</span> <span class='ocrx_word' id='word_1_290' title='bbox 410 1893 503 1924; x_wconf 85' lang='lat' dir='ltr'>laude</span> <span class='ocrx_word' id='word_1_291' title='bbox 527 1893 626 1935; x_wconf 82' lang='lat' dir='ltr'>digna</span> <span class='ocrx_word' id='word_1_292' title='bbox 649 1901 756 1932; x_wconf 87' lang='lat' dir='ltr'>erant,</span> <span class='ocrx_word' id='word_1_293' title='bbox 787 1905 919 1934; x_wconf 91' lang='lat' dir='ltr'>prorsus</span> <span class='ocrx_word' id='word_1_294' title='bbox 941 1893 1046 1925; x_wconf 87' lang='lat' dir='ltr'>abole—</span> 
     </span>
     <span class='ocr_line' id='line_1_41' title="bbox 82 1936 1044 1978; baseline 0 -11"><span class='ocrx_word' id='word_1_295' title='bbox 82 1942 146 1974; x_wconf 44' lang='lat' dir='ltr'>ret..</span> <span class='ocrx_word' id='word_1_296' title='bbox 174 1936 260 1967; x_wconf 88' lang='lat' dir='ltr'>Hine</span> <span class='ocrx_word' id='word_1_297' title='bbox 279 1936 436 1976; x_wconf 86' lang='lat' dir='ltr'>permissa</span> <span class='ocrx_word' id='word_1_298' title='bbox 458 1942 524 1967; x_wconf 86' lang='lat' dir='ltr'>tam</span> <span class='ocrx_word' id='word_1_299' title='bbox 548 1936 661 1968; x_wconf 89' lang='lat' dir='ltr'>domus</span> <span class='ocrx_word' id='word_1_300' title='bbox 685 1948 781 1977; x_wconf 88' lang='lat' dir='ltr'>quam</span> <span class='ocrx_word' id='word_1_301' title='bbox 805 1937 874 1978; x_wconf 84' lang='lat' dir='ltr'>agri</span> <span class='ocrx_word' id='word_1_302' title='bbox 897 1937 1044 1976; x_wconf 89' lang='lat' dir='ltr'>redemp-</span> 
     </span>
     <span class='ocr_line' id='line_1_42' title="bbox 82 1979 137 2010; baseline -0.018 0"><span class='ocrx_word' id='word_1_303' title='bbox 82 1979 137 2010; x_wconf 84' lang='lat' dir='ltr'>tio.</span> 
     </span>
     <span class='ocr_line' id='line_1_43' title="bbox 84 2021 1044 2063; baseline -0.001 -10"><span class='ocrx_word' id='word_1_304' title='bbox 84 2021 195 2059; x_wconf 91' lang='lat' dir='ltr'>dendo,</span> <span class='ocrx_word' id='word_1_305' title='bbox 219 2021 349 2061; x_wconf 83' lang='lat' dir='ltr'>gravior</span> <span class='ocrx_word' id='word_1_306' title='bbox 366 2032 469 2061; x_wconf 91' lang='lat' dir='ltr'>poena</span> <span class='ocrx_word' id='word_1_307' title='bbox 488 2022 628 2060; x_wconf 84' lang='lat' dir='ltr'>additur,</span> <span class='ocrx_word' id='word_1_308' title='bbox 652 2028 687 2053; x_wconf 91' lang='lat' dir='ltr'>ut</span> <span class='ocrx_word' id='word_1_309' title='bbox 707 2024 738 2053; x_wconf 91' lang='lat' dir='ltr'>in</span> <span class='ocrx_word' id='word_1_310' title='bbox 760 2028 951 2063; x_wconf 89' lang='lat' dir='ltr'>perpetuum</span> <span class='ocrx_word' id='word_1_311' title='bbox 975 2023 1044 2061; x_wconf 88' lang='lat' dir='ltr'>ipso</span> 
     </span>
     <span class='ocr_line' id='line_1_44' title="bbox 84 2064 1045 2096; baseline -0.001 0"><span class='ocrx_word' id='word_1_312' title='bbox 84 2069 198 2096; x_wconf 88' lang='lat' dir='ltr'>careat.</span> <span class='ocrx_word' id='word_1_313' title='bbox 233 2064 283 2095; x_wconf 88' lang='lat' dir='ltr'>De</span> <span class='ocrx_word' id='word_1_314' title='bbox 313 2074 398 2095; x_wconf 90' lang='lat' dir='ltr'>anno</span> <span class='ocrx_word' id='word_1_315' title='bbox 421 2065 557 2096; x_wconf 87' lang='lat' dir='ltr'>Iubilaei</span> <span class='ocrx_word' id='word_1_316' title='bbox 581 2065 655 2095; x_wconf 90' lang='lat' dir='ltr'>alibi</span> <span class='ocrx_word' id='word_1_317' title='bbox 679 2065 803 2096; x_wconf 83' lang='lat' dir='ltr'>dicetur</span> <span class='ocrx_word' id='word_1_318' title='bbox 826 2065 939 2096; x_wconf 78' lang='lat' dir='ltr'>fusius.</span> <span class='ocrx_word' id='word_1_319' title='bbox 974 2065 1045 2096; x_wconf 89' lang='lat' dir='ltr'>Hoc</span> 
     </span>
     <span class='ocr_line' id='line_1_45' title="bbox 84 2106 1046 2148; baseline -0.001 -10"><span class='ocrx_word' id='word_1_320' title='bbox 84 2108 117 2138; x_wconf 90' lang='lat' dir='ltr'>in</span> <span class='ocrx_word' id='word_1_321' title='bbox 136 2106 316 2147; x_wconf 89' lang='lat' dir='ltr'>praesentia</span> <span class='ocrx_word' id='word_1_322' title='bbox 336 2107 514 2137; x_wconf 88' lang='lat' dir='ltr'>notandum</span> <span class='ocrx_word' id='word_1_323' title='bbox 535 2114 592 2144; x_wconf 82' lang='lat' dir='ltr'>est,</span> <span class='ocrx_word' id='word_1_324' title='bbox 616 2119 656 2138; x_wconf 91' lang='lat' dir='ltr'>ne</span> <span class='ocrx_word' id='word_1_325' title='bbox 675 2119 818 2148; x_wconf 90' lang='lat' dir='ltr'>unquam</span> <span class='ocrx_word' id='word_1_326' title='bbox 839 2107 1046 2139; x_wconf 72' lang='lat' dir='ltr'>intercideret</span> 
     </span>
     <span class='ocr_line' id='line_1_46' title="bbox 85 2150 1045 2192; baseline -0.001 -11"><span class='ocrx_word' id='word_1_327' title='bbox 85 2155 188 2181; x_wconf 88' lang='lat' dir='ltr'>terrae</span> <span class='ocrx_word' id='word_1_328' title='bbox 207 2150 336 2189; x_wconf 87' lang='lat' dir='ltr'>partitio</span> <span class='ocrx_word' id='word_1_329' title='bbox 355 2150 438 2180; x_wconf 82' lang='lat' dir='ltr'>faeta</span> <span class='ocrx_word' id='word_1_330' title='bbox 457 2150 518 2181; x_wconf 89' lang='lat' dir='ltr'>sub</span> <span class='ocrx_word' id='word_1_331' title='bbox 530 2150 625 2181; x_wconf 88' lang='lat' dir='ltr'>Iosue</span> <span class='ocrx_word' id='word_1_332' title='bbox 645 2150 809 2192; x_wconf 79' lang='lat' dir='ltr'>(quoniam</span> <span class='ocrx_word' id='word_1_333' title='bbox 829 2151 913 2182; x_wconf 82' lang='lat' dir='ltr'>clare</span> <span class='ocrx_word' id='word_1_334' title='bbox 937 2157 1045 2181; x_wconf 89' lang='lat' dir='ltr'>osten-</span> 
     </span>
     <span class='ocr_line' id='line_1_47' title="bbox 87 2191 1045 2235; baseline 0.002 -13"><span class='ocrx_word' id='word_1_335' title='bbox 87 2192 176 2223; x_wconf 88' lang='lat' dir='ltr'>derat</span> <span class='ocrx_word' id='word_1_336' title='bbox 198 2191 286 2223; x_wconf 81' lang='lat' dir='ltr'>Deus</span> <span class='ocrx_word' id='word_1_337' title='bbox 316 2192 384 2223; x_wconf 86' lang='lat' dir='ltr'>eius</span> <span class='ocrx_word' id='word_1_338' title='bbox 414 2204 448 2223; x_wconf 91' lang='lat' dir='ltr'>se</span> <span class='ocrx_word' id='word_1_339' title='bbox 477 2203 546 2223; x_wconf 86' lang='lat' dir='ltr'>esse</span> <span class='ocrx_word' id='word_1_340' title='bbox 577 2193 750 2235; x_wconf 78' lang='lat' dir='ltr'>autorem),</span> <span class='ocrx_word' id='word_1_341' title='bbox 780 2193 1045 2233; x_wconf 81' lang='lat' dir='ltr'>quinquagesimo</span> 
     </span>
     <span class='ocr_line' id='line_1_48' title="bbox 87 2235 1045 2276; baseline 0.002 -12"><span class='ocrx_word' id='word_1_342' title='bbox 87 2245 210 2274; x_wconf 89' lang='lat' dir='ltr'>quoque</span> <span class='ocrx_word' id='word_1_343' title='bbox 232 2244 316 2265; x_wconf 87' lang='lat' dir='ltr'>anno</span> <span class='ocrx_word' id='word_1_344' title='bbox 335 2235 498 2266; x_wconf 89' lang='lat' dir='ltr'>revocavit</span> <span class='ocrx_word' id='word_1_345' title='bbox 512 2236 601 2266; x_wconf 89' lang='lat' dir='ltr'>Deus</span> <span class='ocrx_word' id='word_1_346' title='bbox 624 2237 769 2276; x_wconf 83' lang='lat' dir='ltr'>singulas</span> <span class='ocrx_word' id='word_1_347' title='bbox 792 2237 895 2267; x_wconf 87' lang='lat' dir='ltr'>tribus</span> <span class='ocrx_word' id='word_1_348' title='bbox 918 2235 958 2266; x_wconf 89' lang='lat' dir='ltr'>ad</span> <span class='ocrx_word' id='word_1_349' title='bbox 981 2236 1045 2276; x_wconf 86' lang='lat' dir='ltr'>pri·</span> 
     </span>
     <span class='ocr_line' id='line_1_49' title="bbox 88 2278 1045 2319; baseline 0.002 -11"><span class='ocrx_word' id='word_1_350' title='bbox 88 2287 171 2308; x_wconf 90' lang='lat' dir='ltr'>mam</span> <span class='ocrx_word' id='word_1_351' title='bbox 195 2282 326 2314; x_wconf 73' lang='lat' dir='ltr'>sortem,</span> <span class='ocrx_word' id='word_1_352' title='bbox 350 2282 445 2317; x_wconf 86' lang='lat' dir='ltr'>atque</span> <span class='ocrx_word' id='word_1_353' title='bbox 467 2278 513 2308; x_wconf 86' lang='lat' dir='ltr'>ita</span> <span class='ocrx_word' id='word_1_354' title='bbox 535 2288 734 2317; x_wconf 75' lang='lat' dir='ltr'>possessores</span> <span class='ocrx_word' id='word_1_355' title='bbox 757 2289 837 2318; x_wconf 89' lang='lat' dir='ltr'>quos</span> <span class='ocrx_word' id='word_1_356' title='bbox 860 2279 968 2319; x_wconf 84' lang='lat' dir='ltr'>inopia</span> <span class='ocrx_word' id='word_1_357' title='bbox 991 2289 1045 2309; x_wconf 82' lang='lat' dir='ltr'>ex-</span> 
     </span>
     <span class='ocr_line' id='line_1_50' title="bbox 88 2319 1046 2361; baseline 0.003 -12"><span class='ocrx_word' id='word_1_358' title='bbox 88 2320 222 2359; x_wconf 86' lang='lat' dir='ltr'>pulerat,</span> <span class='ocrx_word' id='word_1_359' title='bbox 243 2319 275 2349; x_wconf 92' lang='lat' dir='ltr'>in</span> <span class='ocrx_word' id='word_1_360' title='bbox 288 2320 449 2360; x_wconf 87' lang='lat' dir='ltr'>integrum</span> <span class='ocrx_word' id='word_1_361' title='bbox 464 2322 613 2351; x_wconf 74' lang='lat' dir='ltr'>restituit.</span> <span class='ocrx_word' id='word_1_362' title='bbox 644 2321 716 2359; x_wconf 75' lang='lat' dir='ltr'>Quo</span> <span class='ocrx_word' id='word_1_363' title='bbox 729 2327 837 2352; x_wconf 86' lang='lat' dir='ltr'>autem</span> <span class='ocrx_word' id='word_1_364' title='bbox 852 2322 979 2361; x_wconf 90' lang='lat' dir='ltr'>propior</span> <span class='ocrx_word' id='word_1_365' title='bbox 991 2328 1046 2352; x_wconf 90' lang='lat' dir='ltr'>aut</span> 
     </span>
     <span class='ocr_line' id='line_1_51' title="bbox 89 2362 1044 2403; baseline 0.002 -10"><span class='ocrx_word' id='word_1_366' title='bbox 89 2362 238 2393; x_wconf 86' lang='lat' dir='ltr'>remotior</span> <span class='ocrx_word' id='word_1_367' title='bbox 256 2368 324 2392; x_wconf 88' lang='lat' dir='ltr'>erat</span> <span class='ocrx_word' id='word_1_368' title='bbox 343 2374 445 2394; x_wconf 90' lang='lat' dir='ltr'>annus</span> <span class='ocrx_word' id='word_1_369' title='bbox 464 2363 527 2401; x_wconf 81' lang='lat' dir='ltr'>ille,</span> <span class='ocrx_word' id='word_1_370' title='bbox 552 2369 643 2403; x_wconf 86' lang='lat' dir='ltr'>prout</span> <span class='ocrx_word' id='word_1_371' title='bbox 668 2364 771 2401; x_wconf 76' lang='lat' dir='ltr'>magis</span> <span class='ocrx_word' id='word_1_372' title='bbox 795 2370 825 2394; x_wconf 90' lang='lat' dir='ltr'>et</span> <span class='ocrx_word' id='word_1_373' title='bbox 845 2365 950 2395; x_wconf 91' lang='lat' dir='ltr'>minus</span> <span class='ocrx_word' id='word_1_374' title='bbox 974 2364 1044 2394; x_wconf 88' lang='lat' dir='ltr'>diu-</span> 
     </span>
     <span class='ocr_line' id='line_1_52' title="bbox 91 2404 1044 2446; baseline 0.003 -12"><span class='ocrx_word' id='word_1_375' title='bbox 91 2410 186 2435; x_wconf 81' lang='lat' dir='ltr'>turna</span> <span class='ocrx_word' id='word_1_376' title='bbox 226 2404 333 2435; x_wconf 80' lang='lat' dir='ltr'>futura</span> <span class='ocrx_word' id='word_1_377' title='bbox 365 2411 433 2436; x_wconf 87' lang='lat' dir='ltr'>erat</span> <span class='ocrx_word' id='word_1_378' title='bbox 468 2408 641 2446; x_wconf 86' lang='lat' dir='ltr'>possessio,</span> <span class='ocrx_word' id='word_1_379' title='bbox 686 2407 814 2437; x_wconf 75' lang='lat' dir='ltr'>viliores</span> <span class='ocrx_word' id='word_1_380' title='bbox 849 2412 942 2437; x_wconf 86' lang='lat' dir='ltr'>erant</span> <span class='ocrx_word' id='word_1_381' title='bbox 975 2407 1044 2446; x_wconf 86' lang='lat' dir='ltr'>agri</span> 
     </span>
     <span class='ocr_line' id='line_1_53' title="bbox 90 2446 1043 2490; baseline 0.002 -12"><span class='ocrx_word' id='word_1_382' title='bbox 90 2451 146 2478; x_wconf 88' lang='lat' dir='ltr'>aut</span> <span class='ocrx_word' id='word_1_383' title='bbox 167 2446 310 2477; x_wconf 86' lang='lat' dir='ltr'>cariores.</span> <span class='ocrx_word' id='word_1_384' title='bbox 343 2447 416 2478; x_wconf 88' lang='lat' dir='ltr'>Non</span> <span class='ocrx_word' id='word_1_385' title='bbox 441 2449 574 2479; x_wconf 87' lang='lat' dir='ltr'>metitur</span> <span class='ocrx_word' id='word_1_386' title='bbox 598 2449 725 2489; x_wconf 83' lang='lat' dir='ltr'>quidem</span> <span class='ocrx_word' id='word_1_387' title='bbox 747 2450 834 2480; x_wconf 88' lang='lat' dir='ltr'>Deus</span> <span class='ocrx_word' id='word_1_388' title='bbox 857 2460 951 2490; x_wconf 85' lang='lat' dir='ltr'>agros</span> <span class='ocrx_word' id='word_1_389' title='bbox 974 2460 1043 2489; x_wconf 91' lang='lat' dir='ltr'>per—</span> 
     </span>
     <span class='ocr_line' id='line_1_54' title="bbox 87 2489 1045 2532; baseline 0.003 -12"><span class='ocrx_word' id='word_1_390' title='bbox 87 2490 151 2521; x_wconf 87' lang='lat' dir='ltr'>tica</span> <span class='ocrx_word' id='word_1_391' title='bbox 170 2489 220 2519; x_wconf 91' lang='lat' dir='ltr'>vel</span> <span class='ocrx_word' id='word_1_392' title='bbox 243 2489 326 2526; x_wconf 86' lang='lat' dir='ltr'>fune,</span> <span class='ocrx_word' id='word_1_393' title='bbox 350 2490 403 2521; x_wconf 89' lang='lat' dir='ltr'>sed</span> <span class='ocrx_word' id='word_1_394' title='bbox 427 2491 625 2531; x_wconf 80' lang='lat' dir='ltr'>simpliciter,</span> <span class='ocrx_word' id='word_1_395' title='bbox 649 2497 685 2522; x_wconf 92' lang='lat' dir='ltr'>ut</span> <span class='ocrx_word' id='word_1_396' title='bbox 708 2492 790 2532; x_wconf 89' lang='lat' dir='ltr'>apud</span> <span class='ocrx_word' id='word_1_397' title='bbox 815 2493 895 2523; x_wconf 90' lang='lat' dir='ltr'>rude</span> <span class='ocrx_word' id='word_1_398' title='bbox 918 2492 1045 2532; x_wconf 74' lang='lat' dir='ltr'>vulgus,</span> 
     </span>
     <span class='ocr_line' id='line_1_55' title="bbox 88 2531 1046 2574; baseline 0.001 -11"><span class='ocrx_word' id='word_1_399' title='bbox 88 2543 107 2563; x_wconf 86' lang='lat' dir='ltr'>a</span> <span class='ocrx_word' id='word_1_400' title='bbox 136 2531 259 2562; x_wconf 86' lang='lat' dir='ltr'>satione</span> <span class='ocrx_word' id='word_1_401' title='bbox 287 2533 444 2563; x_wconf 86' lang='lat' dir='ltr'>aestimat:</span> <span class='ocrx_word' id='word_1_402' title='bbox 473 2545 588 2574; x_wconf 85' lang='lat' dir='ltr'>nempe</span> <span class='ocrx_word' id='word_1_403' title='bbox 618 2540 651 2565; x_wconf 92' lang='lat' dir='ltr'>ut</span> <span class='ocrx_word' id='word_1_404' title='bbox 679 2545 756 2574; x_wconf 83' lang='lat' dir='ltr'>ager</span> <span class='ocrx_word' id='word_1_405' title='bbox 779 2536 833 2574; x_wconf 89' lang='lat' dir='ltr'>qui</span> <span class='ocrx_word' id='word_1_406' title='bbox 857 2534 1046 2566; x_wconf 88' lang='lat' dir='ltr'>seminando</span> 
     </span>
    </p>
   </div>
   <div class='ocr_carea' id='block_1_3' title="bbox 90 2572 1073 2617">
    <p class='ocr_par' dir='ltr' id='par_1_4' title="bbox 90 2572 1073 2617">
     <span class='ocr_line' id='line_1_56' title="bbox 90 2572 1073 2617; baseline 0.002 -11"><span class='ocrx_word' id='word_1_407' title='bbox 90 2584 198 2606; x_wconf 89' lang='lat' dir='ltr'>corum</span> <span class='ocrx_word' id='word_1_408' title='bbox 219 2572 327 2604; x_wconf 89' lang='lat' dir='ltr'>hordei</span> <span class='ocrx_word' id='word_1_409' title='bbox 346 2576 429 2614; x_wconf 89' lang='lat' dir='ltr'>capit</span> <span class='ocrx_word' id='word_1_410' title='bbox 452 2576 565 2608; x_wconf 83' lang='lat' dir='ltr'>solutis</span> <span class='ocrx_word' id='word_1_411' title='bbox 588 2578 825 2617; x_wconf 64' lang='lat' dir='ltr'>quinquaginta</span> <span class='ocrx_word' id='word_1_412' title='bbox 848 2578 934 2609; x_wconf 89' lang='lat' dir='ltr'>siclis</span> <span class='ocrx_word' id='word_1_413' title='bbox 956 2588 1046 2608; x_wconf 85' lang='lat' dir='ltr'>sanc-</span> <span class='ocrx_word' id='word_1_414' title='bbox 1072 2584 1073 2592; x_wconf 67' lang='lat'>¹</span> 
     </span>
    </p>
   </div>
   <div class='ocr_carea' id='block_1_4' title="bbox 90 2616 1045 2655">
    <p class='ocr_par' dir='ltr' id='par_1_5' title="bbox 90 2616 1045 2655">
     <span class='ocr_line' id='line_1_57' title="bbox 90 2616 1045 2655; baseline 0.001 -6"><span class='ocrx_word' id='word_1_415' title='bbox 90 2616 187 2649; x_wconf 89' lang='lat' dir='ltr'>tuarii</span> <span class='ocrx_word' id='word_1_416' title='bbox 216 2625 312 2655; x_wconf 83' lang='lat' dir='ltr'>penes</span> <span class='ocrx_word' id='word_1_417' title='bbox 342 2616 505 2649; x_wconf 84' lang='lat' dir='ltr'>dominum</span> <span class='ocrx_word' id='word_1_418' title='bbox 536 2627 675 2650; x_wconf 82' lang='lat' dir='ltr'>maneat.</span> <span class='ocrx_word' id='word_1_419' title='bbox 720 2620 791 2651; x_wconf 89' lang='lat' dir='ltr'>Hos</span> <span class='ocrx_word' id='word_1_420' title='bbox 820 2627 926 2651; x_wconf 90' lang='lat' dir='ltr'>autem</span> <span class='ocrx_word' id='word_1_421' title='bbox 951 2620 1045 2652; x_wconf 90' lang='lat' dir='ltr'>siclos</span> 
     </span>
    </p>
   </div>
   <div class='ocr_carea' id='block_1_5' title="bbox 803 180 1355 214">
    <p class='ocr_par' dir='ltr' id='par_1_6' title="bbox 803 180 1355 214">
     <span class='ocr_line' id='line_1_58' title="bbox 803 180 1355 214; baseline -0.005 -1"><span class='ocrx_word' id='word_1_422' title='bbox 803 182 1012 214; x_wconf 78' lang='lat' dir='ltr'>TERTIUM</span> <span class='ocrx_word' id='word_1_423' title='bbox 1035 180 1355 214; x_wconf 75' lang='lat' dir='ltr'>PRAECEPTUM.</span> 
     </span>
    </p>
   </div>
   <div class='ocr_carea' id='block_1_6' title="bbox 181 1978 1072 2021">
    <p class='ocr_par' dir='ltr' id='par_1_7' title="bbox 181 1978 1072 2021">
     <span class='ocr_line' id='line_1_59' title="bbox 181 1978 1072 2021; baseline 0.001 -12"><span class='ocrx_word' id='word_1_424' title='bbox 181 1978 274 2017; x_wconf 81' lang='lat' dir='ltr'>Quod</span> <span class='ocrx_word' id='word_1_425' title='bbox 304 1979 329 2009; x_wconf 92' lang='lat' dir='ltr'>si</span> <span class='ocrx_word' id='word_1_426' title='bbox 353 1979 424 2018; x_wconf 91' lang='lat' dir='ltr'>quis</span> <span class='ocrx_word' id='word_1_427' title='bbox 448 1979 627 2010; x_wconf 85' lang='lat' dir='ltr'>fraudasset</span> <span class='ocrx_word' id='word_1_428' title='bbox 653 1991 765 2020; x_wconf 86' lang='lat' dir='ltr'>agrum</span> <span class='ocrx_word' id='word_1_429' title='bbox 791 1980 941 2010; x_wconf 84' lang='lat' dir='ltr'>devotum</span> <span class='ocrx_word' id='word_1_430' title='bbox 967 1990 1044 2010; x_wconf 86' lang='lat' dir='ltr'>ven-</span> <span class='ocrx_word' id='word_1_431' title='bbox 1070 2010 1072 2021; x_wconf 54' lang='grc' dir='ltr'>Ι</span> 
     </span>
    </p>
   </div>
   <div class='ocr_carea' id='block_1_7' title="bbox 1072 1011 1079 2643">
    <p class='ocr_par' dir='ltr' id='par_1_8' title="bbox 1072 1011 1079 2643">
     <span class='ocr_line' id='line_1_60' title="bbox 1072 1011 1079 2643; baseline 0 0"><span class='ocrx_word' id='word_1_432' title='bbox 1072 1011 1079 2643; x_wconf 95' lang='lat' dir='ltr'> </span> 
     </span>
    </p>
   </div>
   <div class='ocr_carea' id='block_1_8' title="bbox 2007 186 2071 218">
    <p class='ocr_par' dir='ltr' id='par_1_9' title="bbox 2007 186 2071 218">
     <span class='ocr_line' id='line_1_61' title="bbox 2007 186 2071 218; baseline 0.016 -1"><span class='ocrx_word' id='word_1_433' title='bbox 2007 186 2071 218; x_wconf 87' lang='grc'><strong>570</strong></span> 
     </span>
    </p>
   </div>
   <div class='ocr_carea' id='block_1_9' title="bbox 1097 273 2070 2361">
    <p class='ocr_par' dir='ltr' id='par_1_10' title="bbox 1097 273 2070 2361">
     <span class='ocr_line' id='line_1_62' title="bbox 1104 273 2069 317; baseline 0.006 -13"><span class='ocrx_word' id='word_1_434' title='bbox 1104 273 1179 304; x_wconf 88' lang='lat' dir='ltr'>alibi</span> <span class='ocrx_word' id='word_1_435' title='bbox 1198 274 1338 306; x_wconf 90' lang='lat' dir='ltr'>vidimus</span> <span class='ocrx_word' id='word_1_436' title='bbox 1356 275 1545 316; x_wconf 85' lang='lat' dir='ltr'>vulgaribus</span> <span class='ocrx_word' id='word_1_437' title='bbox 1567 276 1666 307; x_wconf 85' lang='lat' dir='ltr'>fuisse</span> <span class='ocrx_word' id='word_1_438' title='bbox 1690 276 1786 317; x_wconf 92' lang='lat' dir='ltr'>duplo</span> <span class='ocrx_word' id='word_1_439' title='bbox 1808 277 1967 310; x_wconf 90' lang='lat' dir='ltr'>meliores.</span> <span class='ocrx_word' id='word_1_440' title='bbox 2002 278 2069 310; x_wconf 82' lang='lat' dir='ltr'>Sed</span> 
     </span>
     <span class='ocr_line' id='line_1_63' title="bbox 1104 316 2070 359; baseline 0.006 -13"><span class='ocrx_word' id='word_1_441' title='bbox 1104 316 1180 355; x_wconf 91' lang='lat' dir='ltr'>quia</span> <span class='ocrx_word' id='word_1_442' title='bbox 1210 322 1284 348; x_wconf 88' lang='lat' dir='ltr'>vota</span> <span class='ocrx_word' id='word_1_443' title='bbox 1313 328 1409 358; x_wconf 87' lang='lat' dir='ltr'>saepe</span> <span class='ocrx_word' id='word_1_444' title='bbox 1438 318 1716 359; x_wconf 87' lang='lat' dir='ltr'>coneipiebantur,</span> <span class='ocrx_word' id='word_1_445' title='bbox 1746 320 1796 351; x_wconf 90' lang='lat' dir='ltr'>vel</span> <span class='ocrx_word' id='word_1_446' title='bbox 1827 320 1960 351; x_wconf 91' lang='lat' dir='ltr'>dimidio</span> <span class='ocrx_word' id='word_1_447' title='bbox 1990 325 2070 352; x_wconf 88' lang='lat' dir='ltr'>tem-</span> 
     </span>
     <span class='ocr_line' id='line_1_64' title="bbox 1104 359 2068 404; baseline 0.007 -15"><span class='ocrx_word' id='word_1_448' title='bbox 1104 369 1196 398; x_wconf 91' lang='lat' dir='ltr'>pore,</span> <span class='ocrx_word' id='word_1_449' title='bbox 1235 359 1287 390; x_wconf 92' lang='lat' dir='ltr'>vel</span> <span class='ocrx_word' id='word_1_450' title='bbox 1316 360 1375 391; x_wconf 88' lang='lat' dir='ltr'>sub</span> <span class='ocrx_word' id='word_1_451' title='bbox 1405 361 1500 391; x_wconf 91' lang='lat' dir='ltr'>finem</span> <span class='ocrx_word' id='word_1_452' title='bbox 1532 361 1686 399; x_wconf 88' lang='lat' dir='ltr'>lubilaei,</span> <span class='ocrx_word' id='word_1_453' title='bbox 1722 362 1896 394; x_wconf 88' lang='lat' dir='ltr'>discrimen</span> <span class='ocrx_word' id='word_1_454' title='bbox 1926 364 2068 404; x_wconf 89' lang='lat' dir='ltr'>ponitur.</span> 
     </span>
     <span class='ocr_line' id='line_1_65' title="bbox 1103 401 2068 445; baseline 0.007 -14"><span class='ocrx_word' id='word_1_455' title='bbox 1103 401 1269 442; x_wconf 85' lang='lat' dir='ltr'>Praecipit</span> <span class='ocrx_word' id='word_1_456' title='bbox 1287 412 1364 443; x_wconf 88' lang='lat' dir='ltr'>ergo</span> <span class='ocrx_word' id='word_1_457' title='bbox 1377 402 1466 434; x_wconf 89' lang='lat' dir='ltr'>Deus</span> <span class='ocrx_word' id='word_1_458' title='bbox 1478 404 1707 440; x_wconf 87' lang='lat' dir='ltr'>sacerdotibus,</span> <span class='ocrx_word' id='word_1_459' title='bbox 1728 409 1763 435; x_wconf 86' lang='lat' dir='ltr'>ut</span> <span class='ocrx_word' id='word_1_460' title='bbox 1776 406 1930 445; x_wconf 89' lang='lat' dir='ltr'>temporis</span> <span class='ocrx_word' id='word_1_461' title='bbox 1943 406 2068 439; x_wconf 86' lang='lat' dir='ltr'>ratione</span> 
     </span>
     <span class='ocr_line' id='line_1_66' title="bbox 1104 443 2068 485; baseline 0.008 -12"><span class='ocrx_word' id='word_1_462' title='bbox 1104 443 1224 480; x_wconf 86' lang='lat' dir='ltr'>habita,</span> <span class='ocrx_word' id='word_1_463' title='bbox 1250 455 1312 484; x_wconf 93' lang='lat' dir='ltr'>quo</span> <span class='ocrx_word' id='word_1_464' title='bbox 1331 446 1436 485; x_wconf 86' lang='lat' dir='ltr'>magis</span> <span class='ocrx_word' id='word_1_465' title='bbox 1454 446 1584 478; x_wconf 84' lang='lat' dir='ltr'>accedet</span> <span class='ocrx_word' id='word_1_466' title='bbox 1607 446 1646 477; x_wconf 88' lang='lat' dir='ltr'>ad</span> <span class='ocrx_word' id='word_1_467' title='bbox 1659 446 1851 485; x_wconf 84' lang='lat' dir='ltr'>Iubilaeum,</span> <span class='ocrx_word' id='word_1_468' title='bbox 1875 449 2068 481; x_wconf 86' lang='lat' dir='ltr'>tantundem</span> 
     </span>
     <span class='ocr_line' id='line_1_67' title="bbox 1104 487 2067 530; baseline 0.007 -14"><span class='ocrx_word' id='word_1_469' title='bbox 1104 495 1122 516; x_wconf 88' lang='lat' dir='ltr'>a</span> <span class='ocrx_word' id='word_1_470' title='bbox 1141 487 1243 525; x_wconf 88' lang='lat' dir='ltr'>pretio</span> <span class='ocrx_word' id='word_1_471' title='bbox 1262 487 1420 519; x_wconf 88' lang='lat' dir='ltr'>minuant.</span> <span class='ocrx_word' id='word_1_472' title='bbox 1455 488 1627 520; x_wconf 84' lang='lat' dir='ltr'>Caeterum</span> <span class='ocrx_word' id='word_1_473' title='bbox 1652 489 1707 520; x_wconf 89' lang='lat' dir='ltr'>ubi</span> <span class='ocrx_word' id='word_1_474' title='bbox 1726 490 1813 521; x_wconf 89' lang='lat' dir='ltr'>fraus</span> <span class='ocrx_word' id='word_1_475' title='bbox 1835 490 2067 530; x_wconf 83' lang='lat' dir='ltr'>intervenerat,</span> 
     </span>
     <span class='ocr_line' id='line_1_68' title="bbox 1104 528 2067 573; baseline 0.007 -15"><span class='ocrx_word' id='word_1_476' title='bbox 1104 528 1207 559; x_wconf 89' lang='lat' dir='ltr'>noluit</span> <span class='ocrx_word' id='word_1_477' title='bbox 1237 529 1327 561; x_wconf 92' lang='lat' dir='ltr'>Deus</span> <span class='ocrx_word' id='word_1_478' title='bbox 1364 530 1434 562; x_wconf 89' lang='lat' dir='ltr'>eiici</span> <span class='ocrx_word' id='word_1_479' title='bbox 1468 531 1569 562; x_wconf 91' lang='lat' dir='ltr'>bonae</span> <span class='ocrx_word' id='word_1_480' title='bbox 1606 531 1681 563; x_wconf 89' lang='lat' dir='ltr'>fidei</span> <span class='ocrx_word' id='word_1_481' title='bbox 1716 537 1892 573; x_wconf 84' lang='lat' dir='ltr'>emptores,</span> <span class='ocrx_word' id='word_1_482' title='bbox 1927 534 1982 565; x_wconf 92' lang='lat' dir='ltr'>sed</span> <span class='ocrx_word' id='word_1_483' title='bbox 2010 535 2067 566; x_wconf 90' lang='lat' dir='ltr'>ubi</span> 
     </span>
     <span class='ocr_line' id='line_1_69' title="bbox 1104 571 2068 617; baseline 0.007 -16"><span class='ocrx_word' id='word_1_484' title='bbox 1104 571 1277 602; x_wconf 88' lang='lat' dir='ltr'>transierat</span> <span class='ocrx_word' id='word_1_485' title='bbox 1299 572 1496 611; x_wconf 86' lang='lat' dir='ltr'>Iubilaeum,</span> <span class='ocrx_word' id='word_1_486' title='bbox 1527 585 1642 615; x_wconf 87' lang='lat' dir='ltr'>agrum</span> <span class='ocrx_word' id='word_1_487' title='bbox 1671 576 1724 614; x_wconf 91' lang='lat' dir='ltr'>qui</span> <span class='ocrx_word' id='word_1_488' title='bbox 1747 575 1913 616; x_wconf 84' lang='lat' dir='ltr'>sacrilegio</span> <span class='ocrx_word' id='word_1_489' title='bbox 1937 582 2068 617; x_wconf 90' lang='lat' dir='ltr'>ereptus</span> 
     </span>
     <span class='ocr_line' id='line_1_70' title="bbox 1103 613 2066 658; baseline 0.008 -15"><span class='ocrx_word' id='word_1_490' title='bbox 1103 613 1208 644; x_wconf 84' lang='lat' dir='ltr'>fuerat</span> <span class='ocrx_word' id='word_1_491' title='bbox 1226 615 1265 645; x_wconf 89' lang='lat' dir='ltr'>ad</span> <span class='ocrx_word' id='word_1_492' title='bbox 1285 619 1411 655; x_wconf 91' lang='lat' dir='ltr'>tempus</span> <span class='ocrx_word' id='word_1_493' title='bbox 1430 616 1648 648; x_wconf 85' lang='lat' dir='ltr'>sacerdotibus</span> <span class='ocrx_word' id='word_1_494' title='bbox 1666 618 1700 648; x_wconf 89' lang='lat' dir='ltr'>in</span> <span class='ocrx_word' id='word_1_495' title='bbox 1719 622 1910 658; x_wconf 89' lang='lat' dir='ltr'>perpetuum</span> <span class='ocrx_word' id='word_1_496' title='bbox 1931 619 2066 651; x_wconf 84' lang='lat' dir='ltr'>addixit.</span> 
     </span>
     <span class='ocr_line' id='line_1_71' title="bbox 1104 656 2066 696; baseline 0.006 -10"><span class='ocrx_word' id='word_1_497' title='bbox 1104 656 1278 696; x_wconf 88' lang='lat' dir='ltr'>Comparat</span> <span class='ocrx_word' id='word_1_498' title='bbox 1300 668 1378 689; x_wconf 87' lang='lat' dir='ltr'>vero</span> <span class='ocrx_word' id='word_1_499' title='bbox 1402 658 1509 690; x_wconf 87' lang='lat' dir='ltr'>Moses</span> <span class='ocrx_word' id='word_1_500' title='bbox 1533 659 1617 691; x_wconf 88' lang='lat' dir='ltr'>hanc</span> <span class='ocrx_word' id='word_1_501' title='bbox 1640 660 1913 691; x_wconf 86' lang='lat' dir='ltr'>consecrationem</span> <span class='ocrx_word' id='word_1_502' title='bbox 1931 663 2066 693; x_wconf 89' lang='lat' dir='ltr'>anathe-</span> 
     </span>
     <span class='ocr_line' id='line_1_72' title="bbox 1103 700 2067 744; baseline 0.008 -16"><span class='ocrx_word' id='word_1_503' title='bbox 1103 700 1195 735; x_wconf 84' lang='lat' dir='ltr'>mati,</span> <span class='ocrx_word' id='word_1_504' title='bbox 1226 700 1310 739; x_wconf 90' lang='lat' dir='ltr'>quod</span> <span class='ocrx_word' id='word_1_505' title='bbox 1334 700 1474 732; x_wconf 90' lang='lat' dir='ltr'>Hebraei</span> <span class='ocrx_word' id='word_1_506' title='bbox 1498 708 1567 734; x_wconf 66' lang='lat' dir='ltr'>mn</span> <span class='ocrx_word' id='word_1_507' title='bbox 1590 708 1726 740; x_wconf 83' lang='lat' dir='ltr'>vocant,</span> <span class='ocrx_word' id='word_1_508' title='bbox 1755 713 1832 734; x_wconf 89' lang='lat' dir='ltr'>voce</span> <span class='ocrx_word' id='word_1_509' title='bbox 1861 714 1879 733; x_wconf 83' lang='lat' dir='ltr'>a</span> <span class='ocrx_word' id='word_1_510' title='bbox 1902 704 2067 744; x_wconf 90' lang='lat' dir='ltr'>perdendo</span> 
     </span>
     <span class='ocr_line' id='line_1_73' title="bbox 1104 741 2067 784; baseline 0.006 -13"><span class='ocrx_word' id='word_1_511' title='bbox 1104 742 1152 771; x_wconf 88' lang='lat' dir='ltr'>vel</span> <span class='ocrx_word' id='word_1_512' title='bbox 1184 741 1339 773; x_wconf 89' lang='lat' dir='ltr'>abolendo</span> <span class='ocrx_word' id='word_1_513' title='bbox 1359 743 1513 775; x_wconf 84' lang='lat' dir='ltr'>deducta:</span> <span class='ocrx_word' id='word_1_514' title='bbox 1545 755 1607 784; x_wconf 91' lang='lat' dir='ltr'>qua</span> <span class='ocrx_word' id='word_1_515' title='bbox 1630 746 1755 776; x_wconf 89' lang='lat' dir='ltr'>ratione</span> <span class='ocrx_word' id='word_1_516' title='bbox 1779 745 1891 776; x_wconf 86' lang='lat' dir='ltr'>Latini</span> <span class='ocrx_word' id='word_1_517' title='bbox 1915 745 2067 778; x_wconf 89' lang='lat' dir='ltr'>devotum</span> 
     </span>
     <span class='ocr_line' id='line_1_74' title="bbox 1103 785 2070 828; baseline 0.006 -14"><span class='ocrx_word' id='word_1_518' title='bbox 1103 785 1264 824; x_wconf 85' lang='lat' dir='ltr'>accipiunt</span> <span class='ocrx_word' id='word_1_519' title='bbox 1294 785 1327 815; x_wconf 90' lang='lat' dir='ltr'>in</span> <span class='ocrx_word' id='word_1_520' title='bbox 1358 786 1478 816; x_wconf 89' lang='lat' dir='ltr'>malam</span> <span class='ocrx_word' id='word_1_521' title='bbox 1509 791 1651 826; x_wconf 87' lang='lat' dir='ltr'>partem,</span> <span class='ocrx_word' id='word_1_522' title='bbox 1681 787 1765 828; x_wconf 89' lang='lat' dir='ltr'>quod</span> <span class='ocrx_word' id='word_1_523' title='bbox 1796 788 1994 819; x_wconf 87' lang='lat' dir='ltr'>destinatum</span> <span class='ocrx_word' id='word_1_524' title='bbox 2019 793 2070 820; x_wconf 89' lang='lat' dir='ltr'>est</span> 
     </span>
     <span class='ocr_line' id='line_1_75' title="bbox 1104 826 2067 872; baseline 0.007 -16"><span class='ocrx_word' id='word_1_525' title='bbox 1104 826 1217 857; x_wconf 88' lang='lat' dir='ltr'>ultimo</span> <span class='ocrx_word' id='word_1_526' title='bbox 1237 827 1344 858; x_wconf 81' lang='lat' dir='ltr'>exitio.</span> <span class='ocrx_word' id='word_1_527' title='bbox 1379 828 1579 860; x_wconf 86' lang='lat' dir='ltr'>Extenditur</span> <span class='ocrx_word' id='word_1_528' title='bbox 1597 829 1713 861; x_wconf 90' lang='lat' dir='ltr'>deinde</span> <span class='ocrx_word' id='word_1_529' title='bbox 1731 830 1785 861; x_wconf 81' lang='lat' dir='ltr'>lex</span> <span class='ocrx_word' id='word_1_530' title='bbox 1803 830 1842 861; x_wconf 89' lang='lat' dir='ltr'>ad</span> <span class='ocrx_word' id='word_1_531' title='bbox 1862 841 1956 871; x_wconf 86' lang='lat' dir='ltr'>agros</span> <span class='ocrx_word' id='word_1_532' title='bbox 1979 842 2067 872; x_wconf 91' lang='lat' dir='ltr'>emp-</span> 
     </span>
     <span class='ocr_line' id='line_1_76' title="bbox 1104 869 2067 912; baseline 0.006 -13"><span class='ocrx_word' id='word_1_533' title='bbox 1104 874 1161 906; x_wconf 85' lang='lat' dir='ltr'>tos,</span> <span class='ocrx_word' id='word_1_534' title='bbox 1185 870 1237 909; x_wconf 83' lang='lat' dir='ltr'>qui</span> <span class='ocrx_word' id='word_1_535' title='bbox 1261 880 1346 900; x_wconf 87' lang='lat' dir='ltr'>anno</span> <span class='ocrx_word' id='word_1_536' title='bbox 1368 869 1504 902; x_wconf 91' lang='lat' dir='ltr'>Iubilaei</span> <span class='ocrx_word' id='word_1_537' title='bbox 1528 872 1678 903; x_wconf 89' lang='lat' dir='ltr'>redibant</span> <span class='ocrx_word' id='word_1_538' title='bbox 1701 873 1741 904; x_wconf 88' lang='lat' dir='ltr'>ad</span> <span class='ocrx_word' id='word_1_539' title='bbox 1764 874 1888 912; x_wconf 87' lang='lat' dir='ltr'>priores</span> <span class='ocrx_word' id='word_1_540' title='bbox 1911 873 2067 912; x_wconf 87' lang='lat' dir='ltr'>dominos,</span> 
     </span>
     <span class='ocr_line' id='line_1_77' title="bbox 1104 912 2067 951; baseline 0.007 -10"><span class='ocrx_word' id='word_1_541' title='bbox 1104 912 1178 951; x_wconf 88' lang='lat' dir='ltr'>quia</span> <span class='ocrx_word' id='word_1_542' title='bbox 1202 913 1304 951; x_wconf 81' lang='lat' dir='ltr'>prima</span> <span class='ocrx_word' id='word_1_543' title='bbox 1328 917 1434 944; x_wconf 84' lang='lat' dir='ltr'>terrae</span> <span class='ocrx_word' id='word_1_544' title='bbox 1457 914 1583 945; x_wconf 90' lang='lat' dir='ltr'>sortitio</span> <span class='ocrx_word' id='word_1_545' title='bbox 1607 920 1683 945; x_wconf 90' lang='lat' dir='ltr'>tunc</span> <span class='ocrx_word' id='word_1_546' title='bbox 1707 916 1939 947; x_wconf 88' lang='lat' dir='ltr'>restituebatur</span> <span class='ocrx_word' id='word_1_547' title='bbox 1960 917 1995 947; x_wconf 92' lang='lat' dir='ltr'>in</span> <span class='ocrx_word' id='word_1_548' title='bbox 2017 917 2067 948; x_wconf 91' lang='lat' dir='ltr'>in-</span> 
     </span>
     <span class='ocr_line' id='line_1_78' title="bbox 1104 955 2066 1000; baseline 0.007 -16"><span class='ocrx_word' id='word_1_549' title='bbox 1104 959 1239 994; x_wconf 89' lang='lat' dir='ltr'>tegrum.</span> <span class='ocrx_word' id='word_1_550' title='bbox 1286 955 1349 986; x_wconf 92' lang='lat' dir='ltr'>Pro</span> <span class='ocrx_word' id='word_1_551' title='bbox 1379 955 1430 986; x_wconf 92' lang='lat' dir='ltr'>his</span> <span class='ocrx_word' id='word_1_552' title='bbox 1460 957 1545 996; x_wconf 87' lang='lat' dir='ltr'>agris</span> <span class='ocrx_word' id='word_1_553' title='bbox 1577 957 1666 988; x_wconf 89' lang='lat' dir='ltr'>iubet</span> <span class='ocrx_word' id='word_1_554' title='bbox 1688 958 1779 989; x_wconf 88' lang='lat' dir='ltr'>Deus</span> <span class='ocrx_word' id='word_1_555' title='bbox 1809 959 1949 998; x_wconf 90' lang='lat' dir='ltr'>pretium</span> <span class='ocrx_word' id='word_1_556' title='bbox 1972 959 2066 1000; x_wconf 85' lang='lat' dir='ltr'>solvi,</span> 
     </span>
     <span class='ocr_line' id='line_1_79' title="bbox 1103 997 2067 1041; baseline 0.007 -15"><span class='ocrx_word' id='word_1_557' title='bbox 1103 997 1333 1037; x_wconf 87' lang='lat' dir='ltr'>supputatione</span> <span class='ocrx_word' id='word_1_558' title='bbox 1361 999 1515 1038; x_wconf 90' lang='lat' dir='ltr'>temporis</span> <span class='ocrx_word' id='word_1_559' title='bbox 1545 1000 1645 1037; x_wconf 87' lang='lat' dir='ltr'>faeta,</span> <span class='ocrx_word' id='word_1_560' title='bbox 1675 1005 1712 1031; x_wconf 86' lang='lat' dir='ltr'>ut</span> <span class='ocrx_word' id='word_1_561' title='bbox 1741 1005 1866 1032; x_wconf 83' lang='lat' dir='ltr'>tantum</span> <span class='ocrx_word' id='word_1_562' title='bbox 1890 1006 2067 1041; x_wconf 88' lang='lat' dir='ltr'>proventus</span> 
     </span>
     <span class='ocr_line' id='line_1_80' title="bbox 1103 1039 2066 1084; baseline 0.007 -15"><span class='ocrx_word' id='word_1_563' title='bbox 1103 1050 1164 1070; x_wconf 91' lang='lat' dir='ltr'>non</span> <span class='ocrx_word' id='word_1_564' title='bbox 1195 1039 1313 1071; x_wconf 87' lang='lat' dir='ltr'>fundus</span> <span class='ocrx_word' id='word_1_565' title='bbox 1342 1040 1376 1070; x_wconf 92' lang='lat' dir='ltr'>in</span> <span class='ocrx_word' id='word_1_566' title='bbox 1405 1041 1565 1072; x_wconf 86' lang='lat' dir='ltr'>rationem</span> <span class='ocrx_word' id='word_1_567' title='bbox 1596 1043 1712 1073; x_wconf 87' lang='lat' dir='ltr'>veniat.</span> <span class='ocrx_word' id='word_1_568' title='bbox 1756 1043 1860 1074; x_wconf 87' lang='lat' dir='ltr'>Porro</span> <span class='ocrx_word' id='word_1_569' title='bbox 1889 1049 1927 1075; x_wconf 89' lang='lat' dir='ltr'>ut</span> <span class='ocrx_word' id='word_1_570' title='bbox 1949 1044 2066 1084; x_wconf 87' lang='lat' dir='ltr'>vulgus</span> 
     </span>
     <span class='ocr_line' id='line_1_81' title="bbox 1102 1083 2067 1128; baseline 0.006 -16"><span class='ocrx_word' id='word_1_571' title='bbox 1102 1093 1270 1122; x_wconf 86' lang='lat' dir='ltr'>perperam</span> <span class='ocrx_word' id='word_1_572' title='bbox 1302 1087 1376 1114; x_wconf 90' lang='lat' dir='ltr'>vota</span> <span class='ocrx_word' id='word_1_573' title='bbox 1406 1093 1486 1123; x_wconf 88' lang='lat' dir='ltr'>quae</span> <span class='ocrx_word' id='word_1_574' title='bbox 1509 1083 1599 1116; x_wconf 90' lang='lat' dir='ltr'>Deus</span> <span class='ocrx_word' id='word_1_575' title='bbox 1631 1086 1733 1116; x_wconf 86' lang='lat' dir='ltr'>veteri</span> <span class='ocrx_word' id='word_1_576' title='bbox 1763 1086 1881 1126; x_wconf 91' lang='lat' dir='ltr'>populo</span> <span class='ocrx_word' id='word_1_577' title='bbox 1910 1087 1968 1118; x_wconf 91' lang='lat' dir='ltr'>sub</span> <span class='ocrx_word' id='word_1_578' title='bbox 1994 1087 2067 1128; x_wconf 86' lang='lat' dir='ltr'>lege</span> 
     </span>
     <span class='ocr_line' id='line_1_82' title="bbox 1102 1126 2066 1170; baseline 0.006 -15"><span class='ocrx_word' id='word_1_579' title='bbox 1102 1126 1267 1163; x_wconf 87' lang='lat' dir='ltr'>concessit,</span> <span class='ocrx_word' id='word_1_580' title='bbox 1290 1126 1390 1156; x_wconf 87' lang='lat' dir='ltr'>stulta</span> <span class='ocrx_word' id='word_1_581' title='bbox 1408 1126 1610 1158; x_wconf 83' lang='lat' dir='ltr'>affectatione</span> <span class='ocrx_word' id='word_1_582' title='bbox 1629 1132 1811 1159; x_wconf 89' lang='lat' dir='ltr'>mutuatum</span> <span class='ocrx_word' id='word_1_583' title='bbox 1832 1133 1896 1160; x_wconf 82' lang='lat' dir='ltr'>est:</span> <span class='ocrx_word' id='word_1_584' title='bbox 1919 1129 1966 1161; x_wconf 88' lang='lat' dir='ltr'>ita</span> <span class='ocrx_word' id='word_1_585' title='bbox 1982 1139 2066 1170; x_wconf 88' lang='lat' dir='ltr'>papa.</span> 
     </span>
     <span class='ocr_line' id='line_1_83' title="bbox 1102 1167 2065 1205; baseline 0.006 -8"><span class='ocrx_word' id='word_1_586' title='bbox 1102 1168 1135 1197; x_wconf 88' lang='lat' dir='ltr'>in</span> <span class='ocrx_word' id='word_1_587' title='bbox 1159 1167 1222 1198; x_wconf 91' lang='lat' dir='ltr'>illis</span> <span class='ocrx_word' id='word_1_588' title='bbox 1245 1167 1451 1205; x_wconf 87' lang='lat' dir='ltr'>redimendis,</span> <span class='ocrx_word' id='word_1_589' title='bbox 1476 1169 1632 1201; x_wconf 89' lang='lat' dir='ltr'>diabolico</span> <span class='ocrx_word' id='word_1_590' title='bbox 1655 1170 1740 1201; x_wconf 87' lang='lat' dir='ltr'>fastu</span> <span class='ocrx_word' id='word_1_591' title='bbox 1764 1181 1863 1202; x_wconf 88' lang='lat' dir='ltr'>ausus</span> <span class='ocrx_word' id='word_1_592' title='bbox 1886 1176 1935 1202; x_wconf 90' lang='lat' dir='ltr'>est</span> <span class='ocrx_word' id='word_1_593' title='bbox 1957 1171 2065 1203; x_wconf 90' lang='lat' dir='ltr'>Deum</span> 
     </span>
     <span class='ocr_line' id='line_1_84' title="bbox 1102 1210 2065 1246; baseline 0.006 -6"><span class='ocrx_word' id='word_1_594' title='bbox 1102 1210 1265 1241; x_wconf 83' lang='lat' dir='ltr'>aemulari.</span> <span class='ocrx_word' id='word_1_595' title='bbox 1311 1211 1415 1242; x_wconf 86' lang='lat' dir='ltr'>Notus</span> <span class='ocrx_word' id='word_1_596' title='bbox 1445 1217 1493 1242; x_wconf 90' lang='lat' dir='ltr'>est</span> <span class='ocrx_word' id='word_1_597' title='bbox 1517 1212 1630 1244; x_wconf 89' lang='lat' dir='ltr'>titulus</span> <span class='ocrx_word' id='word_1_598' title='bbox 1653 1213 1685 1243; x_wconf 89' lang='lat' dir='ltr'>in</span> <span class='ocrx_word' id='word_1_599' title='bbox 1709 1213 1738 1244; x_wconf 89' lang='lat'>3.</span> <span class='ocrx_word' id='word_1_600' title='bbox 1763 1214 1892 1245; x_wconf 88' lang='lat' dir='ltr'>Deeret.</span> <span class='ocrx_word' id='word_1_601' title='bbox 1917 1214 1966 1245; x_wconf 91' lang='lat' dir='ltr'>De</span> <span class='ocrx_word' id='word_1_602' title='bbox 1990 1219 2065 1246; x_wconf 89' lang='lat' dir='ltr'>voto</span> 
     </span>
     <span class='ocr_line' id='line_1_85' title="bbox 1102 1253 2066 1295; baseline 0.006 -13"><span class='ocrx_word' id='word_1_603' title='bbox 1102 1258 1132 1282; x_wconf 90' lang='lat' dir='ltr'>et</span> <span class='ocrx_word' id='word_1_604' title='bbox 1154 1254 1220 1283; x_wconf 89' lang='lat' dir='ltr'>voti</span> <span class='ocrx_word' id='word_1_605' title='bbox 1239 1253 1478 1293; x_wconf 89' lang='lat' dir='ltr'>redemptione:</span> <span class='ocrx_word' id='word_1_606' title='bbox 1501 1255 1554 1285; x_wconf 90' lang='lat' dir='ltr'>ubi</span> <span class='ocrx_word' id='word_1_607' title='bbox 1578 1255 1737 1295; x_wconf 91' lang='lat' dir='ltr'>pudendis</span> <span class='ocrx_word' id='word_1_608' title='bbox 1759 1257 1884 1287; x_wconf 89' lang='lat' dir='ltr'>naeniis</span> <span class='ocrx_word' id='word_1_609' title='bbox 1906 1258 2066 1288; x_wconf 88' lang='lat' dir='ltr'>mundum</span> 
     </span>
     <span class='ocr_line' id='line_1_86' title="bbox 1102 1295 2065 1337; baseline 0.005 -12"><span class='ocrx_word' id='word_1_610' title='bbox 1102 1295 1180 1326; x_wconf 89' lang='lat' dir='ltr'>adeo</span> <span class='ocrx_word' id='word_1_611' title='bbox 1209 1295 1374 1327; x_wconf 87' lang='lat' dir='ltr'>licentiose</span> <span class='ocrx_word' id='word_1_612' title='bbox 1395 1296 1541 1336; x_wconf 87' lang='lat' dir='ltr'>despexit</span> <span class='ocrx_word' id='word_1_613' title='bbox 1564 1298 1707 1337; x_wconf 90' lang='lat' dir='ltr'>quisquis</span> <span class='ocrx_word' id='word_1_614' title='bbox 1731 1298 1792 1329; x_wconf 89' lang='lat' dir='ltr'>fuit</span> <span class='ocrx_word' id='word_1_615' title='bbox 1815 1300 2065 1337; x_wconf 87' lang='lat' dir='ltr'>consarcinator,</span> 
     </span>
     <span class='ocr_line' id='line_1_87' title="bbox 1102 1338 2066 1380; baseline 0.005 -12"><span class='ocrx_word' id='word_1_616' title='bbox 1102 1344 1135 1368; x_wconf 90' lang='lat' dir='ltr'>ut</span> <span class='ocrx_word' id='word_1_617' title='bbox 1168 1349 1233 1368; x_wconf 92' lang='lat' dir='ltr'>non</span> <span class='ocrx_word' id='word_1_618' title='bbox 1264 1338 1390 1369; x_wconf 89' lang='lat' dir='ltr'>dubitet</span> <span class='ocrx_word' id='word_1_619' title='bbox 1418 1340 1598 1371; x_wconf 86' lang='lat' dir='ltr'>sententias</span> <span class='ocrx_word' id='word_1_620' title='bbox 1628 1341 1732 1380; x_wconf 89' lang='lat' dir='ltr'>palam</span> <span class='ocrx_word' id='word_1_621' title='bbox 1763 1341 1942 1372; x_wconf 87' lang='lat' dir='ltr'>contrarias</span> <span class='ocrx_word' id='word_1_622' title='bbox 1970 1342 2066 1373; x_wconf 87' lang='lat' dir='ltr'>simul</span> 
     </span>
     <span class='ocr_line' id='line_1_88' title="bbox 1101 1380 2066 1422; baseline 0.005 -12"><span class='ocrx_word' id='word_1_623' title='bbox 1101 1381 1257 1419; x_wconf 80' lang='lat' dir='ltr'>ingerere.</span> <span class='ocrx_word' id='word_1_624' title='bbox 1293 1380 1387 1420; x_wconf 81' lang='lat' dir='ltr'>Quod</span> <span class='ocrx_word' id='word_1_625' title='bbox 1406 1383 1432 1412; x_wconf 93' lang='lat' dir='ltr'>si</span> <span class='ocrx_word' id='word_1_626' title='bbox 1452 1382 1533 1413; x_wconf 89' lang='lat' dir='ltr'>nihil</span> <span class='ocrx_word' id='word_1_627' title='bbox 1552 1390 1637 1414; x_wconf 89' lang='lat' dir='ltr'>esset</span> <span class='ocrx_word' id='word_1_628' title='bbox 1655 1383 1838 1422; x_wconf 86' lang='lat' dir='ltr'>adversum,</span> <span class='ocrx_word' id='word_1_629' title='bbox 1858 1384 1938 1415; x_wconf 91' lang='lat' dir='ltr'>nihil</span> <span class='ocrx_word' id='word_1_630' title='bbox 1958 1389 2066 1415; x_wconf 89' lang='lat' dir='ltr'>tamen</span> 
     </span>
     <span class='ocr_line' id='line_1_89' title="bbox 1102 1423 2066 1464; baseline 0.005 -11"><span class='ocrx_word' id='word_1_631' title='bbox 1102 1423 1167 1454; x_wconf 89' lang='lat' dir='ltr'>illic</span> <span class='ocrx_word' id='word_1_632' title='bbox 1187 1424 1333 1461; x_wconf 89' lang='lat' dir='ltr'>traditur,</span> <span class='ocrx_word' id='word_1_633' title='bbox 1358 1424 1419 1455; x_wconf 91' lang='lat' dir='ltr'>nisi</span> <span class='ocrx_word' id='word_1_634' title='bbox 1438 1425 1596 1464; x_wconf 88' lang='lat' dir='ltr'>quomodo</span> <span class='ocrx_word' id='word_1_635' title='bbox 1619 1425 1826 1457; x_wconf 90' lang='lat' dir='ltr'>redimendae</span> <span class='ocrx_word' id='word_1_636' title='bbox 1849 1427 1916 1458; x_wconf 85' lang='lat' dir='ltr'>sint</span> <span class='ocrx_word' id='word_1_637' title='bbox 1938 1427 2066 1459; x_wconf 88' lang='lat' dir='ltr'>votivae</span> 
     </span>
     <span class='ocr_line' id='line_1_90' title="bbox 1101 1467 2066 1508; baseline 0.005 -12"><span class='ocrx_word' id='word_1_638' title='bbox 1101 1467 1395 1506; x_wconf 78' lang='lat' dir='ltr'>peregrinationes,</span> <span class='ocrx_word' id='word_1_639' title='bbox 1433 1478 1511 1507; x_wconf 91' lang='lat' dir='ltr'>quas</span> <span class='ocrx_word' id='word_1_640' title='bbox 1545 1472 1635 1508; x_wconf 89' lang='lat' dir='ltr'>patet</span> <span class='ocrx_word' id='word_1_641' title='bbox 1671 1479 1710 1500; x_wconf 88' lang='lat' dir='ltr'>ex</span> <span class='ocrx_word' id='word_1_642' title='bbox 1745 1468 1868 1500; x_wconf 88' lang='lat' dir='ltr'>Christi</span> <span class='ocrx_word' id='word_1_643' title='bbox 1896 1470 2066 1508; x_wconf 84' lang='lat' dir='ltr'>sententia,</span> 
     </span>
     <span class='ocr_line' id='line_1_91' title="bbox 1100 1509 2066 1551; baseline 0.005 -13"><span class='ocrx_word' id='word_1_644' title='bbox 1100 1514 1173 1548; x_wconf 87' lang='lat' dir='ltr'>post</span> <span class='ocrx_word' id='word_1_645' title='bbox 1206 1509 1447 1549; x_wconf 86' lang='lat' dir='ltr'>promulgatum</span> <span class='ocrx_word' id='word_1_646' title='bbox 1477 1511 1697 1551; x_wconf 87' lang='lat' dir='ltr'>evangelium,</span> <span class='ocrx_word' id='word_1_647' title='bbox 1734 1512 1866 1543; x_wconf 86' lang='lat' dir='ltr'>vitiosas</span> <span class='ocrx_word' id='word_1_648' title='bbox 1897 1523 1975 1543; x_wconf 89' lang='lat' dir='ltr'>esse.</span> <span class='ocrx_word' id='word_1_649' title='bbox 2021 1512 2066 1543; x_wconf 85' lang='lat' dir='ltr'>Et</span> 
     </span>
     <span class='ocr_line' id='line_1_92' title="bbox 1099 1552 2063 1595; baseline 0.005 -14"><span class='ocrx_word' id='word_1_650' title='bbox 1099 1558 1184 1582; x_wconf 90' lang='lat' dir='ltr'>certe</span> <span class='ocrx_word' id='word_1_651' title='bbox 1213 1553 1295 1582; x_wconf 90' lang='lat' dir='ltr'>mira</span> <span class='ocrx_word' id='word_1_652' title='bbox 1324 1552 1384 1582; x_wconf 88' lang='lat' dir='ltr'>fuit</span> <span class='ocrx_word' id='word_1_653' title='bbox 1415 1552 1532 1584; x_wconf 90' lang='lat' dir='ltr'>diaboli</span> <span class='ocrx_word' id='word_1_654' title='bbox 1562 1554 1749 1591; x_wconf 87' lang='lat' dir='ltr'>fascinatio,</span> <span class='ocrx_word' id='word_1_655' title='bbox 1782 1555 1864 1594; x_wconf 92' lang='lat' dir='ltr'>quod</span> <span class='ocrx_word' id='word_1_656' title='bbox 1899 1555 1959 1586; x_wconf 90' lang='lat' dir='ltr'>sub</span> <span class='ocrx_word' id='word_1_657' title='bbox 1992 1555 2063 1595; x_wconf 87' lang='lat' dir='ltr'>lege</span> 
     </span>
     <span class='ocr_line' id='line_1_93' title="bbox 1100 1593 2061 1635; baseline 0.004 -11"><span class='ocrx_word' id='word_1_658' title='bbox 1100 1593 1220 1625; x_wconf 89' lang='lat' dir='ltr'>dictum</span> <span class='ocrx_word' id='word_1_659' title='bbox 1240 1599 1316 1631; x_wconf 86' lang='lat' dir='ltr'>erat,</span> <span class='ocrx_word' id='word_1_660' title='bbox 1340 1595 1495 1626; x_wconf 86' lang='lat' dir='ltr'>solvenda</span> <span class='ocrx_word' id='word_1_661' title='bbox 1513 1606 1582 1627; x_wconf 91' lang='lat' dir='ltr'>esse</span> <span class='ocrx_word' id='word_1_662' title='bbox 1602 1602 1676 1627; x_wconf 89' lang='lat' dir='ltr'>vota</span> <span class='ocrx_word' id='word_1_663' title='bbox 1699 1598 1731 1627; x_wconf 89' lang='lat' dir='ltr'>in</span> <span class='ocrx_word' id='word_1_664' title='bbox 1745 1597 1934 1635; x_wconf 81' lang='lat' dir='ltr'>Ierusalem,</span> <span class='ocrx_word' id='word_1_665' title='bbox 1957 1603 2061 1628; x_wconf 84' lang='lat' dir='ltr'>trans-</span> 
     </span>
     <span class='ocr_line' id='line_1_94' title="bbox 1099 1636 2062 1679; baseline 0.005 -13"><span class='ocrx_word' id='word_1_666' title='bbox 1099 1636 1183 1667; x_wconf 86' lang='lat' dir='ltr'>ferre</span> <span class='ocrx_word' id='word_1_667' title='bbox 1196 1637 1234 1667; x_wconf 84' lang='lat' dir='ltr'>ad</span> <span class='ocrx_word' id='word_1_668' title='bbox 1250 1637 1464 1675; x_wconf 79' lang='lat' dir='ltr'>Christianos,</span> <span class='ocrx_word' id='word_1_669' title='bbox 1483 1644 1653 1679; x_wconf 89' lang='lat' dir='ltr'>postquam</span> <span class='ocrx_word' id='word_1_670' title='bbox 1673 1641 1900 1679; x_wconf 83' lang='lat' dir='ltr'>pronunciavit</span> <span class='ocrx_word' id='word_1_671' title='bbox 1913 1640 2062 1671; x_wconf 85' lang='lat' dir='ltr'>Christus</span> 
     </span>
     <span class='ocr_line' id='line_1_95' title="bbox 1099 1680 2062 1722; baseline 0.003 -12"><span class='ocrx_word' id='word_1_672' title='bbox 1099 1680 1225 1710; x_wconf 87' lang='lat' dir='ltr'>venisse</span> <span class='ocrx_word' id='word_1_673' title='bbox 1257 1684 1382 1719; x_wconf 87' lang='lat' dir='ltr'>tempus</span> <span class='ocrx_word' id='word_1_674' title='bbox 1412 1691 1473 1720; x_wconf 92' lang='lat' dir='ltr'>quo</span> <span class='ocrx_word' id='word_1_675' title='bbox 1503 1682 1572 1713; x_wconf 88' lang='lat' dir='ltr'>veri</span> <span class='ocrx_word' id='word_1_676' title='bbox 1601 1681 1740 1713; x_wconf 86' lang='lat' dir='ltr'>cultores</span> <span class='ocrx_word' id='word_1_677' title='bbox 1763 1682 1881 1722; x_wconf 90' lang='lat' dir='ltr'>ubique</span> <span class='ocrx_word' id='word_1_678' title='bbox 1905 1683 1974 1713; x_wconf 91' lang='lat' dir='ltr'>sine</span> <span class='ocrx_word' id='word_1_679' title='bbox 1998 1681 2062 1713; x_wconf 89' lang='lat' dir='ltr'>dis-</span> 
     </span>
     <span class='ocr_line' id='line_1_96' title="bbox 1098 1722 2061 1764; baseline 0.003 -12"><span class='ocrx_word' id='word_1_680' title='bbox 1098 1723 1232 1753; x_wconf 87' lang='lat' dir='ltr'>crimine</span> <span class='ocrx_word' id='word_1_681' title='bbox 1256 1722 1415 1761; x_wconf 83' lang='lat' dir='ltr'>locorum,</span> <span class='ocrx_word' id='word_1_682' title='bbox 1438 1723 1571 1755; x_wconf 90' lang='lat' dir='ltr'>adorent</span> <span class='ocrx_word' id='word_1_683' title='bbox 1596 1724 1704 1755; x_wconf 90' lang='lat' dir='ltr'>Deum</span> <span class='ocrx_word' id='word_1_684' title='bbox 1727 1725 1760 1755; x_wconf 89' lang='lat' dir='ltr'>in</span> <span class='ocrx_word' id='word_1_685' title='bbox 1784 1725 1899 1764; x_wconf 91' lang='lat' dir='ltr'>spiritu</span> <span class='ocrx_word' id='word_1_686' title='bbox 1923 1730 1954 1756; x_wconf 86' lang='lat' dir='ltr'>et</span> <span class='ocrx_word' id='word_1_687' title='bbox 1977 1725 2061 1757; x_wconf 90' lang='lat' dir='ltr'>veri-</span> 
     </span>
     <span class='ocr_line' id='line_1_97' title="bbox 1099 1764 2060 1808; baseline 0.002 -13"><span class='ocrx_word' id='word_1_688' title='bbox 1099 1770 1163 1796; x_wconf 82' lang='lat' dir='ltr'>tate</span> <span class='ocrx_word' id='word_1_689' title='bbox 1187 1764 1288 1805; x_wconf 76' lang='lat' dir='ltr'>(ioan.</span> <span class='ocrx_word' id='word_1_690' title='bbox 1313 1765 1341 1800; x_wconf 85' lang='lat'>4,</span> <span class='ocrx_word' id='word_1_691' title='bbox 1365 1765 1406 1796; x_wconf 79' lang='lat'>23</span> <span class='ocrx_word' id='word_1_692' title='bbox 1430 1766 1516 1808; x_wconf 77' lang='lat' dir='ltr'>seq).</span> <span class='ocrx_word' id='word_1_693' title='bbox 1559 1766 1595 1798; x_wconf 86' lang='lat' dir='ltr'>Si</span> <span class='ocrx_word' id='word_1_694' title='bbox 1619 1768 1771 1799; x_wconf 88' lang='lat' dir='ltr'>obiiciant</span> <span class='ocrx_word' id='word_1_695' title='bbox 1794 1768 1981 1799; x_wconf 86' lang='lat' dir='ltr'>conductitii</span> <span class='ocrx_word' id='word_1_696' title='bbox 2005 1777 2060 1808; x_wconf 91' lang='lat' dir='ltr'>pa-</span> 
     </span>
     <span class='ocr_line' id='line_1_98' title="bbox 1098 1808 2061 1847; baseline 0.003 -10"><span class='ocrx_word' id='word_1_697' title='bbox 1098 1817 1156 1847; x_wconf 85' lang='lat' dir='ltr'>pae</span> <span class='ocrx_word' id='word_1_698' title='bbox 1180 1808 1320 1845; x_wconf 88' lang='lat' dir='ltr'>rabulae,</span> <span class='ocrx_word' id='word_1_699' title='bbox 1346 1808 1452 1839; x_wconf 88' lang='lat' dir='ltr'>valere</span> <span class='ocrx_word' id='word_1_700' title='bbox 1475 1809 1609 1841; x_wconf 90' lang='lat' dir='ltr'>eandem</span> <span class='ocrx_word' id='word_1_701' title='bbox 1634 1811 1792 1841; x_wconf 88' lang='lat' dir='ltr'>rationem</span> <span class='ocrx_word' id='word_1_702' title='bbox 1815 1811 1847 1840; x_wconf 91' lang='lat' dir='ltr'>in</span> <span class='ocrx_word' id='word_1_703' title='bbox 1872 1811 1955 1841; x_wconf 85' lang='lat' dir='ltr'>votis</span> <span class='ocrx_word' id='word_1_704' title='bbox 1977 1809 2061 1840; x_wconf 84' lang='lat' dir='ltr'>redi-</span> 
     </span>
     <span class='ocr_line' id='line_1_99' title="bbox 1097 1851 2060 1891; baseline 0.003 -11"><span class='ocrx_word' id='word_1_705' title='bbox 1097 1851 1231 1889; x_wconf 83' lang='lat' dir='ltr'>mendis,</span> <span class='ocrx_word' id='word_1_706' title='bbox 1253 1851 1327 1890; x_wconf 83' lang='lat' dir='ltr'>quia</span> <span class='ocrx_word' id='word_1_707' title='bbox 1346 1851 1529 1891; x_wconf 79' lang='lat' dir='ltr'>negandum</span> <span class='ocrx_word' id='word_1_708' title='bbox 1555 1864 1616 1883; x_wconf 92' lang='lat' dir='ltr'>non</span> <span class='ocrx_word' id='word_1_709' title='bbox 1641 1854 1682 1883; x_wconf 92' lang='lat' dir='ltr'>sit</span> <span class='ocrx_word' id='word_1_710' title='bbox 1705 1852 1881 1884; x_wconf 90' lang='lat' dir='ltr'>remedium</span> <span class='ocrx_word' id='word_1_711' title='bbox 1906 1852 1957 1884; x_wconf 89' lang='lat' dir='ltr'>vel</span> <span class='ocrx_word' id='word_1_712' title='bbox 1981 1852 2060 1883; x_wconf 91' lang='lat' dir='ltr'>sola-</span> 
     </span>
     <span class='ocr_line' id='line_1_100' title="bbox 1098 1893 2059 1935; baseline 0.003 -12"><span class='ocrx_word' id='word_1_713' title='bbox 1098 1893 1188 1930; x_wconf 89' lang='lat' dir='ltr'>tium,</span> <span class='ocrx_word' id='word_1_714' title='bbox 1212 1894 1237 1924; x_wconf 87' lang='lat' dir='ltr'>si</span> <span class='ocrx_word' id='word_1_715' title='bbox 1259 1904 1320 1932; x_wconf 80' lang='lat' dir='ltr'>qua</span> <span class='ocrx_word' id='word_1_716' title='bbox 1339 1894 1436 1925; x_wconf 89' lang='lat' dir='ltr'>nimis</span> <span class='ocrx_word' id='word_1_717' title='bbox 1454 1895 1569 1934; x_wconf 86' lang='lat' dir='ltr'>gravia</span> <span class='ocrx_word' id='word_1_718' title='bbox 1591 1896 1657 1927; x_wconf 90' lang='lat' dir='ltr'>sint</span> <span class='ocrx_word' id='word_1_719' title='bbox 1680 1896 1731 1926; x_wconf 90' lang='lat' dir='ltr'>vel</span> <span class='ocrx_word' id='word_1_720' title='bbox 1755 1895 1902 1926; x_wconf 89' lang='lat' dir='ltr'>molesta:</span> <span class='ocrx_word' id='word_1_721' title='bbox 1929 1905 2059 1935; x_wconf 88' lang='lat' dir='ltr'>respon-</span> 
     </span>
     <span class='ocr_line' id='line_1_101' title="bbox 1098 1936 2059 1977; baseline 0.001 -11"><span class='ocrx_word' id='word_1_722' title='bbox 1098 1936 1155 1967; x_wconf 87' lang='lat' dir='ltr'>deo</span> <span class='ocrx_word' id='word_1_723' title='bbox 1185 1936 1281 1975; x_wconf 90' lang='lat' dir='ltr'>impie</span> <span class='ocrx_word' id='word_1_724' title='bbox 1304 1936 1407 1967; x_wconf 81' lang='lat' dir='ltr'>facere</span> <span class='ocrx_word' id='word_1_725' title='bbox 1430 1937 1594 1974; x_wconf 90' lang='lat' dir='ltr'>homines,</span> <span class='ocrx_word' id='word_1_726' title='bbox 1624 1938 1652 1968; x_wconf 92' lang='lat' dir='ltr'>si</span> <span class='ocrx_word' id='word_1_727' title='bbox 1674 1938 1757 1977; x_wconf 91' lang='lat' dir='ltr'>quod</span> <span class='ocrx_word' id='word_1_728' title='bbox 1782 1939 1870 1968; x_wconf 81' lang='lat' dir='ltr'>Deus</span> <span class='ocrx_word' id='word_1_729' title='bbox 1893 1948 1951 1969; x_wconf 88' lang='lat' dir='ltr'>suo</span> <span class='ocrx_word' id='word_1_730' title='bbox 1975 1937 2059 1969; x_wconf 85' lang='lat' dir='ltr'>arbi-</span> 
     </span>
     <span class='ocr_line' id='line_1_102' title="bbox 1097 1978 2059 2020; baseline 0.003 -12"><span class='ocrx_word' id='word_1_731' title='bbox 1097 1979 1159 2009; x_wconf 89' lang='lat' dir='ltr'>trio</span> <span class='ocrx_word' id='word_1_732' title='bbox 1182 1979 1333 2017; x_wconf 88' lang='lat' dir='ltr'>asseruit,</span> <span class='ocrx_word' id='word_1_733' title='bbox 1356 1978 1395 2009; x_wconf 89' lang='lat' dir='ltr'>ad</span> <span class='ocrx_word' id='word_1_734' title='bbox 1414 1989 1448 2010; x_wconf 86' lang='grc'>50</span> <span class='ocrx_word' id='word_1_735' title='bbox 1470 1980 1608 2020; x_wconf 85' lang='lat' dir='ltr'>rapiant.</span> <span class='ocrx_word' id='word_1_736' title='bbox 1655 1980 1767 2020; x_wconf 89' lang='lat' dir='ltr'>Neque</span> <span class='ocrx_word' id='word_1_737' title='bbox 1791 1981 1875 2011; x_wconf 88' lang='lat' dir='ltr'>enim</span> <span class='ocrx_word' id='word_1_738' title='bbox 1899 1980 1976 2011; x_wconf 92' lang='lat' dir='ltr'>olim</span> <span class='ocrx_word' id='word_1_739' title='bbox 1999 1979 2059 2011; x_wconf 89' lang='lat' dir='ltr'>sub</span> 
     </span>
     <span class='ocr_line' id='line_1_103' title="bbox 1098 2022 2059 2060; baseline 0.001 -9"><span class='ocrx_word' id='word_1_740' title='bbox 1098 2022 1166 2059; x_wconf 68' lang='lat' dir='ltr'>lege</span> <span class='ocrx_word' id='word_1_741' title='bbox 1189 2022 1235 2052; x_wconf 87' lang='lat' dir='ltr'>fas</span> <span class='ocrx_word' id='word_1_742' title='bbox 1258 2022 1371 2052; x_wconf 84' lang='lat' dir='ltr'>fuisset</span> <span class='ocrx_word' id='word_1_743' title='bbox 1394 2022 1516 2053; x_wconf 90' lang='lat' dir='ltr'>homini</span> <span class='ocrx_word' id='word_1_744' title='bbox 1539 2023 1669 2053; x_wconf 89' lang='lat' dir='ltr'>mortali</span> <span class='ocrx_word' id='word_1_745' title='bbox 1695 2028 1802 2054; x_wconf 85' lang='lat' dir='ltr'>votum</span> <span class='ocrx_word' id='word_1_746' title='bbox 1825 2027 1966 2060; x_wconf 88' lang='lat' dir='ltr'>mutare,</span> <span class='ocrx_word' id='word_1_747' title='bbox 1997 2023 2059 2053; x_wconf 87' lang='lat' dir='ltr'>nisi</span> 
     </span>
     <span class='ocr_line' id='line_1_104' title="bbox 1098 2064 2059 2106; baseline 0.002 -12"><span class='ocrx_word' id='word_1_748' title='bbox 1098 2065 1165 2095; x_wconf 85' lang='grc'><strong>01115</strong></span> <span class='ocrx_word' id='word_1_749' title='bbox 1194 2064 1360 2103; x_wconf 88' lang='lat' dir='ltr'>permissu.</span> <span class='ocrx_word' id='word_1_750' title='bbox 1406 2064 1442 2095; x_wconf 77' lang='lat' dir='ltr'>Si</span> <span class='ocrx_word' id='word_1_751' title='bbox 1473 2076 1586 2097; x_wconf 87' lang='lat' dir='ltr'>rursus</span> <span class='ocrx_word' id='word_1_752' title='bbox 1615 2066 1791 2106; x_wconf 80' lang='lat' dir='ltr'>excipiant,</span> <span class='ocrx_word' id='word_1_753' title='bbox 1821 2066 1930 2096; x_wconf 88' lang='lat' dir='ltr'>dat-um</span> <span class='ocrx_word' id='word_1_754' title='bbox 1960 2066 2059 2096; x_wconf 88' lang='lat' dir='ltr'>fuisse</span> 
     </span>
     <span class='ocr_line' id='line_1_105' title="bbox 1098 2107 2058 2145; baseline 0.001 -8"><span class='ocrx_word' id='word_1_755' title='bbox 1098 2107 1250 2137; x_wconf 86' lang='lat' dir='ltr'>iudicium</span> <span class='ocrx_word' id='word_1_756' title='bbox 1291 2107 1524 2145; x_wconf 86' lang='lat' dir='ltr'>sacerdotibus,</span> <span class='ocrx_word' id='word_1_757' title='bbox 1566 2108 1641 2140; x_wconf 89' lang='lat' dir='ltr'>hinc</span> <span class='ocrx_word' id='word_1_758' title='bbox 1677 2108 1724 2139; x_wconf 85' lang='lat' dir='ltr'>bis</span> <span class='ocrx_word' id='word_1_759' title='bbox 1757 2109 1915 2139; x_wconf 85' lang='lat' dir='ltr'>refellitur</span> <span class='ocrx_word' id='word_1_760' title='bbox 1948 2118 2058 2139; x_wconf 90' lang='lat' dir='ltr'>eorum</span> 
     </span>
     <span class='ocr_line' id='line_1_106' title="bbox 1098 2150 2058 2188; baseline -0.001 -7"><span class='ocrx_word' id='word_1_761' title='bbox 1098 2150 1248 2181; x_wconf 87' lang='lat' dir='ltr'>stultitia:</span> <span class='ocrx_word' id='word_1_762' title='bbox 1273 2150 1347 2188; x_wconf 89' lang='lat' dir='ltr'>quia</span> <span class='ocrx_word' id='word_1_763' title='bbox 1367 2160 1425 2181; x_wconf 87' lang='lat' dir='ltr'>nee</span> <span class='ocrx_word' id='word_1_764' title='bbox 1444 2150 1615 2181; x_wconf 88' lang='lat' dir='ltr'>ostendent</span> <span class='ocrx_word' id='word_1_765' title='bbox 1633 2161 1667 2182; x_wconf 90' lang='lat' dir='ltr'>se</span> <span class='ocrx_word' id='word_1_766' title='bbox 1686 2155 1809 2182; x_wconf 84' lang='lat' dir='ltr'>creatos</span> <span class='ocrx_word' id='word_1_767' title='bbox 1829 2161 1899 2181; x_wconf 88' lang='lat' dir='ltr'>esse</span> <span class='ocrx_word' id='word_1_768' title='bbox 1922 2150 2058 2182; x_wconf 90' lang='lat' dir='ltr'>iudices:</span> 
     </span>
     <span class='ocr_line' id='line_1_107' title="bbox 1099 2192 2059 2233; baseline 0 -10"><span class='ocrx_word' id='word_1_769' title='bbox 1099 2198 1131 2223; x_wconf 86' lang='lat' dir='ltr'>et</span> <span class='ocrx_word' id='word_1_770' title='bbox 1159 2192 1352 2223; x_wconf 82' lang='lat' dir='ltr'>temeritatis</span> <span class='ocrx_word' id='word_1_771' title='bbox 1375 2193 1495 2223; x_wconf 89' lang='lat' dir='ltr'>crimen</span> <span class='ocrx_word' id='word_1_772' title='bbox 1519 2204 1583 2224; x_wconf 90' lang='lat' dir='ltr'>non</span> <span class='ocrx_word' id='word_1_773' title='bbox 1608 2194 1779 2233; x_wconf 84' lang='lat' dir='ltr'>effugient,</span> <span class='ocrx_word' id='word_1_774' title='bbox 1809 2194 1883 2233; x_wconf 89' lang='lat' dir='ltr'>quia</span> <span class='ocrx_word' id='word_1_775' title='bbox 1901 2193 1970 2224; x_wconf 91' lang='lat' dir='ltr'>sine</span> <span class='ocrx_word' id='word_1_776' title='bbox 1994 2192 2059 2223; x_wconf 90' lang='grc'><strong>11110</strong></span> 
     </span>
     <span class='ocr_line' id='line_1_108' title="bbox 1098 2235 2059 2276; baseline 0 -10"><span class='ocrx_word' id='word_1_777' title='bbox 1098 2235 1249 2266; x_wconf 80' lang='lat' dir='ltr'>mandato</span> <span class='ocrx_word' id='word_1_778' title='bbox 1279 2235 1495 2274; x_wconf 85' lang='lat' dir='ltr'>pronunciant</span> <span class='ocrx_word' id='word_1_779' title='bbox 1524 2236 1563 2266; x_wconf 92' lang='lat' dir='ltr'>de</span> <span class='ocrx_word' id='word_1_780' title='bbox 1590 2236 1826 2276; x_wconf 88' lang='lat' dir='ltr'>redemptione,</span> <span class='ocrx_word' id='word_1_781' title='bbox 1856 2246 1955 2275; x_wconf 90' lang='lat' dir='ltr'>quum</span> <span class='ocrx_word' id='word_1_782' title='bbox 1975 2235 2059 2266; x_wconf 89' lang='lat' dir='ltr'>nihil</span> 
     </span>
     <span class='ocr_line' id='line_1_109' title="bbox 1097 2277 2061 2317; baseline 0.001 -9"><span class='ocrx_word' id='word_1_783' title='bbox 1097 2279 1171 2309; x_wconf 87' lang='lat' dir='ltr'>olim</span> <span class='ocrx_word' id='word_1_784' title='bbox 1196 2277 1389 2317; x_wconf 84' lang='lat' dir='ltr'>protulerint</span> <span class='ocrx_word' id='word_1_785' title='bbox 1411 2277 1592 2309; x_wconf 88' lang='lat' dir='ltr'>sacerdotes</span> <span class='ocrx_word' id='word_1_786' title='bbox 1616 2279 1676 2310; x_wconf 89' lang='lat' dir='ltr'>nisi</span> <span class='ocrx_word' id='word_1_787' title='bbox 1698 2290 1735 2309; x_wconf 80' lang='lat' dir='ltr'>ex</span> <span class='ocrx_word' id='word_1_788' title='bbox 1760 2289 1814 2309; x_wconf 91' lang='lat' dir='ltr'>ore</span> <span class='ocrx_word' id='word_1_789' title='bbox 1832 2278 1895 2309; x_wconf 90' lang='lat' dir='ltr'>Dei</span> <span class='ocrx_word' id='word_1_790' title='bbox 1917 2282 1950 2308; x_wconf 88' lang='lat' dir='ltr'>et</span> <span class='ocrx_word' id='word_1_791' title='bbox 1972 2282 2061 2310; x_wconf 85' lang='lat' dir='ltr'>certa</span> 
     </span>
     <span class='ocr_line' id='line_1_110' title="bbox 1097 2320 2060 2361; baseline 0.001 -11"><span class='ocrx_word' id='word_1_792' title='bbox 1097 2331 1179 2361; x_wconf 85' lang='lat' dir='ltr'>quae</span> <span class='ocrx_word' id='word_1_793' title='bbox 1202 2320 1253 2350; x_wconf 83' lang='lat' dir='ltr'>hic</span> <span class='ocrx_word' id='word_1_794' title='bbox 1277 2320 1416 2351; x_wconf 88' lang='lat' dir='ltr'>traditur</span> <span class='ocrx_word' id='word_1_795' title='bbox 1438 2321 1560 2361; x_wconf 86' lang='lat' dir='ltr'>regula.</span> <span class='ocrx_word' id='word_1_796' title='bbox 1594 2322 1750 2360; x_wconf 83' lang='lat' dir='ltr'>Exceptio</span> <span class='ocrx_word' id='word_1_797' title='bbox 1774 2321 1812 2351; x_wconf 90' lang='lat' dir='ltr'>de</span> <span class='ocrx_word' id='word_1_798' title='bbox 1835 2321 2060 2361; x_wconf 86' lang='lat' dir='ltr'>primogenitis</span> 
     </span>
    </p>
   </div>
   <div class='ocr_carea' id='block_1_10' title="bbox 1072 2363 2060 2402">
    <p class='ocr_par' dir='ltr' id='par_1_11' title="bbox 1072 2363 2060 2402">
     <span class='ocr_line' id='line_1_111' title="bbox 1072 2363 2060 2402; baseline 0.002 -10"><span class='ocrx_word' id='word_1_799' title='bbox 1072 2389 1073 2392; x_wconf 73' lang='grc'>,</span> <span class='ocrx_word' id='word_1_800' title='bbox 1098 2371 1127 2395; x_wconf 83' lang='lat' dir='ltr'>et</span> <span class='ocrx_word' id='word_1_801' title='bbox 1148 2364 1278 2394; x_wconf 87' lang='lat' dir='ltr'>decimis</span> <span class='ocrx_word' id='word_1_802' title='bbox 1298 2363 1376 2393; x_wconf 88' lang='lat' dir='ltr'>satis</span> <span class='ocrx_word' id='word_1_803' title='bbox 1394 2364 1534 2394; x_wconf 87' lang='lat' dir='ltr'>ostendit</span> <span class='ocrx_word' id='word_1_804' title='bbox 1552 2364 1650 2395; x_wconf 82' lang='lat' dir='ltr'>fuisse</span> <span class='ocrx_word' id='word_1_805' title='bbox 1670 2363 1780 2394; x_wconf 78' lang='lat' dir='ltr'>illicita</span> <span class='ocrx_word' id='word_1_806' title='bbox 1804 2363 1960 2402; x_wconf 89' lang='lat' dir='ltr'>quaedam</span> <span class='ocrx_word' id='word_1_807' title='bbox 1985 2368 2060 2394; x_wconf 88' lang='lat' dir='ltr'>vota</span> 
     </span>
    </p>
   </div>
   <div class='ocr_carea' id='block_1_11' title="bbox 1098 2405 2061 2659">
    <p class='ocr_par' dir='ltr' id='par_1_12' title="bbox 1098 2405 2061 2659">
     <span class='ocr_line' id='line_1_112' title="bbox 1098 2405 2058 2446; baseline -0.001 -9"><span class='ocrx_word' id='word_1_808' title='bbox 1098 2417 1177 2446; x_wconf 85' lang='lat' dir='ltr'>quae</span> <span class='ocrx_word' id='word_1_809' title='bbox 1192 2406 1280 2437; x_wconf 80' lang='lat' dir='ltr'>Deus</span> <span class='ocrx_word' id='word_1_810' title='bbox 1299 2405 1461 2445; x_wconf 87' lang='lat' dir='ltr'>repudiat:</span> <span class='ocrx_word' id='word_1_811' title='bbox 1481 2406 1616 2446; x_wconf 89' lang='lat' dir='ltr'>ideoque</span> <span class='ocrx_word' id='word_1_812' title='bbox 1636 2417 1700 2437; x_wconf 91' lang='lat' dir='ltr'>non</span> <span class='ocrx_word' id='word_1_813' title='bbox 1720 2405 1913 2446; x_wconf 88' lang='lat' dir='ltr'>quibuslibet</span> <span class='ocrx_word' id='word_1_814' title='bbox 1932 2406 2058 2437; x_wconf 85' lang='lat' dir='ltr'>indiffe-</span> 
     </span>
     <span class='ocr_line' id='line_1_113' title="bbox 1098 2448 2061 2487; baseline 0.001 -8"><span class='ocrx_word' id='word_1_815' title='bbox 1098 2454 1206 2479; x_wconf 81' lang='lat' dir='ltr'>renter</span> <span class='ocrx_word' id='word_1_816' title='bbox 1234 2449 1335 2479; x_wconf 89' lang='lat' dir='ltr'>locum</span> <span class='ocrx_word' id='word_1_817' title='bbox 1366 2448 1463 2479; x_wconf 89' lang='lat' dir='ltr'>fuisse</span> <span class='ocrx_word' id='word_1_818' title='bbox 1493 2449 1619 2480; x_wconf 81' lang='lat' dir='ltr'>datum:</span> <span class='ocrx_word' id='word_1_819' title='bbox 1649 2449 1799 2487; x_wconf 89' lang='lat' dir='ltr'>quoniam</span> <span class='ocrx_word' id='word_1_820' title='bbox 1827 2459 1917 2479; x_wconf 88' lang='lat' dir='ltr'>mera</span> <span class='ocrx_word' id='word_1_821' title='bbox 1945 2448 2061 2480; x_wconf 87' lang='lat' dir='ltr'>fuisset</span> 
     </span>
     <span class='ocr_line' id='line_1_114' title="bbox 1098 2491 2058 2532; baseline 0 -10"><span class='ocrx_word' id='word_1_822' title='bbox 1098 2492 1264 2522; x_wconf 79' lang='lat' dir='ltr'>frustratio</span> <span class='ocrx_word' id='word_1_823' title='bbox 1288 2491 1358 2521; x_wconf 90' lang='lat' dir='ltr'>Deo</span> <span class='ocrx_word' id='word_1_824' title='bbox 1388 2501 1506 2522; x_wconf 90' lang='lat' dir='ltr'>vovere</span> <span class='ocrx_word' id='word_1_825' title='bbox 1537 2492 1619 2532; x_wconf 91' lang='lat' dir='ltr'>quod</span> <span class='ocrx_word' id='word_1_826' title='bbox 1652 2492 1716 2521; x_wconf 85' lang='lat' dir='ltr'>iam</span> <span class='ocrx_word' id='word_1_827' title='bbox 1747 2491 1797 2522; x_wconf 89' lang='lat' dir='ltr'>sui</span> <span class='ocrx_word' id='word_1_828' title='bbox 1818 2491 1899 2522; x_wconf 90' lang='lat' dir='ltr'>iuris</span> <span class='ocrx_word' id='word_1_829' title='bbox 1921 2491 2058 2523; x_wconf 84' lang='lat' dir='ltr'>fecerat:</span> 
     </span>
     <span class='ocr_line' id='line_1_115' title="bbox 1099 2533 2059 2574; baseline 0.001 -10"><span class='ocrx_word' id='word_1_830' title='bbox 1099 2533 1366 2574; x_wconf 81' lang='lat' dir='ltr'>quemadmodum</span> <span class='ocrx_word' id='word_1_831' title='bbox 1390 2533 1466 2565; x_wconf 85' lang='lat' dir='ltr'>alibi</span> <span class='ocrx_word' id='word_1_832' title='bbox 1490 2534 1669 2570; x_wconf 87' lang='lat' dir='ltr'>docuimus,</span> <span class='ocrx_word' id='word_1_833' title='bbox 1695 2533 1749 2564; x_wconf 85' lang='lat' dir='ltr'>ubi</span> <span class='ocrx_word' id='word_1_834' title='bbox 1771 2533 1876 2565; x_wconf 89' lang='lat' dir='ltr'>locum</span> <span class='ocrx_word' id='word_1_835' title='bbox 1899 2533 1986 2565; x_wconf 91' lang='lat' dir='ltr'>hunc</span> <span class='ocrx_word' id='word_1_836' title='bbox 2009 2535 2059 2565; x_wconf 90' lang='lat' dir='ltr'>in-</span> 
     </span>
     <span class='ocr_line' id='line_1_116' title="bbox 1099 2575 2058 2617; baseline -0.001 -9"><span class='ocrx_word' id='word_1_837' title='bbox 1099 2578 1194 2608; x_wconf 82' lang='lat' dir='ltr'>serui.</span> <span class='ocrx_word' id='word_1_838' title='bbox 1250 2576 1343 2614; x_wconf 79' lang='lat' dir='ltr'>Quod</span> <span class='ocrx_word' id='word_1_839' title='bbox 1385 2575 1423 2606; x_wconf 88' lang='lat' dir='ltr'>de</span> <span class='ocrx_word' id='word_1_840' title='bbox 1458 2577 1663 2607; x_wconf 81' lang='lat' dir='ltr'>anathemate</span> <span class='ocrx_word' id='word_1_841' title='bbox 1697 2576 1829 2614; x_wconf 84' lang='lat' dir='ltr'>dicitur,</span> <span class='ocrx_word' id='word_1_842' title='bbox 1864 2576 2058 2617; x_wconf 86' lang='lat' dir='ltr'>generaliter</span> 
     </span>
     <span class='ocr_line' id='line_1_117' title="bbox 1099 2618 2058 2659; baseline 0 -9"><span class='ocrx_word' id='word_1_843' title='bbox 1099 2619 1237 2659; x_wconf 77' lang='lat' dir='ltr'>intelligi</span> <span class='ocrx_word' id='word_1_844' title='bbox 1273 2629 1335 2649; x_wconf 91' lang='lat' dir='ltr'>non</span> <span class='ocrx_word' id='word_1_845' title='bbox 1365 2619 1472 2655; x_wconf 86' lang='lat' dir='ltr'>debet,</span> <span class='ocrx_word' id='word_1_846' title='bbox 1509 2620 1583 2659; x_wconf 89' lang='lat' dir='ltr'>quia</span> <span class='ocrx_word' id='word_1_847' title='bbox 1610 2619 1658 2649; x_wconf 91' lang='lat' dir='ltr'>fas</span> <span class='ocrx_word' id='word_1_848' title='bbox 1688 2630 1752 2649; x_wconf 91' lang='lat' dir='ltr'>non</span> <span class='ocrx_word' id='word_1_849' title='bbox 1782 2618 1895 2650; x_wconf 84' lang='lat' dir='ltr'>fuisset</span> <span class='ocrx_word' id='word_1_850' title='bbox 1925 2620 2058 2650; x_wconf 89' lang='lat' dir='ltr'>anathe-</span> 
     </span>
    </p>
   </div>
  </div>
 </body>
</html>
