2304 3034
82 193 143 225 673

81 287 172 326 furor
200 295 300 322 meus,
328 289 356 316 et
383 284 518 315 occidam
539 291 590 312 vos
613 279 733 320 yladio,
764 282 911 318 eruntque
933 289 1045 311 umores

82 331 200 360 vestrae
222 328 343 364 viduae,
367 329 392 357 et
412 326 471 365 filii
493 323 584 355 vestri
601 323 733 362 pupilli.

385 493 449 525 EX
472 492 620 524 LEVIT.
646 491 742 522 XIX.

170 582 220 614 33.
264 581 300 612 Si
332 578 551 619 pereqrinatus
590 579 685 608 tecum
727 577 824 616 fuerit
858 577 1047 617 pereyrinus

84 627 116 658 in
138 629 222 657 terra
243 625 348 659 vestra,
371 630 431 651 non
454 620 634 658 opprimens
652 620 749 650 illum.
796 619 845 650 34.
883 619 1047 658 Tanquam

85 669 232 708 indiqena
254 676 291 697 ex
312 664 410 701 vobis,
433 663 490 693 erit
512 662 594 693 vobis
616 662 801 702 pereyrinus
830 662 884 701 qui
906 662 1046 702 peregri-

85 714 180 742 natur
201 708 284 749 apud
312 716 375 742 vos,
405 707 431 736 et
452 704 562 745 diliqes
585 715 652 736 eum
680 705 760 735 sicut
782 707 808 735 {e
830 705 950 744 ipsum.-
972 705 1047 744 quia

80 752 237 794 pereyrini
256 749 362 790 fuistis
386 748 418 778 in
441 750 542 779 terra:
564 758 614 787 eyo
638 747 751 778 Ielzova
773 747 860 778 Deus
882 750 986 778 vester.

170 835 274 868 Levit.
305 833 352 871 19,
382 832 431 863 33.
466 831 501 862 Si
518 832 747 872 pereyrinatus.
794 833 978 872 Antequam
1007 831 1046 862 ad

87 881 165 912 alias
187 877 370 917 iniquitates
389 880 567 911 transeam,
590 881 798 915 praeceptum
821 874 880 905 hoc
903 875 1047 905 inserere

87 924 189 954 visum
220 924 283 957 est,
317 918 371 949 ubi
411 918 539 948 iubetur
579 917 718 957 populus
760 917 829 948 sine
859 917 1048 957 exceptione

86 975 157 997 cum
175 961 321 994 omnibus
345 960 448 991 colere
471 960 674 1000 aequitatem.
708 959 792 990 Nam
816 960 842 990 si
867 960 956 990 nulla
975 971 1047 999 per-

87 1007 267 1047 egrinorum
289 1004 372 1035 facta
387 1003 501 1033 fuisset
518 1003 653 1039 mentio,
684 1006 850 1042 putassent
868 1002 1046 1039 Israelitae,

85 1049 177 1081 modo
199 1058 239 1078 ex
262 1057 320 1077 sua
341 1050 437 1086 gente
460 1046 623 1076 neminem
643 1045 833 1084 laesissent,
857 1055 890 1075 se
914 1056 1047 1085 prorsus

84 1091 186 1123 officio
209 1099 277 1120 esse
301 1089 481 1119 defunctos:
515 1088 591 1118 dum
615 1092 722 1118 autem
748 1088 907 1127 hospites,
942 1092 975 1118 et
997 1088 1046 1118 in-

84 1134 219 1175 quilinos
240 1131 373 1172 perinde
393 1137 488 1170 atque
511 1131 768 1170 consanguineos
793 1131 857 1160 illis
887 1140 1047 1161 commen—

85 1177 138 1207 dat
161 1176 258 1213 Deus,
276 1173 351 1204 inde
370 1178 549 1214 agnoscunt
569 1174 761 1212 aequitatem
778 1183 905 1212 semper
923 1180 952 1203 et
973 1182 1045 1203 cum

84 1218 232 1250 omnibus
268 1215 433 1248 colendam
467 1226 546 1246 esse.
591 1215 658 1247 Nec
690 1226 767 1246 vero
801 1221 921 1246 temere
958 1216 1047 1246 Deus

83 1271 117 1293 se
139 1271 174 1292 ac
197 1270 292 1291 suum
316 1259 529 1299 patrocinium
553 1258 700 1298 opponit,
725 1268 765 1288 ne
788 1259 968 1298 peregrinis
993 1259 1047 1289 fiat

83 1304 210 1335 iniuria.
266 1302 348 1332 Nam
384 1301 458 1341 quia
491 1301 652 1332 neminem
689 1301 810 1332 habent
849 1302 901 1340 qui
938 1300 1046 1332 odium

83 1346 189 1378 subire
202 1344 281 1376 velit
295 1354 352 1384 pro
372 1344 514 1384 ipsorum
529 1343 724 1381 defensione,
748 1343 968 1383 improborum
980 1344 1047 1374 vio-

83 1389 201 1420 lentiae
242 1393 274 1418 et
313 1386 572 1427 oppressionibus
607 1386 805 1426 quibuslibet
834 1387 937 1427 magis
971 1390 1049 1418 sunt

83 1430 224 1466 obnoxii,
244 1440 339 1470 quam
360 1430 386 1460 si
405 1429 586 1460 domesticis
607 1428 776 1468 praesidiis
796 1429 910 1459 muniti
930 1434 1048 1460 essent.

83 1472 206 1505 Eadem
224 1473 256 1503 in
276 1472 407 1512 pupillis
426 1478 457 1502 et
477 1471 583 1502 viduis
602 1471 790 1502 mulieribus
813 1472 909 1503 ratio:
935 1472 1050 1502 mulier

82 1517 122 1548 ob
140 1516 363 1546 infirmitatem
382 1525 487 1550 sexus,
512 1515 572 1545 nisi
596 1514 694 1545 lateat
716 1514 775 1545 sub
794 1515 901 1544 mariti
926 1514 1048 1551 umbra,

83 1559 229 1599 exposita
252 1564 301 1589 est
320 1558 419 1588 variis
442 1558 551 1587 noxis:
573 1557 705 1597 pupillis
728 1556 843 1596 quibus
868 1557 949 1587 nihil
973 1568 1048 1588 con-

84 1601 147 1633 silii
170 1601 327 1641 suppetit,
352 1600 445 1630 multi
468 1599 680 1637 insidiantur,
704 1609 740 1630 ac
758 1599 785 1630 si
808 1604 916 1630 essent
938 1610 1048 1631 eorum

84 1643 212 1684 praeda.
255 1643 418 1682 Quoniam
441 1643 547 1682 itaque
570 1643 615 1673 ita
634 1641 781 1673 destituti
800 1646 876 1673 sunt
898 1642 1050 1674 humanis

85 1686 226 1724 auxiliis,
256 1684 415 1717 succurrit
449 1685 538 1715 Deus
568 1684 608 1715 ad
629 1695 722 1725 opem
752 1684 931 1716 ferendam:
963 1695 999 1716 ac
1023 1685 1049 1716 si

85 1730 204 1760 iniuste
248 1734 421 1764 vexentur,
462 1727 626 1759 vindicem
667 1739 700 1759 se
740 1727 807 1758 fore
848 1728 1048 1767 pronunciat.

85 1772 196 1802 Priore
219 1771 285 1802 loce
310 1771 489 1811 peregrinis
512 1770 660 1809 adiungit
684 1770 838 1810 pupillos,
871 1775 903 1800 et
927 1770 1051 1808 viduas,

85 1814 118 1845 in
147 1814 247 1844 altero
278 1813 423 1843 nominat
445 1812 530 1843 solos
558 1814 761 1853 peregrinos:
792 1823 919 1843 summa
942 1818 1049 1843 tamen

86 1856 197 1887 eodem
228 1856 326 1893 redit,
358 1865 412 1886 eos
442 1866 553 1886 omnes
580 1856 632 1895 qui
657 1856 759 1886 orbati
783 1861 859 1885 sunt
883 1861 915 1886 et
939 1855 1051 1886 nudati

87 1899 222 1930 terrenis
246 1899 376 1938 opibus,
400 1899 458 1928 sub
482 1898 541 1928 Dei
573 1898 674 1928 tutela
703 1903 734 1928 et
765 1898 942 1937 patrocinio
972 1909 1050 1936 esse,

87 1942 272 1981 protegique
308 1942 376 1972 eius
407 1950 521 1971 manu:
561 1946 597 1972 ut
628 1942 671 1971 ita
694 1946 916 1980 compescatur
939 1951 1050 1971 eorum

88 1983 218 2015 audacia
247 1985 299 2023 qui
329 1983 389 2014 sibi
414 1984 545 2022 impune
575 1993 742 2014 cessurum
763 1983 930 2013 confidunt
948 1983 1051 2014 scelus

86 2026 256 2066 quodlibet,
281 2025 373 2056 modo
396 2036 489 2056 nemo
510 2026 543 2056 in
567 2033 652 2056 terra
675 2026 814 2057 resistat.
861 2026 958 2056 Nulla
981 2027 1051 2065 qui-

90 2069 160 2099 dem
194 2069 347 2108 iniquitas
382 2068 525 2099 manebit
566 2069 669 2099 inulta
710 2068 794 2108 apud
838 2069 960 2105 Deum,
995 2068 1051 2099 sed

90 2111 256 2150 peculiaris
278 2118 327 2142 est
350 2111 430 2141 ratio
453 2122 509 2142 cur
540 2111 630 2141 Deus
653 2111 853 2151 peregrinos,
882 2111 996 2141 viduas
1020 2116 1051 2142 et

90 2153 225 2192 pupillos
252 2164 285 2184 se
315 2154 456 2193 recipere
485 2154 517 2184 in
547 2154 642 2184 fidem
673 2164 763 2184 suam
795 2158 945 2184 testetur:
977 2154 1051 2194 quia

92 2194 145 2225 ubi
174 2197 273 2236 magis
303 2201 469 2236 grassatur
497 2196 628 2230 malum,
663 2196 880 2235 praesentiore
911 2196 1051 2227 remedio

93 2247 171 2276 opus
193 2244 248 2269 est.
281 2239 475 2279 Peregrinos
498 2239 558 2269 hoc
581 2238 711 2269 nomine
730 2237 944 2277 commendat,
967 2239 1051 2279 quod

94 2279 228 2319 populus
251 2282 301 2320 qui
326 2282 551 2321 peregrinatus
575 2281 681 2311 fuerat
703 2282 736 2311 in
771 2281 935 2321 Aegypto,
967 2283 1051 2312 anti-

94 2331 174 2361 quae
196 2332 271 2353 suae
300 2323 491 2354 conditionis
521 2334 660 2361 memor,
689 2323 864 2354 humanius
894 2334 971 2364 erga
999 2324 1052 2355 ho-

95 2363 195 2403 spites
218 2375 250 2394 se
268 2375 376 2405 gerere
397 2366 539 2397 debebat.
584 2366 655 2397 Etsi
680 2366 765 2396 enim
785 2366 919 2406 indigna
942 2372 1051 2407 tyran-

95 2405 168 2435 nide
190 2408 330 2446 oppressi
353 2408 481 2439 tandem
505 2409 640 2444 fuerant,
665 2409 833 2439 exordium
858 2414 966 2439 tamen
986 2409 1051 2440 illis

95 2447 355 2480 considerandum
378 2451 449 2482 fuit:
475 2451 557 2491 quod
574 2451 694 2482 scilicet
712 2451 788 2482 illuc
811 2456 919 2491 patres
942 2463 1051 2483 eorum

95 2490 293 2529 compulerat
313 2494 443 2530 penuria
466 2499 498 2524 et
521 2495 635 2528 fames,
661 2499 691 2523 et
711 2505 808 2533 quum
837 2494 960 2525 alienae
983 2496 1052 2534 opis
1077 2509 1079 2530 1

96 2538 204 2563 essent
226 2532 342 2573 indigi,
365 2535 564 2575 hospitaliter
587 2537 708 2576 accepti
733 2537 868 2567 fucrant.
914 2537 976 2568 Ubi
1002 2538 1051 2568 dc-

97 2576 247 2610 nunciat‚
274 2576 299 2605 si
328 2576 440 2608 viduae
470 2579 608 2610 afflictae
632 2586 662 2609 et
686 2579 801 2619 pupilli
830 2579 1051 2617 clamaverint,

214 2668 320 2693 Calvini
335 2676 422 2700 opera.
464 2671 518 2697 Vol.
539 2671 615 2698 XXI
623 2673 650 2698 V.

784 186 1007 218 OCTAVUM
1032 186 1351 219 PRAECEPTUM.

2004 188 2067 219 674

1098 279 1171 310 dem
1191 280 1258 311 fore
1281 281 1308 311 si
1328 281 1417 312 taciti
1441 281 1606 321 perferant
1628 280 1779 312 iniurias:
1812 280 1867 312 sed
1891 292 1947 321 pro
1978 291 2064 313 com-

1097 322 1186 353 muni
1207 333 1294 354 more
1312 323 1465 363 loquitur,
1489 323 1564 363 quia
1582 323 1622 353 ad
1641 323 1747 362 ipsum
1767 334 1940 363 provocare
1961 325 2066 356 solent

1097 365 1150 404 qui
1174 376 1332 405 nusquam
1353 366 1427 397 alibi
1452 367 1618 405 reperiunt
1640 366 1799 397 solatium.
1832 366 1962 397 Interea
1985 368 2066 398 scia-

1098 418 1179 444 mus,
1213 409 1362 447 quamvis
1383 409 1566 440 abstineant
1600 419 1618 439 a
1651 408 1862 448 querimoniis
1897 410 1951 449 qui
1986 410 2065 441 laesi

1098 454 1182 488 suut,
1203 449 1308 481 Deum
1322 455 1430 482 tamen
1450 451 1589 491 partium
1610 461 1739 482 suarum
1761 452 1892 482 minime
1911 452 2065 490 oblivisci,

1099 496 1134 522 ut
1158 492 1196 523 ad
1228 493 1347 524 scelera
1370 494 1551 525 conniveat.
1597 494 1667 525 Imo
1694 493 1775 524 nihil
1799 495 1903 525 acrius
1927 506 1999 525 eum
2024 495 2065 526 ad

1098 535 1288 566 sumendam
1311 536 1350 568 de
1373 536 1529 576 improbis
1553 536 1728 568 vindictam
1753 536 1941 568 exstimulat
1969 548 2065 577 quam

1099 588 1266 608 servorum
1307 589 1439 609 suorum
1480 580 1657 610 tolerantia.
1720 579 1927 619 Exprimitur
1967 581 2065 611 etiam

1099 630 1218 658 poenae
1240 631 1357 661 genus:
1390 622 1442 661 qui
1470 621 1577 652 viduis
1596 627 1628 652 et
1650 621 1781 661 pupillis
1812 622 1990 653 molestiam
2015 624 2064 654 in-

1100 662 1246 700 tulerint,
1276 663 1382 703 gladio
1413 665 1588 704 perituros,
1619 670 1654 695 ut
1677 675 1786 695 eorum
1811 664 1933 695 viduae
1954 670 1986 695 et
2009 676 2066 705 pu-

1099 705 1167 744 pilli
1198 705 1417 745 improborum
1449 707 1617 744 audaciae,
1645 707 1816 738 violentiae
1840 712 1871 737 ct
1898 708 2064 740 fraudibus

1099 747 1295 779 subiaceant.
1330 749 1431 780 Porro
1455 749 1631 780 notandum
1655 753 1703 780 est
1726 750 1809 789 quod
1832 751 1973 781 secundo
1997 751 2065 782 loco

1099 790 1252 821 iubentur
1276 795 1405 822 exteros
1434 796 1465 822 et
1494 792 1671 831 inquilinos
1705 792 1839 832 perinde
1863 803 1899 824 ae
1922 803 1955 824 se
1976 793 2063 833 ipsos

1099 831 1242 872 diligere.
1288 833 1372 864 Nam
1403 833 1477 864 inde
1508 840 1641 874 apparet
1675 846 1791 865 nomen
1826 835 1965 875 proximi
2001 847 2063 867 non

1100 875 1254 916 restringi
1288 875 1328 906 ad
1357 878 1613 916 consanguineos
1644 877 1696 908 vel
1725 877 1845 909 similes
1871 878 2064 918 quibuscum

1100 919 1227 958 propior
1249 922 1296 949 est
1319 918 1529 956 necessitudo,
1554 919 1609 950 scd
1633 924 1741 959 patere
1761 920 1800 951 ad
1824 925 1925 951 totum
1950 921 2064 952 huma-

1100 971 1178 990 num
1212 971 1332 1001 genus:
1367 961 1460 992 sicuti
1491 962 1632 993 ostendit
1670 962 1821 994 Christus
1860 963 1893 993 in
1928 974 2066 1003 persona

1099 1002 1303 1041 Samaritani,
1330 1004 1384 1043 qui
1405 1004 1543 1035 hominis
1562 1005 1718 1045 incogniti
1737 1006 1897 1042 misertus,
1922 1007 2065 1038 officium

1100 1045 1313 1077 humanitatis
1336 1047 1505 1086 praestitit,
1530 1058 1548 1077 a
1572 1047 1690 1078 Iudaeo
1716 1052 1810 1088 atque
1833 1049 1930 1079 etiam
1951 1049 2067 1081 Levita

1100 1089 1283 1129 neglectum
1306 1088 1398 1130 (Luc.
1425 1090 1473 1127 10,
1492 1089 1556 1131 30).

1440 1259 1505 1290 EX
1529 1259 1660 1291 DEUT.
1685 1260 1727 1291 X.

1188 1344 1236 1376 17.
1268 1344 1358 1375 Deus
1386 1354 1446 1375 non
1478 1345 1589 1384 accipit
1616 1355 1798 1384 personam,
1833 1355 1928 1384 neque
1959 1347 2070 1385 recipit

1101 1397 1222 1419 numus.
1269 1387 1316 1418 18.
1353 1386 1485 1418 Faciem
1508 1388 1659 1419 iudicium
1686 1388 1805 1427 pupillo
1828 1391 1853 1419 ct
1875 1388 1995 1427 viduae,
2018 1390 2067 1420 di-

1104 1430 1200 1469 ziqens
1225 1430 1445 1469 peregrinum,
1473 1430 1574 1461 dando
1604 1433 1631 1461 et
1652 1440 1767 1469 panem
1796 1433 1823 1461 et
1848 1431 2066 1463 vestimentum.

1104 1472 1152 1503 19.
1189 1472 1321 1512 Diliyz'te
1343 1473 1440 1513 iyitur
1456 1473 1664 1513 pereyrinum,
1687 1474 1762 1512 quia
1778 1474 1939 1514 pereyrini
1959 1474 2070 1513 fuistis

1103 1516 1137 1546 in
1160 1518 1244 1546 terra
1267 1515 1410 1555 Aeqypti‘.

1190 1600 1369 1631 Confirmat
1413 1601 1610 1640 superiorem
1652 1601 1844 1631 sententiam
1888 1601 1926 1632 ab
1967 1602 2069 1641 ipsius

1104 1643 1165 1674 Dei
1201 1649 1328 1674 natura.
1374 1642 1467 1674 Facit
1501 1643 1587 1673 enim
1612 1643 1686 1674 vilis
1717 1647 1749 1674 et
1772 1643 1895 1675 abiecta
1928 1644 2068 1676 conditio

1104 1696 1214 1717 eorum
1236 1685 1427 1725 quibuscum
1451 1685 1541 1716 nobis
1566 1687 1729 1726 negotium
1744 1692 1800 1722 est,
1825 1692 1860 1716 ut
1872 1687 2068 1726 petulantius

1103 1739 1156 1759 eos
1180 1738 1349 1758 vexemus:
1376 1728 1449 1768 quia
1471 1728 1622 1759 videntur
1645 1739 1776 1768 prorsus
1799 1728 1926 1760 deserti.
1974 1730 2069 1769 Atqui

1105 1772 1194 1802 Deus
1224 1775 1321 1809 negat
1350 1772 1499 1801 miseram
1528 1781 1637 1801 eorum
1668 1776 1787 1802 sortem
1816 1772 1978 1803 obstaculo
1998 1783 2068 1803 esse

1104 1814 1274 1853 quominus
1288 1813 1365 1852 ipsis
1377 1819 1554 1849 succurrat,
1577 1814 1651 1853 quia
1674 1824 1826 1854 personas
1845 1824 1908 1844 non
1930 1815 2068 1854 respicit.

1104 1856 1242 1887 Nomine
1266 1866 1342 1886 vero
1365 1866 1520 1895 personae
1543 1856 1737 1897 intelligitur
1755 1856 1807 1887 vel
1830 1856 1989 1896 splendor,
2016 1858 2069 1888 vel

1104 1899 1290 1933 obscuritas,
1314 1909 1350 1929 ac
1369 1904 1505 1929 externa
1523 1900 1653 1938 species,
1674 1910 1768 1938 quam
1790 1899 1886 1939 vulgo
1910 1910 2069 1939 apparen-

1104 1944 1182 1972 tiam
1206 1942 1390 1976 nominant‚
1414 1941 1682 1980 quemadmodum
1706 1952 1745 1972 ex
1769 1941 1880 1972 multis
1904 1942 1980 1973 locis
2004 1943 2068 1973 col-

1105 1985 1224 2024 ligitur.
1270 1983 1307 2013 In
1333 1993 1475 2019 summa,
1500 1984 1588 2014 Deus
1612 1995 1645 2014 sc
1670 1985 1744 2015 facit
1766 1984 1951 2015 hominibus
1976 1985 2068 2016 (lissi-

1104 2027 1228 2063 milem‚
1260 2036 1337 2065 quos
1367 2026 1449 2065 rapit
1478 2027 1617 2057 exterior
1651 2031 1855 2066 conspectus,
1887 2033 1921 2057 ut
1951 2027 2068 2059 divites

1105 2070 1226 2100 honore
1266 2076 1516 2108 prosequantur,
1558 2070 1668 2109 inopes
1709 2068 1795 2099 odio:
1833 2069 1976 2109 pulchris
2017 2071 2069 2101 vel

1105 2112 1232 2142 disertis
1256 2112 1394 2148 faveant,
1419 2116 1627 2142 contemnant
1641 2112 1808 2143 deformes
1836 2112 1924 2152 Ergo
1947 2122 2067 2152 προσω-

1104 2158 1231 2193 ποληψία
1254 2158 1302 2184 cst
1326 2164 1513 2192 perversum
1543 2154 1698 2185 iudicium
1728 2154 1811 2193 quod
1843 2165 1900 2185 nos
1931 2165 1949 2185 a
1972 2165 2069 2186 causa

1104 2196 1242 2233 abducit,
1266 2195 1341 2226 dum
1367 2201 1490 2227 mentes
1513 2203 1639 2228 nostras
1664 2202 1873 2236 praeoccupat
1897 2197 1981 2236 quod
2005 2209 2068 2229 non

1105 2239 1240 2270 debebat
1265 2240 1373 2269 venire
1398 2239 1430 2269 in
1454 2239 1621 2270 rationem.
1667 2240 1743 2270 Ideo
1774 2239 1920 2270 Christus
1944 2247 2067 2271 rectum

1105 2282 1257 2313 iudicium
1281 2292 1350 2311 esse
1372 2281 1464 2312 docet
1486 2282 1567 2321 quod
1588 2293 1652 2312 non
1672 2283 1772 2312 fertur
1795 2282 1970 2312 secundum
1996 2293 2067 2322 per-

1104 2335 1211 2356 sonas:
1232 2325 1306 2363 quia
1326 2334 1488 2363 nunquam
1513 2324 1698 2355 dominatur
1721 2324 1841 2355 veritas
1861 2328 1892 2354 et
1911 2326 2068 2357 rectitudo

1105 2368 1166 2398 nisi
1191 2367 1266 2397 dum
1291 2366 1329 2396 ad
1350 2376 1417 2396 rem
1441 2370 1543 2406 ipsam
1568 2367 1772 2398 attendimus.
1816 2366 1977 2405 Sequitur,
2002 2378 2068 2399 non

1105 2411 1238 2450 impune
1268 2409 1350 2439 laedi
1381 2410 1652 2448 contemptibiles,
1686 2410 1759 2449 quia
1788 2409 1815 2439 si
1850 2409 2069 2442 destituuntur

1105 2453 1245 2483 humano
1269 2451 1402 2487 auxilio,
1428 2452 1518 2483 Deus
1541 2453 1595 2491 qui
1621 2453 1654 2483 in
1675 2452 1800 2483 excelso
1824 2451 1927 2489 sedet,
1960 2453 2067 2484 humi-

1105 2495 1147 2525 lia
1172 2493 1300 2533 respicit
1323 2493 1422 2534 (Psal.
1449 2494 1518 2530 138,
1543 2494 1584 2535 6).
1630 2494 1743 2533 Quoad
1768 2494 1970 2533 peregrinos,
2001 2498 2067 2533 [eos

1105 2538 1163 2568 sibi
1187 2547 1281 2567 curae
1305 2547 1374 2567 esse
1402 2537 1514 2576 probat
1539 2538 1643 2573 Deus,
1678 2536 1760 2576 quod
1791 2537 1825 2566 in
1855 2537 1917 2568 illis
1942 2537 2067 2570 alendis

1077 2594 1079 2611 i
1105 2586 1136 2610 et
1156 2578 1327 2610 vestiendis
1351 2579 1392 2609 sit
1416 2580 1592 2610 beneficus:
1616 2579 1742 2616 deinde]
1767 2579 1914 2618 specialis
1937 2591 2066 2612 rursum

94 2627 204 2648 eorum
228 2617 396 2649 clamorem
421 2620 562 2652 auditum
583 2622 631 2659 iri,
656 2632 718 2652 non
743 2622 895 2662 intelligit
917 2632 950 2653 se
969 2622 1051 2653 desi·
1077 2619 1079 2647 Ῑ

1106 2622 1274 2653 adducitur
1306 2621 1401 2656 ratio,
1432 2623 1505 2661 quia
1535 2623 1699 2653 Israelitac
1733 2621 1808 2652 olim
1838 2633 1935 2661 quum
1962 2623 2069 2663 inqui-

1833 2671 1866 2697 43
