2304 3034
138 203 153 232 1

159 202 177 233 “D

138 302 289 334 expertes
311 303 380 324 esse
399 290 639 329 redemptionis,
664 289 756 319 cuius
775 288 843 328 ipse
863 292 932 318 erat
952 287 1108 326 minister,

141 348 199 369 nec
223 342 472 368 consentaneum
497 333 620 369 fuisset,
644 330 828 362 sacerdotes
852 330 966 361 deiude
997 331 1108 368 creari,

141 390 277 420 quorum
313 389 376 408 non
409 377 520 407 fuisset
545 375 636 406 Deus
661 373 854 412 redemptor.
902 372 994 404 Adde
1018 373 1110 413 quod,

141 424 168 454 si
192 432 291 452 uxore
314 426 343 450 et
369 419 478 449 liberis
497 419 530 448 in
551 423 621 448 tuto
641 416 804 456 depositis,
828 415 914 446 solus
937 426 970 446 sc
989 416 1023 446 in
1042 426 1108 447 cer-

142 470 250 496 tamen
275 463 461 497 obtulisset,
495 461 609 491 merito
633 464 801 499 suspectus
824 458 941 489 fuisset
962 459 1108 495 astutiae,

141 507 191 538 vel
217 507 333 536 nimiae
356 504 549 535 timiditatis.
595 503 708 542 Itaque
740 512 803 532 non
833 501 943 532 dubito
967 502 1042 541 quin
1067 502 1108 532 si-

141 550 207 580 mul
242 560 313 579 eum
344 547 469 578 familia
492 547 645 576 miserum
676 544 754 575 illud
786 544 956 575 servitutis
986 545 1108 585 iugum,

143 603 204 632 quo
234 590 358 631 pridem
393 589 536 629 oppressi
568 588 714 624 fuerant,
744 587 896 623 subierit,
926 593 1020 626 atquc
1050 588 1109 618 hoc

142 635 332 665 documento
364 633 458 663 fidem
490 642 581 662 suam
607 630 808 670 probaverit,
840 636 876 660 ut
901 630 1002 660 maior
1026 635 1110 661 esset

144 677 300 708 vocationi
325 676 489 706 autoritas.
536 674 632 712 Quod
663 684 739 713 ergo
764 672 883 703 dicitur
913 673 944 702 in
969 673 1109 704 secundo

144 730 256 756 versu,
292 720 469 757 Postquam
494 717 628 748 miserat
661 727 742 754 eam,
778 715 816 746 ad
849 715 963 746 Mosen
999 716 1110 753 refero,

143 762 227 803 quod
251 762 373 793 seilicet
396 772 412 791 e
436 761 564 791 deserto
588 769 723 790 uxorem
748 769 839 789 suam
864 758 997 796 miserit,
1029 769 1110 798 quae

142 811 269 845 patrem
304 805 473 835 inviseret:
515 803 583 834 sive
625 802 684 832 1100
725 801 921 832 concesserit
960 801 1110 832 muliebri

143 848 316 883 desiderio,
358 848 426 877 sive
468 846 598 885 pietatis
641 845 759 875 affectu
801 843 960 874 adductus
1001 854 1109 875 senem

143 892 322 931 propinqua
370 889 528 920 affinitate
574 887 762 919 devinctum
806 887 865 918 hac
905 885 1111 917 observantia

143 934 246 964 colere
286 933 433 963 voluerit.
497 931 580 962 Nam
615 930 698 970 quod
739 929 937 961 subaudiunt
972 930 1111 969 quidam,

142 984 353 1016 posteaquam
389 975 472 1005 dona
509 974 665 1010 misisset,
708 972 863 1012 frigidum
898 982 935 1002 ac
968 979 1110 1003 coactum

143 1027 199 1050 est.
257 1018 388 1058 Optime
430 1023 538 1048 autem
580 1017 654 1047 fluit
693 1015 752 1046 1100
793 1015 887 1045 modo
921 1021 1110 1046 contextus:

144 1062 316 1100 Postquam
362 1061 494 1091 miserat
537 1060 645 1090 Moses
684 1069 838 1094 uxorem,
883 1058 1050 1089 reductam
1094 1069 1112 1089 a

143 1115 250 1136 socero
275 1105 382 1141 fuisse,
414 1108 450 1134 ut
474 1109 621 1133 mutuam
656 1102 757 1133 vicem
790 1101 1034 1132 benevolentiae
1064 1112 1112 1132 re·

117 1159 122 1163 ·
141 1147 305 1188 penderet.

227 1190 255 1220 3.
285 1189 376 1220 Duos
396 1199 512 1228 qaoque
531 1188 622 1227 filios.
670 1187 776 1226 Quam
801 1187 927 1218 illustre
950 1197 1015 1217 non
1038 1186 1111 1217 fidei

143 1232 236 1263 modo
258 1232 313 1263 sed
337 1231 573 1272 magnitudinis
597 1231 697 1262 animi
722 1236 751 1261 et
780 1230 982 1261 constantiae
1016 1229 1111 1261 docu-

143 1282 288 1306 mentum
326 1274 462 1305 ediderit
492 1275 600 1305 Moscs
635 1274 714 1304 baec
745 1273 819 1304 filiis
851 1273 982 1303 nomina
1009 1273 1111 1312 impo-

143 1329 232 1355 nens,
257 1318 378 1349 dietum
404 1323 451 1348 est
476 1328 533 1348 500
558 1317 635 1347 loco.
682 1316 804 1348 Odium
828 1317 914 1347 enim
938 1315 998 1346 sibi
1023 1315 1110 1346 haud

144 1361 238 1391 dubie
263 1361 346 1400 apud
377 1361 491 1391 affines
523 1360 690 1396 conflabat,
726 1370 761 1390 ae
785 1359 812 1390 si
836 1359 975 1399 patriam
1000 1359 1111 1389 uxoris

144 1411 328 1443 sperneret,
376 1402 521 1435 vocando
567 1408 684 1433 terrani
728 1402 884 1433 alienam:
927 1408 959 1432 et-
994 1412 1110 1432 nomen

144 1447 201 1478 filii
233 1446 362 1477 assidue
393 1446 570 1482 clamabat,
605 1445 753 1485 quamvis
788 1445 953 1485 regionem
978 1444 1111 1475 Madian

144 1490 309 1526 incoleret,
335 1489 442 1520 animo
467 1494 575 1519 tamen
600 1499 670 1519 esse
693 1487 907 1527 inquilinum,
942 1492 975 1518 et
1005 1487 1049 1517 1111
1072 1487 1111 1517 1111

142 1540 271 1572 tempus
296 1532 505 1572 peregrinari,
540 1540 577 1562 ut
600 1531 697 1562 aliam
722 1530 954 1561 habitationem
979 1540 1111 1569 quaerc-

142 1581 200 1606 ret.
255 1575 349 1606 Unde
379 1575 477 1605 etiam
508 1575 665 1605 coniicere
696 1573 770 1604 licet
800 1584 852 1604 eos
875 1574 980 1613 potius
1003 1583 1111 1604 500001

142 1618 273 1650 duxisse
292 1619 325 1648 in
348 1620 546 1658 Aegyptum,
572 1628 669 1657 quam
693 1616 732 1647 ob
755 1616 895 1647 subitam
912 1615 1112 1647 iracundiam

143 1672 178 1692 ac
202 1662 344 1701 iurgium
365 1661 476 1691 uxoris
496 1660 661 1701 ablegasse
685 1659 746 1690 duo
760 1659 889 1699 pietatis
908 1669 984 1690 suae
1005 1660 1114 1698 pigno-

144 1715 196 1743 ra,
228 1715 364 1744 quorum
396 1703 582 1734 nominibus
613 1703 757 1742 quotidie
792 1702 1025 1733 admonebatur
1049 1702 1113 1732 foe-

145 1747 203 1778 dus
238 1748 299 1778 Dei
334 1747 471 1778 terrenis
500 1746 651 1777 omnibus
679 1745 856 1777 commodis
888 1756 957 1776 0550
992 1744 1114 1784 praefe-

144 1790 281 1821 rendum

230 1843 258 1864 O.
292 1833 379 1864 Venit
402 1833 505 1872 itaque
529 1832 639 1862 Ietlcro.
666 1832 784 1862 Senem
810 1837 914 1862 aetate
934 1830 1114 1861 confectum

147 1887 210 1906 1100
246 1883 312 1906 tam
349 1876 449 1906 Mosis
490 1876 607 1906 caritas
637 1885 733 1914 quam
769 1874 997 1916 miraculorum
1033 1872 1143 1903 sama?

148 1919 240 1949 domo
265 1919 416 1956 extraxit,
441 1924 476 1949 ut
500 1919 531 1948 in
556 1918 720 1948 desertum
745 1918 880 1948 veniret.
912 1917 995 1947 Nam
1018 1915 1116 1946 ambi-

148 1962 233 1992 tione
257 1973 320 1992 non
344 1962 443 1992 fuisse
467 1961 653 2001 impulsum,
686 1971 759 1991 mox
784 1972 823 1991 ex
848 1965 1003 1991 contextu
1027 1965 1114 1998 pate-

148 2004 210 2035 bit:
235 2006 307 2044 quia
332 2011 501 2044 postquam
526 2004 642 2034 obtulit
668 2004 735 2034 Deo
767 2003 975 2034 sacrificium:
1008 2009 1039 2031 et
1066 2012 1115 2032 so-

150 2048 235 2078 lenni
271 2047 447 2087 gratiarum
473 2047 599 2077 actione
624 2053 762 2077 testatus
784 2053 832 2077 est
856 2052 955 2076 totam
980 2044 1115 2083 gloriam

149 2102 182 2121 50
204 2092 258 2120 11111
286 2090 354 2121 Deo
378 2089 574 2127 adscribere,
607 2089 737 2120 domum
762 2089 872 2119 eadem
898 2099 960 2128 qua
984 2092 1118 2118 venerat

150 2134 357 2173 simplicitate
388 2144 537 2163 reversus
567 2142 624 2163 est.
676 2132 719 2162 Et
750 2131 955 2172 profectionis
987 2140 1116 2161 causam

152 2177 258 2207 Mo-es
293 2177 385 2206 initio
420 2176 535 2215 capitis
566 2176 741 2214 expressit,
777 2186 879 2214 neque
916 2174 1001 2204 001111
1038 2172 1118 2202 dixit

150 2219 277 2249 audisse
307 2219 345 2249 de
377 2218 519 2249 adventu
556 2219 682 2258 generi:
721 2217 775 2248 sed
814 2227 910 2257 quam
946 2215 1118 2247 admirabi-

151 2262 188 2292 lis
219 2263 331 2303 11115501
359 2262 417 2292 1)01
442 2261 567 2291 1101111115
592 2269 624 2291 01
649 2261 750 2291 virtus
780 2261 811 2290 in
843 2259 1008 2290 liberando
1034 2258 1118 2288 Mose

152 2313 180 2335 et
206 2305 330 2343 populo.
364 2305 487 2334 Eorum
511 2315 588 2343 ergo
612 2315 693 2344 quac
717 2303 865 2334 audierat
888 2303 989 2333 voluit
1013 2301 1120 2339 aliqua

153 2359 191 2377 cx
237 2356 326 2386 parte
362 2358 431 2377 esst:
466 2354 642 2386 5000111101,

152 2390 321 2422 beneficia.
354 2389 618 2426 110011501100110,
651 2389 840 2430 negligeret.

152 2432 238 2463 Oreb
277 2433 333 2463 Dei
366 2433 497 2463 0001100
532 2433 685 2471 insigniat
722 2433 809 2471 ptius
841 2431 983 2469 exposui.

887 2389 953 2418 Cur
977 2393 1119 2417 montem

1029 2429 1120 2459 Visio

152 2475 278 2514 quidem
304 2476 370 2505 illie
394 2482 469 2505 ante.
500 2470 717 2506 1110511111111111
742 2475 801 2504 1100
826 2474 1002 2504 honorilice
1027 2472 1119 2501 titulo
1146 2479 1147 2489 ³

154 2519 250 2557 digna
281 2526 365 2548 erat:
398 2520 452 2548 sed
480 2518 581 2557 magis
609 2518 658 2548 111(-
684 2517 790 2557 (sicuti
813 2516 920 2556 antea)
951 2515 1120 2554 respicitur
1146 2546 1147 2552 ἵ

152 2560 231 2599 legis
275 2561 508 2600 promulgatio,
548 2572 609 2600 qua
646 2561 735 2591 Deus
776 2560 835 2590 sibi
870 2564 1011 2588 montem
1047 2568 1120 2588 eou-

152 2612 298 2633 SCffl'aVlt.

240 2646 266 2676 T.
294 2646 446 2685 lim-assas
471 2649 570 2676 caulem
595 2645 708 2676 Bloses.

181 202 199 232 3
692 194 1062 229 COMMENTARIUS
1086 195 1134 225 IN
1157 194 1307 226 EXODI
1331 194 1427 226 CAP.
1451 177 1582 224 XVIII.

686 2357 724 2376 ne
761 2353 824 2376 tam
860 2345 1024 2385 praeclara
1058 2343 1147 2382 Dei]

752 2645 861 2675 Primo
887 2654 981 2674 versu
1008 2653 1119 2673 narra·
1147 2646 1148 2654 ¹

2068 192 2128 223 184

1161 289 1209 319 vit
1233 289 1316 328 quod
1338 287 1450 318 ordine
1469 287 1630 327 posterius
1650 291 1727 324 erat,
1750 285 1861 317 Iethro
1882 285 2018 317 dixisse:
2044 287 2128 318 Ecce

1161 331 1274 362 adsum
1299 338 1328 362 ct
1353 330 1475 361 adduco
1508 330 1563 360 tibi
1596 340 1730 359 uxorem
1761 337 1792 359 et·
1815 328 1946 359 liberos:
1971 330 2024 360 sed
2051 331 2128 362 haec

1162 375 1330 406 conversio
1343 373 1501 404 Hebraeis
1515 373 1590 403 trita
1610 376 1667 402 est.
1691 371 1784 402 Nunc
1808 382 1884 411 ergo
1897 371 1994 408 addit,
2014 373 2127 405 Mosen

1164 418 1289 448 venisse
1312 416 1439 446 obviam
1472 415 1602 446 lionoris
1626 424 1730 451 eausa,
1758 420 1790 445 et
1814 414 1923 445 ambos
1942 414 2129 447 humaniter

1163 460 1248 490 inter
1277 471 1310 490 50
1341 468 1545 498 congressos,
1581 463 1611 488 ct
1636 457 1720 487 ultro
1743 457 1886 496 citroque
1910 458 2036 488 functos
2060 469 2129 490 esse

1164 502 1409 533 benevolentiae
1448 500 1572 531 officiis.
1629 500 1838 540 Interrogare
1873 499 1911 530 de
1945 510 2023 539 paee
2058 505 2129 531 tan-

1164 545 1299 576 tundem
1335 544 1421 575 valet
1451 554 1486 574 ac
1515 543 1670 574 sciscitari
1705 552 1745 573 an
1778 554 1827 573 res
1856 542 1965 573 salvae
1996 544 2060 574 sint
2094 555 2130 575 ac

1163 598 1343 628 prosperae.
1390 586 1455 617 Sed
1488 586 1546 617 1100
1576 586 1783 625 praecipuum
1807 590 1904 625 caput
1927 590 1984 622 est,
2015 587 2130 618 Mosen

1164 631 1316 662 recitasse
1346 640 1440 669 quam
1472 629 1635 659 beneficus
1661 629 1773 659 fuisset
1806 629 1895 659 Deus
1923 639 2000 669 erga
2031 640 2130 670 popu-

1164 674 1240 704 lum.
1288 673 1362 703 Huc
1397 679 1503 702 autem
1539 670 1705 711 spectabat
1740 678 1807 701 tota
1834 671 1951 709 oratio,
1985 683 2084 711 quum
2113 684 2131 704 a.

1164 727 1273 747 socero
1293 715 1492 751 discesserat,
1518 725 1581 745 non
1601 714 1697 744 fuisse
1717 713 1849 744 levitate
1868 714 2055 753 impulsum,
2075 715 2131 747 sed

1167 759 1227 790 Dei
1257 758 1416 789 vocationi
1447 757 1694 797 obtemperasse.
1731 767 1812 796 quae
1842 756 1956 787 deinde
1986 758 2130 798 singula-

1166 802 1254 833 ribus
1298 801 1427 831 auxiliis
1474 807 1504 830 et
1548 799 1740 831 coelestibus
1792 799 1946 840 prodigiis
1999 802 2131 840 probata

1164 845 1277 875 fuerat.

1253 888 1300 918 10.
1332 887 1375 917 Et
1402 887 1446 917 ait
1478 885 1596 916 Icthro:
1630 884 1823 916 Benedictus.
1878 885 1965 917 Hinc
1989 892 2130 926 apparet,

1166 930 1314 970 quamvis
1336 930 1394 960 Dei
1413 929 1519 959 cultus
1539 929 1659 968 passim
1680 932 1755 958 tuuc
1776 928 1908 959 vitiatus
1923 935 2007 959 esset
2019 929 2132 960 alienis

1166 973 1327 1008 mixturis,
1354 972 1464 1002 lethi-o
1495 978 1603 1001 tamen
1624 982 1686 1001 non
1708 971 1753 1001 ita
1776 971 1872 1001 fuisse
1895 972 2132 1011 superstitioni-

1166 1017 1225 1047 bus
1249 1016 1392 1046 deditum
1414 1015 1489 1054 quin
1516 1024 1628 1045 verum
1652 1013 1757 1044 Deum
1779 1020 1967 1053 agnosceret
1990 1025 2026 1045 ac
2049 1016 2132 1047 eole-

1166 1066 1223 1089 rct.
1272 1059 1381 1097 Neque
1414 1064 1522 1088 tamen
1547 1067 1679 1097 prorsus
1709 1056 1747 1087 ab
1772 1057 1859 1086 omni
1883 1068 1991 1088 errore
2015 1069 2133 1098 purum

1166 1102 1264 1132 fuisse
1289 1112 1324 1132 ac
1346 1111 1492 1134 vacuum,
1518 1099 1702 1130 subindicat
1721 1101 1917 1138 comparatio
1943 1111 2038 1140 quam
2058 1101 2133 1132 sub-

1166 1145 1242 1180 iicit,
1276 1143 1429 1174 Iehovam
1463 1154 1532 1173 esse
1561 1143 1715 1173 maiorem
1751 1141 1811 1172 diis
1846 1144 2006 1174 omnibus.
2061 1144 2132 1176 Etsi

1166 1188 1252 1218 enim
1284 1197 1379 1226 saepe
1410 1188 1453 1216 ita
1481 1186 1657 1225 loquuntur
1681 1185 1866 1224 prophetae,
1902 1197 1999 1217 500511
2025 1192 2133 1219 tamen

1167 1230 1331 1260 differunt.
1384 1228 1552 1259 Interdum
1590 1229 1676 1258 enim
1711 1227 1878 1258 extollitur
1912 1229 2001 1261 Deus
2035 1241 2133 1270 supra

1166 1273 1307 1313 angelos,
1333 1277 1366 1303 ut
1390 1272 1476 1302 solus
1500 1272 1653 1306 emineat,
1682 1272 1768 1301 omui
1794 1271 1892 1302 etiam
1918 1273 2046 1303 coelesti
2076 1284 2132 1304 ex-

1165 1315 1315 1347 cellentia
1344 1315 1376 1345 in
1406 1315 1552 1345 ordinem
1577 1319 1701 1345 coacta:
1737 1314 1902 1345 interdum
1935 1320 2040 1346 autem
2073 1316 2133 1346 im-

1165 1359 1293 1398 proprie
1318 1358 1420 1388 maior
1444 1364 1596 1391 vocatur.
1630 1368 1693 1387 non
1725 1357 1800 1396 quia
1824 1358 1964 1397 gradum
1994 1359 2134 1399 aliquem

1166 1407 1296 1432 teneant
1319 1401 1363 1431 dii
1388 1401 1500 1437 fictitii,
1526 1400 1580 1431 sed
1602 1406 1636 1430 ut
1658 1401 1689 1430 in
1712 1399 1849 1431 nihilum
1867 1402 2033 1442 redigatur
2053 1412 2133 1441 quae

1166 1445 1228 1475 illis
1251 1444 1330 1474 falso
1362 1448 1393 1473 ct.
1422 1444 1521 1474 stulte
1552 1443 1705 1473 tribuitur
1735 1443 1766 1472 iu
1792 1445 1916 1475 mundo
1940 1445 2132 1475 sublimitas.

1164 1488 1229 1518 Hic
1252 1493 1359 1517 autem
1378 1486 1488 1516 Iethro
1511 1497 1552 1516 ex
1575 1485 1738 1516 communi
1758 1487 1910 1525 opinione
1930 1488 2058 1518 turbam
2078 1487 2136 1518 mi—

1166 1541 1280 1560 norum
1302 1530 1433 1560 deorum
1454 1529 1584 1559 subesse
1606 1529 1804 1568 imaginatur
1823 1540 1952 1561 summo
1971 1532 2048 1561 Deo.
2074 1530 2134 1566 Ita,

1166 1573 1219 1604 ubi
1243 1583 1306 1603 non
1331 1573 1453 1603 relucet
1483 1582 1562 1611 pura
1588 1572 1647 1602 Dei
1670 1572 1798 1608 veritas,
1825 1584 1989 1614 nunqnam
2015 1572 2136 1612 liquida

1166 1621 1216 1647 est
1246 1621 1277 1646 et
1307 1616 1494 1654 incorrupta
1526 1614 1654 1653 religio,
1684 1614 1738 1644 sed
1771 1615 1891 1656 aliquid
1918 1617 2014 1647 faecis
2039 1616 2136 1646 habet

1167 1658 1359 1690 admixtum.
1412 1657 1516 1688 Simul
1549 1664 1655 1687 tamen
1688 1657 1815 1688 videtur
1845 1659 1957 1690 Iethro
1985 1658 2137 1689 nonnihil

1167 1702 1353 1742 profecisse:
1382 1702 1456 1740 quia
1481 1711 1567 1731 nune
1594 1710 1627 1730 50
1656 1699 1717 1730 Dei
1743 1703 1921 1739 potentiam
1943 1712 2136 1742 cognoscere

1167 1744 1342 1781 affirmans,
1369 1743 1552 1775 subindicat
1575 1754 1608 1773 sc
1632 1744 1750 1774 rectius
1774 1755 1869 1783 quam
1894 1752 1991 1775 antea
2014 1755 2135 1784 sapere.

1167 1787 1236 1818 Nisi
1258 1787 1337 1816 forte
1358 1786 1395 1816 dc
1420 1786 1667 1825 experimentali
1692 1787 1823 1817 seientia
1853 1789 1997 1828 accipere
2028 1788 2135 1825 libeat,

1168 1840 1249 1869 quae
1280 1830 1365 1868 ipsos
1397 1840 1521 1868 qnoque
1550 1829 1659 1859 fideles
1688 1831 1874 1866 confirmat,
1909 1838 1945 1861 ut
1970 1831 2038 1861 Deo
2072 1831 2137 1861 iam

1168 1879 1242 1903 ante
1262 1873 1391 1912 cognito
1411 1883 1444 1902 se
1465 1872 1615 1902 libentius
1635 1872 1815 1903 subiit-iant.
1851 1874 1983 1904 Interea
2003 1873 2137 1904 dubium

1170 1926 1233 1946 non
1265 1920 1314 1945 est
1340 1915 1415 1954 quin
1447 1914 1505 1945 sub
1536 1914 1676 1944 Iehovac
1709 1916 1838 1946 nomine.
1868 1916 1974 1947 Deum
2006 1916 2137 1947 Israelis

1170 1959 1334 1997 designet:
1365 1957 1439 1997 quia
1466 1957 1526 1986 etsi
1558 1957 1675 1996 ubique
1707 1957 1869 1989 iactabant
1893 1969 1926 1989 50
1950 1959 2057 1989 Deum
2083 1969 2135 1989 ae-

1170 2007 1300 2032 ternum
1320 2001 1431 2033 colere,
1458 2011 1565 2031 veram
1592 2006 1699 2030 tamen
1725 2001 1874 2031 deitatem
1900 2012 2047 2032 asserens
2073 2002 2136 2038 uni,

1171 2044 1312 2083 reliquos
1333 2054 1445 2073 omnes
1468 2043 1581 2073 subtus
1605 2053 1676 2072 eum
1699 2044 1789 2074 locat.
1815 2044 1981 2084 Quidquid
2001 2045 2042 2075 sit
2062 2044 2139 2074 fate-

1172 2092 1225 2117 tur
1262 2086 1491 2126 redemptionis
1527 2085 1661 2116 historia
1695 2086 1843 2117 edoctum
1879 2088 1975 2117 1111550
2010 2086 2047 2117 de
2078 2087 2137 2116 101-

1173 2139 1283 2159 mensa
1308 2129 1426 2159 virtute
1453 2127 1513 2157 Dei
1538 2128 1591 2167 qui
1615 2139 1647 2158 se
1672 2130 1866 2168 patefecerat
1890 2130 1920 2160 in
1952 2129 2071 2166 Israel,
2104 2133 2138 2159 ut

1173 2182 1248 2211 prae
1279 2172 1348 2211 ipso
1379 2178 1562 2201 contemnat
1596 2171 1752 2210 quidquid
1784 2172 1915 2202 deorum
1948 2173 2023 2203 alibi
2056 2172 2138 2203 cole-

1173 2215 1267 2245 batur
1291 2215 1323 2244 in
1348 2213 1479 2244 mundo.
1527 2214 1678 2244 (flans-ula
1705 2225 1816 2245 versus
1841 2215 1978 2254 abrupta
2005 2225 2066 2245 est:
2093 2215 2138 2246 sic

1174 2258 1258 2287 enim
1284 2257 1416 2296 legitur:
1444 2256 1630 2287 Secundum
1658 2258 1788 2287 verbum
1814 2257 1879 2298 (vel
1903 2257 2075 2299 rationem)
2105 2258 2137 2288 10

1173 2310 1234 2339 quo
1268 2300 1426 2329 violenter
1458 2311 1491 2328 se
1521 2306 1689 2337 ¹nessei-unt
1725 2308 1837 2330 eontra
1867 2312 1929 2331 cos.
1976 2301 2138 2331 1111110051

1175 2343 1306 2373 verbum
1332 2342 1523 2381 principale,
1556 2342 1639 2381 quod
1671 2342 1760 2373 Dens
1797 2344 1913 2374 iustam
1938 2343 2138 2373 crudelitatis

1174 2384 1354 2416 mercedem
1380 2385 1561 2424 rependerit
1589 2386 1616 2414 10
1645 2386 1830 2424 Aegyptiis:
1859 2386 1951 2416 sicuti
1984 2386 2136 2416 indicium

1174 2428 1242 2458 511111
1275 2427 1493 2457 misericordia
1525 2428 1692 2458 ‹ltmuuciat
1727 2429 1877 2459 omnibus
1907 2429 1959 2468 qui
1984 2429 2138 2468 proximis

1174 2471 1310 2510 superbe
1342 2476 1371 2501 et
1403 2471 1473 2500 51110
1505 2470 1722 2501 misericordia
1754 2472 1912 2502 insultant
1936 2471 2012 2512 (Iac.
2037 2472 2065 2509 2,
2090 2471 2137 2512 ὃ);

1175 2512 1350 2543 seeundum
1377 2513 1463 2543 illam
1487 2513 1610 2543 t'hristi
1640 2515 1847 2544 sententiam:
1881 2514 1954 2553 Qua
1986 2525 2139 2544 mensura

1177 2557 1276 2585 mensi
1304 2556 1425 2585 fueritis
1451 2562 1479 2586 et
1503 2562 1596 2587 eat-tt.
1627 2556 1734 2597 (Mart.
1766 2557 1793 2595 7,
1824 2558 1865 2598 2).
1914 2557 2007 2596 Quod
2032 2562 2135 2587 autem

1177 2599 1219 2628 ita
1244 2598 1372 2637 quidam
1397 2604 1577 2637 exponunt,
1617 2600 1791 2639 Aegyptios
1824 2601 1904 2630 mari
1937 2600 2031 2630 rubro
2063 2601 2134 2630 5111,-

1176 2653 1305 2677 1001505,
1329 2641 1383 2680 qui
1408 2652 1523 2681 pucros
1547 2642 1685 2673 infantes
1712 2643 1744 2672 in
1769 2643 1867 2674 fluvio
1891 2644 2136 2677 suffocaverant,
