2304 3034
201 200 263 231 391

203 292 487 333 superstitionibus
511 291 617 322 affine.
664 291 738 322 Huc
761 296 885 332 spectat
909 292 1094 331 prohibitio,
1127 305 1166 325 nc

202 348 236 367 se
249 335 414 367 Israelitae
438 344 508 364 cum
527 334 597 364 Deo
621 339 735 374 gerant
759 336 840 366 sicut
864 340 978 375 gentes
1002 346 1073 366 cum
1097 336 1165 367 ido-

201 379 257 410 lis.
286 378 340 409 sed
372 377 562 416 interposita
593 377 635 407 sit
664 377 805 409 maceria
835 388 915 417 quae
944 378 1030 417 ipsos
1061 389 1078 409 a
1102 384 1166 410 toto

201 422 276 452 orbe
299 424 434 460 separet.
480 420 561 450 Tota
585 428 692 450 autem
716 424 851 451 externa
874 420 981 452 cultus
1006 421 1067 451 Dei
1092 433 1162 461 pro-

201 463 295 494 fessio
327 468 398 502 apte
427 462 566 493 seeundo
598 468 767 503 praecepto
799 464 1000 494 annectitur:
1030 464 1103 503 quia
1126 476 1164 495 ex

200 517 236 537 00
253 505 420 544 dependet,
444 516 501 536 nec
526 505 587 536 alio
613 505 715 536 tendit
739 516 833 545 quam
859 505 898 536 ad
922 506 990 537 eius
1013 506 1165 538 observa-

201 549 332 579 tionem.
379 548 481 578 Porro
505 547 543 578 de
568 547 787 586 tabernaculo,
812 548 989 580 sacerdotio
1012 554 1045 580 et
1067 551 1165 581 sacri-

199 590 279 622 ficiis
310 591 407 621 verba
432 591 593 628 facturus,
624 590 725 622 altum
750 596 782 622 et
804 593 980 632 spatiosum
1004 603 1093 623 mare
1117 593 1165 623 in-

200 633 343 674 gredior:
374 634 406 664 in
439 644 500 673 quo
524 634 616 664 multi
641 635 851 674 interpretes,
883 634 961 665 dum
986 635 1165 666 curiositati

199 688 276 707 suae
305 675 492 717 indulgent,
525 687 581 716 per
610 677 773 708 fiexuosos
797 688 921 708 errores
947 678 1055 718 vagati
1079 683 1163 710 sunt.

200 720 320 750 Eorum
352 720 461 759 itaque
490 720 638 759 exemplo
662 720 846 751 admonitus
871 720 941 752 vela
964 721 1163 758 contraham,

199 767 231 793 et
250 772 345 802 parce
366 768 491 793 tantum
516 762 622 793 libabo
646 774 727 803 quae
751 762 790 793 ad
812 762 908 794 fidem
933 763 1163 795 aedificandam

200 805 317 836 valent.
364 805 433 836 Iam
465 816 541 836 vero
572 806 704 845 rogandi
729 810 804 837 sunt
829 806 979 843 lectores,
1004 817 1066 837 non
1092 812 1163 838 tan-

200 854 267 878 tum
299 853 334 879 ut
363 848 439 878 mihi
471 848 654 879 condonent
684 849 766 889 quod
798 849 836 880 ab
868 850 992 889 argutis
1019 850 1162 889 specula-

200 891 344 922 tionibus
375 890 537 928 abstineo,
570 891 625 923 sed
656 897 691 922 ut
721 892 783 932 ipsi
812 902 937 932 quoque
968 892 1054 922 intra
1083 893 1162 924 fines

200 934 415 973 simplicitatis
446 934 584 965 libenter
614 946 647 966 sc
675 935 871 966 contineant.
925 935 1038 966 Multis
1069 946 1163 967 aures

199 977 366 1017 pruriunt:
397 982 428 1007 et
457 988 513 1017 pro
543 978 689 1017 ingenita
720 978 881 1016 vanitate,
906 978 1081 1009 maximam
1106 979 1161 1010 ho-

199 1021 323 1050 minum
357 1026 483 1060 partem
518 1021 621 1060 magis
651 1020 815 1052 oblectant
843 1021 957 1052 inanes
991 1021 1162 1061 allegoriae

198 1073 294 1102 qnam
329 1062 431 1094 solida
464 1063 612 1094 eruditio.
670 1063 794 1094 Verum
829 1064 946 1104 quibus
980 1064 1013 1094 in
1053 1064 1161 1095 schola

196 1105 257 1136 Dei
278 1106 432 1145 proficere
455 1107 583 1137 animus
608 1106 677 1143 erit,
702 1106 826 1138 discant
849 1117 1038 1146 perversum
1063 1106 1160 1148 (quod

196 1158 305 1179 eorum
325 1154 450 1180 mentes
472 1149 593 1189 titillat)
618 1148 812 1180 desiderium
838 1149 1008 1190 plusquam
1032 1150 1162 1190 expedit

195 1191 333 1229 sciendi,
358 1192 516 1223 fraenare.
562 1192 657 1223 Nunc
681 1192 781 1223 Mosis
806 1193 904 1223 verba
927 1192 1159 1232 expendamus.

281 1235 310 1265 ὃ.
350 1234 411 1266 Sed
441 1235 538 1266 locum
567 1245 656 1275 quem
685 1236 806 1276 eleyerit
835 1235 932 1267 Deus.
986 1235 1161 1274 Quaeritur

195 1287 252 1308 cur
275 1278 308 1308 in
333 1288 396 1308 uno
421 1282 548 1309 tantum
575 1278 666 1309 altari
693 1278 829 1309 voluerit
854 1279 944 1310 Deus
967 1278 1075 1309 offerri
1099 1278 1159 1310 sibi

194 1320 360 1351 sacrificia.
396 1321 530 1352 Praeter
549 1321 705 1352 rationem
726 1332 822 1361 quam
848 1333 950 1361 nuper
974 1322 1076 1360 attuli,
1100 1322 1158 1353 mi-

193 1363 281 1394 nime
305 1363 437 1394 dubium
462 1368 510 1395 est
529 1364 606 1403 quin
627 1364 686 1395 hoc
705 1364 799 1395 modo
823 1364 971 1396 fidelibus
994 1364 1160 1396 consulue-

193 1407 246 1442 rit,
266 1412 303 1436 ut
321 1416 514 1438 consensum
534 1407 565 1437 in
587 1406 659 1438 fidei
680 1408 802 1438 unitate
823 1408 908 1438 inter
927 1408 1012 1448 ipsos
1029 1408 1157 1440 foveret.

192 1448 301 1480 Locus
332 1460 407 1490 ergo
435 1450 584 1481 omnibus
615 1451 797 1481 communis
827 1451 932 1481 instar
959 1450 1072 1482 vexilli
1099 1451 1160 1481 fuit

193 1491 233 1522 ad
257 1492 472 1533 colligendum
497 1492 667 1534 populum,
693 1504 732 1524 ne
756 1493 960 1524 scinderetur
983 1493 1104 1535 religio,
1129 1498 1159 1524 et

193 1545 233 1565 ne
264 1546 326 1575 qua
355 1535 525 1567 diversitas
554 1536 731 1576 obreperet.
776 1536 878 1567 Porro
903 1537 992 1568 Deus
1021 1536 1158 1577 eligendi

192 1578 242 1609 ius
266 1583 297 1608 et
321 1578 489 1609 arbitrium
520 1579 579 1610 sibi
612 1579 802 1617 vendicans,
833 1579 1048 1610 obedientiam
1076 1590 1158 1611 com-

192 1620 339 1657 mendat,
364 1632 403 1652 ex
427 1632 490 1661 qua
513 1622 609 1653 etiam
634 1621 753 1662 pendet
776 1622 883 1653 cultus
914 1623 1048 1663 puritas.
1095 1622 1157 1653 Ve-

190 1673 263 1694 rum
287 1675 399 1695 rursus
422 1666 525 1695 oritur
548 1665 610 1696 alia
633 1666 793 1704 quaestio:
825 1666 899 1705 quia
928 1672 1002 1696 ante
1031 1670 1157 1706 tempus

192 1706 330 1738 Davidis
360 1718 519 1748 nusquam
555 1707 670 1739 habuit
705 1718 779 1739 arca
811 1709 910 1739 fixam
945 1708 1068 1745 sedem,
1103 1707 1158 1739 sed

191 1749 427 1790 quodammodo
457 1752 662 1791 peregrinata
685 1756 734 1782 est
757 1751 788 1782 in
816 1752 914 1783 variis
945 1751 1107 1791 hospitiis:
1131 1751 1157 1781 si

190 1800 299 1824 autem
339 1793 459 1825 electus
498 1794 585 1825 locus
620 1793 658 1825 de
692 1798 801 1825 monte
837 1794 916 1826 Sion
956 1794 1158 1835 intelligitur,

191 1841 336 1876 tempore
359 1837 460 1877 igitur
483 1836 675 1868 intermedio
695 1837 833 1868 liberum
853 1838 913 1868 fuit
932 1837 1049 1877 populo
1068 1847 1155 1869 sacra

189 1889 345 1919 peragere
370 1879 425 1910 ubi
449 1879 599 1920 placeret.
646 1879 854 1920 Respondm,
888 1891 950 1911 non
981 1886 1054 1911 aute
1075 1880 1155 1911 elec-

191 1928 261 1952 tum
292 1922 391 1953 fuisse
424 1922 529 1954 locum
556 1933 651 1962 quam
682 1934 756 1954 arca
787 1923 820 1953 in
853 1923 933 1954 Sion
964 1923 1068 1955 locata
1098 1927 1154 1954 est.

191 1965 273 1996 Tum
298 1966 383 1996 enim
416 1965 545 1996 demum
576 1966 745 2005 impletum
776 1966 835 1996 fuit
863 1966 946 2006 quod
969 1967 1001 1997 in
1027 1966 1156 1997 Psalmo

193 2008 323 2039 dicitur:
361 2009 518 2039 Laetatus
552 2019 623 2039 sum
658 2020 730 2040 0001
766 2008 946 2040 dicentibus
984 2008 1078 2046 mihi,
1115 2008 1155 2039 In

192 2050 323 2081 domum
354 2051 493 2082 Iehovae
528 2051 646 2082 ibimus
681 2051 779 2093 (Psal.
817 2052 886 2089 122,
924 2051 963 2093 1).
1015 2051 1156 2083 Stabiles

191 2100 287 2124 erunt
306 2094 403 2134 pedes
424 2095 522 2125 nostri
542 2095 573 2124 in
595 2095 687 2125 atriis
711 2095 782 2133 tuis,
806 2095 993 2126 Ierusalem.
1029 2094 1155 2133 Quibus

193 2137 299 2167 verbis
323 2138 486 2177 significat
508 2138 668 2178 propheta
699 2137 821 2168 nullam
852 2139 941 2178 prius
971 2138 1068 2169 fuisse
1091 2143 1155 2168 sta-

190 2180 327 2217 tionem,
359 2182 432 2219 quia
456 2181 545 2211 Deus
569 2180 711 2211 nondum
737 2181 842 2211 locum
867 2181 920 2211 ubi
944 2185 1028 2212 esset
1051 2180 1154 2211 colen-

191 2221 250 2253 dus
292 2223 527 2263 designaverat.
580 2223 657 2253 Ideo
692 2223 811 2254 diserte
853 2224 1062 2264 exprimitur:
1104 2223 1154 2253 Ex

190 2266 314 2296 cunctis
339 2266 487 2297 tribubus
511 2267 583 2303 tuis,
606 2266 673 2297 vel:
692 2266 730 2297 In
756 2277 820 2297 una
844 2267 985 2297 tribuum
1010 2272 1153 2297 tuarum:

190 2307 243 2338 ubi
268 2309 432 2349 singulare
457 2309 661 2349 privilegium
688 2315 832 2347 notatur,
864 2320 925 2349 quo
958 2309 1058 2340 tribus
1082 2319 1154 2345 una,

190 2351 322 2391 reliquis
346 2352 548 2392 posthabitis,
572 2352 718 2382 ornanda
742 2358 819 2383 erat.
868 2354 972 2392 Atque
996 2351 1059 2382 huc
1084 2361 1153 2391 per-

191 2394 267 2424 tinet
291 2395 371 2434 quod
391 2395 423 2425 in
444 2395 506 2425 alio
521 2395 647 2425 Psalmo
672 2395 802 2426 dicitur:
829 2395 1027 2435 Reprobavit
1051 2394 1155 2424 taber-

190 2437 339 2467 naculum
366 2438 500 2477 Ioseph,
537 2438 656 2468 tribum
682 2438 839 2477 Ephraim
870 2449 934 2468 non
965 2437 1074 2477 clegit:
1100 2436 1155 2467 scd

189 2479 284 2519 elegit
319 2480 437 2511 tribuni
474 2480 574 2518 Iuda,
611 2486 753 2511 montem
789 2480 868 2512 Sion
910 2491 1002 2520 quem
1044 2479 1156 2509 dilexit

189 2520 286 2561 (l’sal.
312 2523 360 2555 78.
385 2524 446 2564 67).
490 2524 532 2554 Et
556 2524 719 2554 exstruxit
742 2524 832 2563 quasi
857 2523 983 2554 excelsa
1005 2527 1154 2553 sanctua-

898 197 1152 231 SECUNDUM
1173 199 1494 232 PRAECEPTUM.

1179 2539 1181 2552 1

191 2575 272 2595 rium
295 2566 371 2602 cius,
393 2567 482 2605 quasi
505 2572 622 2596 terram
643 2577 739 2605 quam
760 2566 908 2597 fundavit
927 2566 957 2596 in
979 2565 1154 2595 sacculum.
1180 2592 1181 2599 ,

190 2608 310 2638 E0‹l‹·1n
336 2620 429 2639 sensu
456 2610 529 2639 alibi
553 2610 758 2649 gratulantur
777 2609 837 2640 sibi
857 2608 966 2640 fideles·
985 2614 1152 2647 postquam

190 2651 274 2689 apud
302 2651 459 2682 Davide
486 2662 558 2683 arca
589 2653 647 2682 t'uit
680 2652 840 2691 deposita:
872 2651 1098 2692 Ingredicmur
1121 2651 1154 2680 in

2124 202 2185 233 392

1220 294 1438 325 habitationes
1463 294 1539 325 Dci:
1571 293 1777 324 adorabimus
1801 292 1841 323 ad
1867 294 2040 325 scabellum
2067 296 2184 336 pedum

1219 337 1289 368 eius
1312 337 1410 378 (Psal.
1436 337 1485 371 99.
1510 337 1538 367 5.
1562 341 1592 367 et
1618 336 1687 373 132,
1712 336 1752 376 7).
1802 335 1953 367 Vicissim
1985 339 2080 369 etiam
2114 350 2184 379 pro-

1219 381 1352 410 nunciat
1375 380 1525 419 spiritus:
1551 379 1712 417 Quoniam
1738 378 1835 419 elegit
1857 379 1978 410 Iehova
1998 379 2086 419 Sion,
2110 382 2186 413 dile-

1219 423 1269 453 xit
1293 433 1361 453 eam
1387 423 1419 452 in
1445 422 1551 452 sedem
1573 422 1642 452 sibi.
1689 421 1780 452 Haec
1810 422 1934 461 requies
1966 434 2036 453 mea
2060 424 2091 454 in
2116 435 2183 455 sae-

1219 465 1342 496 culum:
1364 465 1415 496 hic
1434 465 1594 500 habitabo,
1615 465 1687 503 quia
1708 464 1807 495 dilexi
1827 475 1896 495 eam
1911 464 2009 506 (Psal.
2032 466 2101 503 132,
2122 467 2183 509 13).

1219 508 1345 539 Passim
1361 515 1535 539 occurrunt.
1548 506 1670 537 similes
1684 507 1872 544 sententiae,
1891 518 1973 547 quae
1993 510 2185 540 confirmant

1219 562 1284 581 non
1309 556 1384 582 ante
1408 550 1571 581 habitasse
1593 560 1700 580 arcam
1726 549 1760 580 in
1792 560 1867 581 vero
1900 551 2059 582 domicilio
2090 563 2183 591 qnam

1219 594 1294 624 dum
1320 594 1459 634 reposita
1483 593 1543 623 fuit
1567 593 1597 622 in
1623 592 1712 623 Sion.
1758 592 1802 623 Et
1826 592 1915 624 Deus
1939 593 2023 635 (mco
2054 594 2184 637 iudicio)

1219 642 1251 666 ut
1272 647 1361 676 spem
1383 636 1492 676 populi
1512 645 1701 675 suspensam
1717 639 1850 672 teneret,
1864 637 2021 676 promisit,
2036 638 2184 677 quamvis

1217 679 1256 709 ad
1281 686 1407 719 tempus
1432 680 1533 710 locum
1560 683 1700 708 mutaret
1720 688 1801 715 arca,
1825 689 1859 709 se
1878 684 1984 710 tamen
2005 679 2184 712 destinasse

1218 728 1405 762 perpetuam
1427 721 1534 753 sedem
1556 722 1586 751 in
1607 731 1670 761 qua
1689 721 1876 760 quiesceret.
1912 722 2084 753 Caeterum
2110 723 2184 755 inde

1218 776 1279 795 non
1305 765 1468 805 sequitur,
1500 764 1538 795 ad
1570 763 1648 794 illud
1673 774 1773 803 usque
1798 770 1924 804 tempus
1948 765 2055 796 datam
2088 767 2183 797 fuisse

1216 807 1381 839 licentiam
1424 807 1539 848 populo
1575 806 1693 846 ubique
1728 807 1938 838 sacrificandi.
1991 808 2183 849 Ubicunque

1216 852 1302 881 enim
1328 851 1387 881 suit
1411 850 1645 883 sanctuarium,
1674 850 1861 889 temporalis
1892 860 2015 890 quoque
2039 851 2099 882 fuit
2124 852 2182 883 loci

1216 894 1344 931 electio,
1369 894 1469 924 donec
1491 899 1621 923 ostensa
1644 898 1727 923 esset
1752 892 1894 932 legitima
1920 893 2020 925 sedes.
2067 894 2182 934 Itaque

1215 936 1305 967 Deus
1328 947 1385 976 per
1408 935 1578 966 Ieremiam
1603 935 1735 966 stultam
1756 935 1908 967 fiduciam
1928 946 1989 975 qua
2010 937 2183 977 turgebant

1215 979 1326 1010 Iudaei
1347 979 1516 1019 castigans,
1541 977 1634 1009 dicit:
1659 977 1708 1008 Ite
1727 978 1758 1008 in
1774 978 1852 1015 Silo,
1877 984 1908 1009 et
1931 979 2065 1018 aspicite
2088 980 2182 1020 quale

1215 1022 1369 1053 iudicium
1398 1022 1462 1052 11110
1493 1021 1692 1052 exercuerim
1723 1020 1850 1062 (terem.
1885 1021 1911 1057 7,
1946 1021 2007 1064 12).
2054 1022 2180 1061 Quibus

1215 1065 1322 1096 verbis
1357 1065 1533 1105 significat,
1569 1063 1638 1095 Silo
1674 1064 1711 1094 ad
1747 1068 1878 1104 tempus
1909 1065 2115 1102 excelluisse,
2149 1071 2181 1097 et

1214 1107 1346 1138 tandem
1377 1108 1498 1138 honore
1527 1117 1585 1137 suo
1613 1106 1713 1138 fuisse
1743 1107 1923 1147 privatum:
1949 1108 2023 1148 quia
2047 1108 2180 1149 indigne

1213 1150 1278 1181 illic
1307 1161 1397 1181 sacra
1425 1150 1547 1190 polluta
1578 1151 1716 1181 fuerant.
1762 1150 1834 1180 Etsi
1859 1161 1935 1190 ergo
1959 1151 2108 1191 specialis
2131 1156 2180 1183 est.

1213 1193 1264 1224 hic
1296 1193 1464 1233 promissio
1496 1192 1534 1223 de
1563 1192 1677 1230 Sione,
1708 1203 1771 1223 non
1801 1192 1933 1223 dubium
1965 1199 2073 1224 tamen
2103 1195 2178 1234 quin

1213 1235 1303 1267 Deus
1333 1236 1457 1266 interea
1483 1235 1649 1266 Israelitas
1678 1234 1718 1266 ad
1747 1236 1965 1267 sanctuarium
1991 1247 2085 1268 suum
2109 1237 2179 1268 alli—

1213 1284 1278 1319 get,
1312 1290 1351 1310 ne
1376 1279 1435 1309 sibi
1460 1278 1593 1318 quisque
1617 1283 1767 1309 exstruat
1789 1282 1954 1318 proprium
1978 1279 2096 1317 altare,
2129 1280 2177 1311 vel

1213 1322 1309 1353 urbes
1339 1322 1398 1352 sibi
1429 1321 1491 1352 alia
1522 1326 1616 1361 atque
1644 1321 1708 1352 alia
1741 1321 1862 1360 templa
1885 1321 2064 1353 aedificent.
2110 1322 2179 1354 Iam

1213 1370 1324 1395 notatu
1357 1364 1454 1405 digna
1483 1370 1532 1394 est
1555 1364 1714 1404 loquutio:
1746 1364 1791 1395 Ut
1815 1371 1914 1404 ponat
1944 1375 2060 1395 nomen
2084 1376 2179 1397 suum

1213 1407 1272 1438 ibi:
1309 1408 1402 1441 item,
1434 1407 1592 1438 Habitare
1621 1407 1731 1437 faciat:
1763 1417 1843 1446 quae
1871 1408 1988 1438 crassis
2018 1408 2180 1448 imagina-

1213 1451 1351 1481 tionibus
1382 1450 1536 1487 occurrit,
1567 1461 1607 1481 ne
1639 1449 1777 1490 populus
1799 1450 1903 1480 Deum
1929 1450 2106 1490 parietibus
2130 1452 2179 1482 in-

1212 1492 1329 1531 cludat,
1354 1500 1389 1524 ut
1412 1493 1517 1524 solent
1541 1493 1689 1523 homines
1711 1493 1902 1524 immensam
1921 1492 1982 1523 Dei
2006 1495 2178 1525 essentiam

1212 1535 1490 1572 circumscribere,
1522 1535 1574 1566 vel
1605 1535 1776 1567 detrahere
1799 1546 1816 1566 e
1840 1535 1944 1574 coelo,
1968 1541 2000 1567 et
2022 1536 2180 1568 subiicere

1213 1580 1349 1610 terrenis
1379 1579 1555 1610 0100100110.
1606 1579 1707 1618 Atqui
1732 1589 1849 1610 nomen
1873 1578 1934 1609 Dei
1960 1579 2107 1610 habitare
2131 1579 2179 1610 di-

1211 1622 1296 1653 citur
1323 1623 1356 1653 in
1387 1621 1471 1660 loco,
1502 1632 1564 1653 non
1594 1632 1654 1652 sua
1680 1626 1811 1659 natura,
1845 1621 1900 1652 sed
1930 1621 2099 1653 hominum
2126 1633 2176 1653 re-

1211 1670 1338 1704 spectu:
1365 1664 1439 1695 dum
1458 1675 1514 1704 pro
1532 1665 1676 1704 ipsorum
1702 1665 1851 1703 ruditate,
1876 1664 2001 1696 visibile
2024 1675 2175 1705 praesen-

1211 1708 1272 1738 tiae
1291 1718 1366 1739 suae
1386 1708 1568 1748 symbolum
1588 1707 1703 1739 statuit
1722 1713 1796 1738 ante
1815 1707 1931 1739 oculos.
1961 1708 2033 1739 Hac
2052 1711 2176 1740 ratione

1210 1750 1403 1781 descendere
1433 1761 1527 1790 saepe
1552 1750 1684 1789 dicitur,
1715 1761 1781 1781 non
1805 1750 1887 1790 quod
1912 1761 1945 1781 se
1968 1756 2098 1782 moveat
2121 1752 2175 1792 qui

1209 1793 1334 1824 coelum
1366 1798 1397 1824 et
1426 1799 1544 1824 terram
1575 1793 1705 1833 implet,
1738 1793 1792 1824 sed
1816 1793 1892 1833 quia
1915 1794 2085 1825 familiaris
2107 1795 2175 1826 eius

1209 1837 1349 1877 cognitio
1373 1837 1477 1876 ipsum
1502 1836 1688 1867 hominibus
1712 1837 1929 1876 propinquum
1954 1836 2068 1868 reddit.
2105 1837 2176 1868 Etsi

1209 1885 1316 1910 autem
1341 1880 1462 1919 patitur
1485 1890 1518 1910 se
1541 1880 1573 1910 in
1599 1885 1683 1910 terra
1706 1879 1860 1917 invocari,
1885 1890 1949 1910 non
1974 1879 2044 1910 vult
2067 1886 2175 1911 tamen

1209 1922 1274 1953 illic
1287 1921 1461 1953 subsistere
1480 1922 1647 1953 hominum
1668 1927 1802 1961 mentes,
1822 1921 1876 1953 sed
1896 1923 2002 1962 potius
2023 1934 2081 1963 per
2101 1933 2174 1963 gra-

1209 1965 1268 1995 dus
1291 1976 1419 1996 sursum
1444 1976 1499 1996 eas
1522 1965 1649 1996 attollit.
1697 1965 1810 2005 Itaque
1834 1975 1891 2006 per
1914 1965 2033 1996 Isaiam
2057 1964 2119 2007 (66,
2144 1964 2174 2007 1)

1210 2007 1332 2038 duriter
1368 2018 1420 2039 eos
1457 2008 1623 2048 obiurgat,
1663 2008 1748 2048 quod
1784 2008 1816 2038 in
1856 2008 1943 2038 vitiis
1975 2008 2041 2040 suis
2076 2008 2174 2039 defixi

1208 2057 1359 2089 putarent
1390 2051 1619 2087 nihilominus,
1651 2051 1724 2091 quia
1755 2051 1912 2091 templum
1942 2056 2011 2082 erat
2041 2051 2073 2082 in
2098 2062 2174 2082 cun-

1208 2099 1336 2133 spcet-u,
1362 2093 1468 2124 Deum
1492 2093 1552 2124 sibi
1576 2104 1644 2124 esse
1665 2094 1871 2124 obstrictum:
1904 2104 2001 2133 quum
2026 2099 2172 2125 nostrum

1208 2137 1249 2166 sit
1269 2136 1330 2167 fide
1349 2141 1380 2166 ct
1403 2137 1486 2167 serio
1511 2136 1610 2167 animi
1635 2136 1751 2167 affeetu
1776 2136 1815 2166 ad
1838 2147 1911 2167 eum
1936 2136 2096 2175 accedere,
2120 2136 2173 2167 ubi

1207 2189 1339 2209 manum
1374 2190 1463 2209 suam
1498 2179 1537 2209 ad
1571 2189 1629 2210 nos
1664 2178 1820 2210 extendit.
1871 2179 2015 2210 Vocatur
2042 2179 2173 2219 quidem

1208 2231 1302 2261 sacpc
1333 2233 1406 2253 arca
1435 2222 1585 2258 foederis,
1615 2221 1716 2262 ipsius
1739 2221 1850 2253 facies:
1883 2221 1939 2253 sed
1964 2233 2003 2252 ne
2026 2221 2172 2254 homines

1207 2274 1351 2295 crassum
1381 2271 1436 2295 aut
1466 2270 1618 2296 terrestre
1647 2265 1820 2304 quidquam
1844 2264 2045 2304 concipiant,
2077 2264 2173 2296 simul

1208 2314 1342 2337 vocatur
1365 2308 1584 2338 sanctuarium
1608 2308 1781 2338 scabellum
1806 2307 1924 2347 pedum
1948 2308 2025 2338 cius.
2071 2308 2173 2339 Porro

1208 2356 1376 2380 enumerat
1405 2350 1604 2381 oblationum
1628 2351 1765 2390 species,
1789 2360 1924 2390 quarum
1951 2355 2060 2390 postea
2084 2350 2169 2382 vide-

1208 2392 1294 2423 bitur
1317 2393 1431 2423 clarior
1455 2394 1635 2433 explicatio.
1678 2394 1818 2424 Tantum
1843 2393 1985 2424 breviter
2008 2394 2172 2432 admoneo,

1208 2435 1394 2466 holocausta
1413 2436 1641 2475 comprehendi
1661 2436 1720 2467 sub
1738 2436 1902 2467 sacrificiis
1922 2442 2074 2476 tanquam
2100 2447 2172 2476 par—

1208 2484 1271 2508 tem
1312 2478 1371 2509 sub
1409 2483 1482 2509 toto.
1537 2479 1599 2510 Ubi
1637 2480 1792 2510 vertimus
1822 2479 2015 2510 levationem
2047 2488 2172 2517 manus,

1210 2521 1357 2551 hebraice
1388 2521 1506 2561 legitur
1529 2529 1651 2559 ΠῺἹἾΠ,
1676 2522 1728 2553 001
1752 2532 1846 2561 saepe
1871 2521 2060 2562 adiungitur
2084 2521 2171 2552 aliud

1209 2574 1324 2594 nomen
1349 2570 1451 2596 ΠΞἾΞΠ.
1499 2564 1568 2595 Etsi
1602 2571 1710 2595 autem
1742 2571 1916 2604 utrumque
1946 2564 1985 2595 ab
2016 2564 2171 2595 elevando

1180 2605 1181 2611 ¹
1208 2606 1332 2642 «licitur,
1356 2612 1488 2645 apparet
1505 2613 1613 2638 tamon
1637 2607 1773 2638 differre:
1799 2612 1830 2638 et
1855 2607 1985 2648 linguae
2009 2607 2103 2647 periti
2126 2607 2171 2638 sic

1180 2652 1181 2663 ¹
1208 2649 1427 2689 distinguunt,
1450 2656 1552 2681 nomn
1577 2650 1679 2682 attolli
1705 2661 1849 2687 sursum,
1875 2656 1906 2681 et
1929 2650 2077 2682 deorsum
2097 2649 2170 2681 sub—
