2304 3034
113 164 176 196 665

114 259 170 290 ubi
200 258 394 298 exprimitur
420 258 567 289 diversus
596 257 676 297 legis
707 256 796 294 finis,
826 266 865 287 ne
899 256 1014 304 iurgiis
1049 259 1080 287 et

114 301 378 333 contentionibus
409 306 543 332 vexetur
569 309 649 339 quae
677 298 761 330 bona
783 297 845 329 fide
868 302 987 338 nupsit,
1011 308 1080 330 cer-

113 349 183 375 tum
215 349 264 375 est
293 343 353 375 hac
383 342 568 383 exceptione
590 341 734 372 fraenari
756 340 959 381 polygamiae
981 340 1079 372 licen-

114 387 205 424 tiam,
228 392 264 417 ut
286 385 454 418 Israelitae
476 384 617 416 contenti
640 394 706 414 una
728 383 858 421 iniuria,
891 383 1004 414 saltem
1029 393 1080 414 so-

113 439 206 460 rores
229 439 294 459 non
316 427 554 460 committerent
583 427 617 457 in
650 425 768 457 hostile
790 430 963 457 certamen.
1009 425 1079 456 Iam

114 472 212 503 nimis
234 472 346 511 iniqua
368 475 435 501 erat
456 469 580 509 primae
603 468 717 500 uxoris
738 468 881 500 conditio
904 467 958 499 ubi
985 478 1078 509 coge·

112 515 208 546 batur
230 513 389 545 aemulam
412 516 444 543 et
466 511 611 551 pellicem
633 510 729 549 ferre,
751 511 807 542 sed
830 509 958 542 assidue
976 511 1078 542 rixari

113 569 186 590 cum
208 567 267 589 sua
289 554 525 595 consanguinea
546 554 653 585 minus
672 553 837 585 tolerabile
860 558 938 585 erat.
963 554 1078 595 Itaque

112 610 231 632 nomen
254 598 371 631 sororis
392 607 457 628 non
480 596 690 637 restringitur
712 596 816 627 solum
836 596 875 628 ad
895 607 1077 637 germanas,

113 643 168 675 sed
190 642 386 682 propinquas
414 639 509 670 etiam
542 638 771 679 comprehendi
802 639 969 676 existimo,
998 650 1073 685 qua-

112 696 182 717 rum
214 684 332 723 alioqui
354 683 553 713 incestuosae
583 692 649 712 non
679 682 818 713 fuissent
846 683 989 722 nuptiae.
1034 682 1075 713 ln

112 737 251 765 summa,
280 736 342 757 non
373 728 440 755 tam
469 725 612 755 incestus
643 723 816 755 damnatur
846 735 942 764 quam
966 725 1076 756 mariti

111 770 291 807 crudelitas,
309 768 334 799 si
347 767 425 799 velit
443 772 613 807 cognatam
632 767 742 798 uxoris
755 777 833 798 suae
848 767 1074 807 superducere.

110 813 178 844 Nec
202 821 275 843 vero
297 810 390 840 aliter
412 819 453 840 ex
477 809 585 840 verbis
604 810 705 841 Mosis
725 815 868 841 statuere
890 810 978 841 licet:
999 821 1075 841 nam

110 856 139 887 si
160 855 314 894 retegitur
333 852 442 883 fratris
461 852 638 892 turpitudo,
664 853 717 883 ubi
736 852 836 883 frater
856 853 923 883 eius
944 852 1074 884 viduam

110 898 212 934 ducit,
242 906 304 926 non
331 894 438 926 minus
457 895 614 935 retegitur
638 895 804 935 turpitudo
827 896 955 932 sororis,
975 906 1075 935 quum

109 941 176 972 eius
199 938 314 969 marito
337 943 408 978 post
428 937 617 968 viduitatem
637 938 731 968 nubit
751 938 852 969 altera
870 949 968 969 soror.
994 938 1074 969 Cae—

107 988 210 1014 terum
229 981 304 1012 hinc
321 980 516 1020 perspicitur
539 980 695 1011 diabolica
717 991 818 1021 papae
841 981 1000 1021 superbia,
1021 982 1074 1021 qui

107 1035 208 1056 novos
220 1023 433 1063 excogitando
445 1024 694 1063 propinquitatis
706 1023 835 1063 gradus,
856 1034 953 1064 supra
966 1023 1073 1054 Deum

106 1077 217 1108 sapere
240 1065 352 1097 voluit.
398 1065 529 1096 Astutia
552 1076 678 1105 quoque
701 1067 770 1097 eius
793 1077 826 1097 se
849 1066 965 1106 prodit,
989 1066 1073 1106 quod

106 1121 146 1142 ex
184 1109 244 1140 hoc
284 1118 402 1148 genere
443 1109 570 1148 aucupii
611 1109 741 1140 uberem
782 1109 856 1140 feeit
892 1114 1071 1149 quaestum.

106 1152 189 1191 Quia
219 1156 329 1182 tamen
360 1151 457 1191 longo
485 1162 547 1182 usu
578 1156 742 1192 receptum
776 1157 824 1183 est-
847 1162 887 1183 ne
910 1152 1072 1183 consobri-

104 1206 165 1226 nus
198 1194 245 1225 vel
276 1194 433 1233 patruelis
463 1204 605 1225 sororem
629 1204 722 1225 suam
747 1194 853 1231 ducat,
883 1195 1072 1226 offensionis

103 1236 252 1269 habenda
275 1236 366 1267 nobis
384 1237 465 1267 ratio
483 1242 541 1275 est,
560 1248 600 1267 ne
618 1237 804 1276 importuna
822 1237 955 1268 libertas
973 1248 1070 1269 evan-

103 1279 223 1321 gelium
253 1283 393 1319 exponat
422 1279 534 1310 multis
570 1279 710 1320 probris:
740 1290 776 1311 ac
806 1280 946 1311 tenenda
976 1280 1070 1311 Pauli

103 1322 287 1357 admonitio,
323 1327 358 1352 ut
380 1321 599 1353 abstineamus
622 1322 720 1353 etiam
750 1334 768 1353 a
790 1322 904 1360 licitis⁷
934 1323 997 1355 nisi
1026 1325 1070 1354 ita

104 1364 254 1406 expediat
276 1363 318 1405 (1.
343 1364 416 1395 Cor.
440 1364 468 1402 9,
489 1364 552 1406 25).

188 1408 322 1438 Denter.
348 1407 397 1445 22,
421 1407 470 1438 30.
519 1407 590 1439 Non
612 1408 739 1447 accipiet
762 1408 936 1447 quisquam.
983 1407 1069 1446 Quia

102 1450 162 1481 hoc
184 1450 252 1481 loco
275 1449 381 1480 nullos
404 1450 483 1481 alios
507 1451 649 1482 incestus
673 1451 805 1491 attingit
818 1451 934 1489 Moses,
957 1450 1013 1482 sed
1030 1451 1069 1482 de

102 1503 241 1524 noverca
263 1503 406 1524 seorsum
431 1493 595 1533 praecipit,
622 1493 795 1524 verisimile
817 1500 864 1525 est
891 1504 972 1534 quae
996 1504 1067 1533 pro-

101 1535 168 1566 lixe
191 1535 377 1574 tradiderat,
407 1534 548 1567 breviter
571 1535 630 1567 sub
654 1547 719 1567 una
741 1537 844 1576 speeie
868 1537 901 1567 in
925 1542 1066 1568 mentem

101 1588 267 1609 revocasse
289 1577 457 1609 Israelitis.
503 1578 598 1609 Certe
621 1579 718 1610 unius
741 1579 870 1610 sceleris
894 1579 1067 1619 prohibitio

101 1621 172 1652 aliis
196 1620 449 1660 inquinamentis
468 1621 598 1652 ianuam
618 1632 681 1652 non
706 1623 816 1661 aperit.
852 1621 945 1661 Quod
969 1621 1068 1660 addit,

101 1663 150 1694 Ne
173 1669 299 1703 retegas
323 1674 411 1694 oram
436 1664 545 1704 patris,
569 1664 758 1695 tantundem
784 1665 869 1695 valet
892 1676 928 1696 ae
951 1665 1069 1696 nudari

100 1707 201 1746 patris
220 1706 436 1746 opprobrium,
456 1707 509 1737 ubi
529 1707 651 1738 abiecta
670 1707 873 1745 verecundia,
896 1707 1069 1748 privignus

102 1748 141 1780 ad
172 1758 345 1779 novercam
375 1749 572 1789 ingreditur:
618 1750 718 1781 Forte
747 1750 786 1780 ad
813 1750 932 1781 factum
963 1751 1068 1782 Cham

101 1791 225 1828 alludit,
257 1791 312 1831 qui
335 1792 434 1831 patris
458 1792 669 1833 ignominiam
693 1793 863 1833 vulgando,
892 1804 984 1824 suam
1008 1794 1068 1824 im-

100 1835 251 1874 pietatem
275 1834 426 1874 prodidit.

410 2004 474 2037 EX
497 2005 646 2036 LEVIT.
670 2005 748 2036 XX.

186 2088 234 2120 11.
262 2089 441 2129 Quicunque
464 2089 652 2122 concubuerit
674 2101 744 2122 cum
765 2101 859 2122 αλονε
874 2092 984 2130 patris
1005 2093 1066 2130 sui,

103 2131 322 2168 turpitudinem
340 2133 445 2172 patris
467 2133 519 2164 sui
540 2133 699 2164 revelavit:
719 2134 874 2165 moriendo
897 2135 1068 2166 morientur

105 2172 198 2211 ambo,
221 2175 349 2214 sanquis
372 2185 474 2206 eorum
496 2185 589 2214 super
613 2186 669 2207 eos.
717 2176 765 2207 12.
802 2176 860 2207 Vir
886 2178 941 2216 qui
962 2178 1069 2209 coierit

107 2223 172 2245 cum
183 2225 264 2247 nuru
275 2227 342 2254 sua,
365 2218 521 2248 moriendo
538 2219 707 2250 morientur
721 2219 822 2250 ambo:
840 2219 995 2259 flagitium
1013 2221 1066 2252 ad-

106 2257 259 2296 miserunt,
282 2261 410 2300 sanquis
428 2270 531 2291 eorum
553 2271 647 2301 super
669 2271 727 2293 eos.

358 2429 422 2461 EX
445 2428 609 2461 EODEM
632 2430 808 2462 OAPITE.

194 2510 241 2541 14.
269 2511 328 2550 Qui
349 2515 493 2553 acceperit
515 2515 675 2547 mulierem
694 2518 720 2548 et
730 2518 858 2547 matrem
872 2517 946 2554 eius,
967 2517 1066 2549 scelus

104 2556 166 2627 ceis-t:
189 2553 444 2625 iqrtii'comburent
465 2558 555 2589 illum
578 2560 604 2589 et
626 2558 708 2598 illas,
731 2569 768 2590 ne
785 2560 825 2590 sit
843 2560 938 2591 scelus
956 2561 990 2592 in
1001 2571 1064 2591 me-

128 2606 156 2627 io
177 2605 226 2626 ves
238 2606 276 2626 ri.

810 162 1052 195 SEPTIMUM
1082 162 1401 197 PRAEOEP'PUM.

2036 171 2099 202 666

1389 259 1452 290 EX
1476 258 1639 291 EODEM
1663 259 1838 293 CAPITE.

1218 343 1267 374 17.
1295 344 1443 384 Quisquis
1465 345 1613 383 acceperit
1641 355 1776 377 sororem
1805 357 1897 378 suam
1917 347 2019 387 filiam
2037 359 2099 388 pa-

1131 385 1191 416 tris
1212 387 1274 423 sui,
1297 387 1343 418 vel
1363 387 1464 426 filiam
1486 388 1599 418 matris
1620 397 1710 424 suae,
1741 391 1768 419 et
1796 390 1910 421 viderit
1930 391 2099 430 turpitudi-

1130 437 1198 458 nem
1220 429 1295 466 eius,
1320 430 1447 468 ipsaque
1464 430 1578 461 viderit
1595 431 1817 470 turpitudinem
1840 432 1942 469 illius,
1963 434 2098 473 foeditas

1131 472 1188 501 est:
1212 474 1378 510 propterea
1400 473 1616 504 succindentur
1637 474 1724 505 ambo
1746 484 1852 505 coram
1873 475 1969 507 oculis
1984 477 2098 516 populi

1128 513 1196 543 sui:
1226 515 1449 552 turpitudinem
1472 516 1591 547 sororis
1612 526 1688 548 suae
1715 517 1873 555 revelavit,
1902 519 2097 558 iniquitatem

1128 564 1218 586 suam
1240 556 1323 595 feret.

1385 725 1445 757 EX
1470 727 1633 759 EODEM
1658 728 1834 761 CAPITE.

1214 811 1262 841 19.
1290 811 1531 850 Turpitudinem
1552 814 1670 844 sororis
1692 814 1804 845 matris
1826 817 1896 846 tuae
1923 817 1950 846 et
1978 817 2096 847 sororis

1122 853 1228 892 patris
1256 854 1303 885 tui
1332 864 1393 884 non
1422 854 1639 894 discooperies:
1667 857 1742 895 quia
1766 858 1975 897 propinquam
2003 868 2095 889 suam

1127 895 1262 931 nudavit,
1294 897 1489 935 iniquitatem
1517 908 1608 928 suam
1628 899 1806 937 portabunt.
1858 900 1910 931 20.
1945 901 2096 941 Quisquis

1126 938 1285 969 dormierit
1305 949 1373 970 cum
1391 950 1487 971 uxore
1507 940 1620 979 fratris
1637 942 1743 980 patris
1776 943 1842 980 sui,
1871 944 2093 982 turpitudinem

1124 980 1238 1019 fratris
1261 982 1367 1020 patris
1399 983 1451 1012 sui
1483 983 1642 1020 revelavit,
1679 984 1871 1023 iniquitatem
1905 996 1996 1016 suam
2018 997 2094 1025 por-

1126 1024 1238 1059 tabunt,
1270 1024 1370 1055 orbati
1399 1025 1574 1056 morientur.
1621 1026 1670 1056 21.
1704 1027 1764 1066 Qui
1793 1028 1940 1067 acceperit
1967 1039 2093 1060 umorem

1123 1066 1236 1105 fratris
1257 1068 1318 1105 sut,
1342 1067 1539 1106 opprobrium
1569 1071 1621 1105 cst,
1651 1070 1874 1108 turpitudinem
1898 1071 2011 1109 fratris
2041 1073 2092 1103 sui

1124 1109 1275 1145 revelarit,
1310 1110 1409 1141 orbati
1442 1113 1538 1141 erunt.
1590 1111 1639 1142 22.
1666 1111 1819 1143 Custodite
1851 1113 1954 1152 itaque
1987 1115 2092 1146 onmia

1124 1154 1239 1182 statuta
1269 1163 1351 1189 mea,
1381 1155 1408 1184 et
1437 1154 1539 1183 omnia
1569 1154 1696 1192 iudicia,
1727 1157 1753 1185 et
1773 1155 1866 1194 facite
1887 1166 1939 1193 ea,
1969 1159 2003 1187 ut
2032 1167 2091 1188 non

1124 1197 1238 1225 evomat
1265 1205 1316 1226 vos
1343 1201 1426 1226 terra
1456 1196 1490 1226 in
1515 1206 1608 1234 quam
1631 1207 1682 1236 eqo
1709 1197 1866 1229 introduco
1889 1209 1941 1229 vos
1962 1202 1996 1229 ut
2026 1200 2092 1231 illic

1124 1236 1273 1268 habitetis.
1310 1238 1360 1268 23.
1387 1238 1491 1277 Neque
1513 1238 1674 1270 ambuletis
1692 1240 1726 1270 in
1743 1241 1867 1271 statutis
1881 1242 1980 1280 yentis
1998 1253 2091 1281 quam

1125 1289 1175 1319 eqo
1197 1280 1320 1311 eiiciam
1342 1291 1362 1311 a
1383 1281 1464 1320 facie
1485 1284 1604 1312 vestra:
1634 1283 1737 1312 omnia
1759 1283 1841 1313 enim
1864 1284 1924 1314 ista
1945 1284 2089 1323 fecerunt,

1124 1325 1151 1352 et
1172 1323 1335 1353 detestatus
1358 1333 1426 1354 sum
1449 1334 1509 1355 eas.
1555 1324 1604 1354 24.
1638 1324 1726 1355 Vobis
1748 1327 1849 1355 autem
1871 1325 1957 1357 dixi:
1984 1327 2089 1359 Possi-

1123 1364 1234 1395 debitis
1263 1368 1378 1396 terram
1406 1376 1525 1404 eorum,
1559 1377 1651 1406 quam
1681 1378 1732 1407 eqo
1760 1367 1892 1398 daturus
1914 1379 1984 1400 sum
2006 1370 2091 1401 vobis

1123 1410 1156 1437 ut
1185 1407 1371 1439 haereditate
1398 1419 1465 1439 eam
1489 1410 1687 1449 possideatis,
1716 1412 1831 1441 terram
1850 1411 1992 1449 fluentem
2016 1413 2091 1444 lacte

1123 1453 1149 1480 et
1171 1450 1274 1481 melle:
1304 1461 1354 1491 eqo
1384 1451 1495 1483 Ielcova
1519 1451 1605 1482 Deus·
1633 1455 1729 1483 vester
1751 1454 1806 1492 qui
1828 1456 1975 1493 separavi
1997 1466 2048 1486 ‘tvos
2071 1467 2091 1486 a

1115 1493 1252 1531 populis.

1205 1578 1294 1609 Nihil
1319 1578 1371 1609 hic
1394 1589 1515 1610 novum
1534 1580 1683 1617 occurrit,
1707 1581 1783 1621 quia
1797 1583 1897 1614 Mosis
1917 1583 2087 1614 consilium

1121 1621 1193 1658 fuit,
1222 1622 1334 1661 poenis
1363 1622 1533 1660 iniunctis,
1565 1622 1745 1654 doctrinam
1777 1636 1879 1665 nuper
1907 1626 2087 1665 expositam

1121 1664 1255 1695 sancire.
1280 1664 1469 1695 Incestuosa
1493 1665 1643 1706 coniugia
1666 1672 1741 1698 ante
1765 1668 1957 1707 damnando,
1980 1668 2085 1700 Israc-

1122 1707 1195 1737 litas
1219 1717 1324 1737 coram
1350 1707 1419 1738 Deo
1442 1707 1556 1739 sistere
1581 1708 1698 1747 voluit,
1730 1715 1764 1740 ut
1787 1722 1805 1741 a
1827 1711 1947 1742 scelere
1969 1711 2086 1742 abhor—

1120 1755 1229 1780 rerent
1248 1760 1357 1780 eorum
1382 1750 1606 1789 conscientiae,
1629 1753 1777 1791 quamvis
1800 1753 1923 1784 nullum
1948 1764 1966 1784 a
1985 1759 2081 1785 terre-

1121 1793 1170 1823 nis
1194 1791 1354 1824 iudicibus
1376 1797 1498 1823 metum
1522 1794 1691 1826 incuteret.
1738 1795 1833 1827 Nunc
1865 1807 1940 1827 vero
1963 1807 2085 1836 poenae

1094 1845 1095 1848 ¹
1121 1846 1244 1875 quoque
1274 1841 1362 1866 metu
1393 1846 1446 1866 eos
1476 1841 1591 1873 terret,
1623 1837 1649 1867 si
1680 1838 1735 1877 qui
1771 1839 1866 1869 nimis
1889 1849 2000 1870 secure
2023 1839 2085 1871 sibi

1121 1878 1317 1918 indulgeant.
1372 1877 1566 1909 Verberibus
1596 1885 1703 1910 autem
1727 1891 1789 1911 non
1823 1882 1961 1921 castigat
1983 1883 2084 1913 inces-

1121 1926 1241 1951 tuosos:
1273 1931 1309 1951 ac
1340 1921 1365 1951 si
1396 1920 1457 1951 levi
1490 1926 1614 1952 tantum
1650 1922 1764 1953 delicto
1787 1924 1931 1955 obstricti
1959 1930 2084 1956 essent:

1119 1964 1173 1995 sed
1203 1964 1323 1994 crimen
1355 1964 1549 2002 pronunciat
1578 1965 1714 2004 capitale
1738 1976 1806 1996 esse
1830 1967 1856 1997 si
1879 1967 1949 2006 quis
1973 1978 1991 1998 a
2013 1968 2084 1999 iure

1120 2012 1254 2037 naturae
1283 2006 1468 2036 desciverit:
1501 2016 1537 2037 ac
1565 2007 1670 2047 primo
1693 2008 1821 2048 quidem
1852 2019 2024 2040 novercam
2053 2015 2084 2041 et

1118 2049 1303 2089 privignum
1328 2049 1423 2078 morti
1447 2048 1567 2080 addicit
1590 2051 1615 2081 si
1639 2050 1724 2081 inter
1746 2062 1779 2082 se
1803 2052 1945 2083 coierint.
1992 2052 2085 2084 Idem

1118 2102 1242 2132 quoque
1266 2091 1381 2121 statuit
1404 2091 1443 2121 de
1466 2102 1575 2123 socero
1599 2098 1630 2122 ot
1654 2104 1745 2124 nuru.
1776 2094 1883 2125 Tertio
1907 2094 1945 2125 de
1970 2095 2083 2127 vitrico

1119 2140 1151 2166 et
1173 2134 1332 2174 privigna.
1378 2132 1473 2172 Quod
1506 2145 1582 2165 vero
1608 2134 1677 2176 [ubi
1704 2137 1797 2167 matri
1827 2144 1857 2167 et
1886 2137 1971 2168 filiae
1995 2139 2082 2178 quis-

1118 2178 1202 2217 piam
1226 2176 1318 2207 simul
1345 2186 1378 2207 se
1402 2176 1598 2219 permiscet]
1622 2189 1757 2218 poenam
1783 2179 1821 2210 ad
1846 2184 1982 2211 matrem
2006 2192 2082 2220 quo-

1118 2231 1178 2259 que
1206 2218 1367 2253 extendit,
1397 2219 1557 2260 intellige,
1593 2221 1619 2251 si
1651 2221 1721 2260 ipsa
1752 2232 1876 2261 quoque
1907 2223 1938 2253 in
1970 2224 2082 2254 nefan-

1118 2262 1188 2293 dam
1213 2261 1453 2301 permistionem
1479 2264 1686 2294 consenserit.
1729 2263 1810 2294 Nam
1835 2265 1860 2295 si
1885 2266 1957 2304 quis
1980 2266 2083 2298 invita

1118 2312 1219 2335 matre
1242 2304 1340 2334 filiam
1366 2304 1485 2336 alliciat
1508 2305 1540 2335 in
1561 2306 1745 2337 societatem
1769 2306 1862 2344 thori,
1886 2318 1967 2347 quae
1986 2309 2081 2341 resis-

1118 2353 1184 2378 tere
1221 2358 1282 2377 non
1317 2347 1422 2386 potuit
1456 2358 1553 2387 quum
1590 2349 1701 2387 vellet⁷
1737 2354 1828 2379 extra
1861 2350 1988 2390 culpam
2023 2357 2080 2383 est.

1117 2389 1239 2421 Eadem
1264 2389 1444 2429 iniungitur
1467 2400 1571 2429 poena
1594 2390 1687 2422 fratri
1717 2399 1748 2422 et
1777 2393 1876 2422 sorori
1907 2395 2081 2433 germanis,

1117 2433 1264 2464 similiter
1288 2433 1394 2471 nepoti
1415 2436 1446 2462 et
1466 2438 1668 2472 materterae,
1689 2434 1738 2465 vel
1757 2435 1883 2465 amitae.
1909 2436 2081 2468 Praeterea

1117 2475 1155 2505 ad
1181 2475 1370 2505 affinitatem
1394 2475 1590 2513 extenditur,
1614 2476 1640 2506 si
1663 2477 1733 2515 quis
1756 2487 1830 2507 cum
1854 2488 1954 2510 uxore
1972 2481 2080 2520 patrui

1117 2518 1164 2549 sui
1185 2517 1235 2547 vel
1262 2516 1373 2547 fratris
1401 2518 1450 2547 sui
1476 2519 1622 2558 germani
1646 2518 1816 2550 cohabitet.
1861 2520 1948 2552 Alibi
1972 2528 2080 2554 autem

1117 2560 1323 2600 exposuimus
1364 2559 1439 2599 quid
1481 2561 1586 2591 valeat
1623 2561 1700 2592 haec
1735 2561 1896 2601 loquutio:
1938 2564 2080 2607 Sanguis

1116 2613 1225 2634 eorum
1255 2612 1352 2641 super
1381 2612 1450 2640 eos,
1481 2613 1596 2643 nempe
1625 2614 1753 2634 causam
1778 2606 1888 2636 mortis
1917 2617 1981 2639 non
2009 2609 2079 2641 aliis
