2304 3034
136 205 194 236 317

135 298 314 328 immundas
333 300 390 328 est:
411 307 548 328 seorsum
565 295 728 327 habitabit:
749 298 837 327 extra
855 297 957 326 castra
975 295 1094 326 arausio

134 340 200 370 eius
218 341 284 370 crit.
318 341 368 371 47.
395 339 431 370 St·
448 340 479 369 in
503 341 581 369 veste
601 338 696 377 fecerit
714 338 812 377 playa
831 338 941 376 leprae,
965 338 998 367 in
1015 340 1094 368 veste

133 383 232 418 lanea,
257 386 311 413 aut
333 384 365 413 in
388 384 466 412 veste
488 382 576 417 linea,
610 380 660 410 48.
684 380 750 410 Aut
773 381 805 410 in
828 381 966 415 stamine,
990 382 1043 410 ant
1062 380 1094 410 iu

133 424 319 463 sabteymtne
342 435 379 455 ex
402 425 471 461 lino,
494 426 548 454 aut
569 433 606 453 ex
629 423 719 457 larza,
744 425 797 452 (zat
819 423 851 452 in
868 422 963 460 pelle,
988 424 1042 452 aut
1060 423 1093 452 ia

133 468 243 506 quovis
262 478 349 505 opere
364 467 499 505 pelliceo,
532 465 581 495 49.
606 464 648 494 Et
667 464 764 503 fuerit
781 465 878 503 playa
902 464 958 494 illa
980 464 1093 494 viridis

133 512 186 540 aut
209 511 283 548 rufa
306 511 340 540 m
362 511 454 545 veste,
478 510 532 538 aut
555 508 588 537 in
611 507 755 544 stamine,
781 506 823 537 rel
846 507 875 536 in
899 506 1092 545 sabteymtne,

132 551 179 582 vel
196 552 228 582 ¹in
247 552 353 591 quovis
371 561 457 590 opere
470 549 601 589 pelliceo,
616 549 712 588 playa
731 549 834 587 leprae
851 551 901 585 est,
922 549 1092 579 ostendetur

132 594 288 625 sacerdoti.
317 593 366 624 50.
388 592 431 623 Et
446 592 584 630 inspiciet
595 592 736 622 sacerdos
747 592 884 631 playam,
903 591 1092 630 'incladctyue

127 636 255 676 playam
285 636 370 666 illam
402 637 512 673 septem
549 634 663 665 diebus.
717 634 766 664 51.
806 633 916 664 Postea
951 634 1092 672 inspiciet

129 679 256 719 playam
278 678 364 709 illam
386 677 435 707 die
456 677 602 714 septimo.-
630 677 658 707 si
687 677 813 707 creverit
836 676 934 715 playa
961 675 1016 705 illa
1034 686 1092 714 per

132 724 256 758 vestem,
284 720 329 750 vel
352 730 411 759 per
432 719 614 757 sabteymen,
646 719 690 750 vel
713 718 823 757 pellem
844 719 878 748 in
901 718 982 748 omm·
1004 728 1091 756 opere

126 763 266 803 pelliceo,
293 762 377 800 lepra
405 762 590 792 corrodentis
614 762 729 800 playae
758 764 813 797 est,
848 760 1009 791 immunda
1038 763 1089 791 est.

131 806 181 838 52.
208 805 420 843 Cowttbaretqae
441 806 560 841 vestem,
584 804 629 834 vel
650 806 774 840 stamen,
798 802 846 834 vel
866 803 1034 842 subteymen
1053 813 1090 833 ex

131 850 216 885 lana,
246 847 289 878 vel
312 857 348 877 ex
370 847 449 883 lino,
479 846 523 876 vel
546 847 672 884 quodvis
700 856 776 885 opas
793 845 954 884 pelliceam
976 846 1009 876 in
1031 856 1089 883 qao

129 891 222 930 fuerit
238 889 336 928 playa
358 888 429 919 illa:
453 890 527 927 qm'a
550 889 636 927 lepra
659 888 824 919 corrodens
847 891 899 925 est,
922 888 988 927 tyni
1011 898 1087 919 com-

130 933 260 964 buretur.
305 932 354 962 53.
383 932 468 969 Quod
490 931 533 967 si,
561 931 614 961 abi
644 931 812 969 inspexerit
840 931 996 966 sacerdos,
1027 940 1088 960 ecce

130 985 188 1006 non
210 975 334 1005 creverit
349 973 448 1013 playa
472 973 528 1004 illa
552 974 583 1004 z'u
605 976 690 1009 veste,
714 973 759 1003 vel
777 974 809 1003 in
827 973 967 1009 stamine,
994 973 1035 1003 rel
1054 973 1088 1002 in

129 1017 323 1057 subtegmine,
358 1016 403 1047 vel
433 1017 465 1046 in
494 1017 602 1055 quovis
630 1026 716 1054 opere
740 1015 875 1054 pelliceo,
920 1016 968 1046 54.
1003 1016 1088 1046 Tunc

127 1059 294 1099 praecipiet
313 1059 468 1095 sacerdos,
503 1061 528 1089 et
557 1058 699 1089 lavabunt
723 1058 756 1088 id
778 1059 811 1088 tn
834 1068 892 1097 quo
915 1061 958 1088 est
976 1058 1088 1097 playa:

129 1105 156 1133 et
177 1101 306 1132 recludet
329 1101 407 1132 illud
429 1103 540 1140 septem
561 1101 666 1131 diebus
687 1101 823 1131 secando.
866 1101 915 1131 55.
941 1100 1089 1139 Iti-spiciet

128 1155 196 1176 vero
218 1144 374 1180 sacerdos,
398 1146 563 1182 postquam
586 1144 679 1174 lotam
701 1143 811 1182 fuerit,
831 1144 960 1183 playam
983 1143 1087 1174 illam:

128 1189 168 1223 et,
199 1187 307 1217 sinon
329 1187 514 1216 mutuaverit
538 1186 636 1226 playa
667 1186 722 1216 illa
751 1186 875 1216 colorem
903 1196 1007 1222 saara,
1036 1195 1088 1216 nec

122 1229 219 1269 playa
253 1229 391 1265 creverit,
428 1229 588 1259 tmmzmda
618 1231 674 1265 est,
709 1229 776 1268 tyni
804 1228 958 1259 combures
991 1228 1087 1258 illud.-

127 1272 257 1302 corrosio
279 1274 322 1302 est
344 1272 376 1301 tn
395 1271 519 1302 calvitio
538 1272 604 1301 eius
622 1271 667 1302 rel
689 1271 721 1301 in
738 1273 831 1309 parte
853 1271 919 1301 etas
941 1270 1085 1310 depilata.

127 1314 176 1346 56.
204 1314 289 1353 Quod
307 1314 335 1344 st
353 1314 426 1344 dam
449 1314 617 1352 inspeoeerit
639 1314 788 1348 sacerdos,
815 1323 884 1350 ecee,
903 1313 1086 1344 subobscura

125 1358 220 1397 fuerit
236 1357 335 1396 playa
354 1359 518 1395 postquam
540 1356 599 1387 Iota
620 1357 689 1395 fait,
712 1356 863 1387 abscindet
881 1366 948 1386 cam
966 1366 981 1386 c
1000 1359 1086 1392 veste,

126 1400 172 1430 vel
192 1410 206 1430 e
223 1399 311 1438 pelle,
334 1399 380 1429 vel
402 1410 416 1427 c
437 1399 575 1437 stamine,
599 1399 644 1429 rel
661 1409 676 1429 e
698 1398 890 1438 sabtamcine.
925 1399 974 1429 57.
1002 1398 1087 1437 (gztod

127 1443 156 1473 si
177 1444 330 1480 conspecta
357 1442 452 1480 f'uerz't
474 1442 555 1472 ‘altra
578 1442 612 1472 tn
634 1444 725 1478 veste,
756 1441 801 1471 vel
823 1441 856 1471 tn
878 1442 1017 1476 stamine,
1041 1440 1087 1471 ΜΖ

127 1485 161 1515 in
190 1485 389 1524 subteymine,
423 1484 469 1515 vel
502 1485 533 1514 tn
568 1485 677 1523 quovis
708 1494 795 1523 opere
823 1484 966 1523 pelliceo,
997 1484 1086 1522 lepra

125 1528 302 1567 yermiuarzs
321 1529 370 1563 cst,
397 1527 461 1566 tyni
479 1526 632 1557 combures
650 1527 729 1557 illud
748 1527 781 1556 in
799 1537 857 1565 qao
877 1527 973 1566 faerit
990 1526 1086 1566 playa

128 1570 192 1601 illa.
237 1570 286 1600 58.
319 1569 417 1600 Vestis
440 1572 553 1607 autem,
576 1570 640 1600 sive
662 1572 792 1606 stamen,
820 1570 884 1599 sire
906 1569 1085 1609 sabtcymerz,

128 1615 182 1643 aut
204 1613 331 1651 quodvis
352 1622 429 1651 opas
445 1612 605 1650 pelliceam
628 1612 708 1651 quod
731 1611 859 1649 laveris,
882 1612 910 1642 st
932 1612 1088 1643 recesserit

129 1655 165 1686 ab
191 1656 234 1686 ets
262 1655 374 1694 playa,
409 1655 564 1685 lavabitur
598 1654 742 1691 secando,
777 1656 803 1685 et
835 1655 985 1685 mandam
1018 1654 1085 1685 crit.

128 1697 176 1728 59.
201 1697 286 1729 Haec
308 1701 351 1728 est
373 1698 421 1728 lesc
443 1697 544 1736 leprae
566 1698 733 1727 vestimenti
756 1696 848 1733 lauet,
871 1697 917 1728 cel
935 1697 1018 1732 linet,
1041 1696 1087 1727 vel

128 1741 280 1777 staminis,
304 1740 349 1770 vel
371 1739 585 1780 sabteyminis,
609 1740 654 1770 vel
675 1740 812 1770 cuiusvis
833 1740 935 1780 operis
952 1739 1085 1779 pellicei,

129 1783 170 1814 ad
191 1783 392 1814 iudicandam
414 1782 494 1813 illud
517 1782 664 1813 mundum
686 1783 733 1813 vet
755 1783 958 1813 immundam.

215 1868 310 1899 Deut.
343 1868 393 1905 24,
425 1867 451 1898 8.
491 1867 623 1898 Observa
658 1868 690 1898 z'n
717 1867 813 1907 playa
847 1867 958 1906 leprae.
1012 1866 1086 1898 Scio

131 1916 323 1950 quantopere
345 1912 430 1941 inter
449 1920 482 1941 se
502 1909 690 1940 dissentiant
713 1912 917 1950 interpretes,
939 1916 971 1940 et
990 1921 1085 1949 quam

133 1953 220 1984 varie
251 1958 420 1992 torqueant
450 1953 603 1992 quidquid
639 1953 676 1983 de
710 1953 799 1992 lepra
829 1953 939 1984 scribit
969 1953 1085 1983 Moses.

133 1995 271 2034 Quidam
305 1996 465 2036 allegoriis
500 1996 596 2026 nimis
626 1995 739 2035 cupide
769 2001 844 2026 sunt
872 1995 1003 2026 addicti:
1033 1995 1087 2026 alii

134 2038 238 2068 Deum
261 2039 465 2076 existimant,
489 2044 641 2078 tanquam
665 2038 834 2077 providum
858 2038 1086 2078 legislatorem,

134 2080 257 2111 salubre
287 2081 409 2112 dedisse
433 2080 636 2118 mandatum,
666 2091 707 2111 ne
730 2081 860 2111 morbus
883 2081 1087 2121 contagiosus

135 2123 167 2153 in
189 2123 301 2162 populo
325 2128 476 2163 serperet.
522 2123 613 2162 Quae
641 2123 747 2162 opinio
778 2124 872 2154 nimis
903 2130 951 2154 est
978 2124 1087 2160 diluta,

136 2170 168 2195 et
189 2176 285 2205 prope
308 2166 452 2205 insipida.
474 2172 505 2196 et
528 2167 668 2197 breviter
687 2177 705 2196 a
723 2166 813 2196 Mose
833 2167 901 2206 ipso
921 2166 1088 2202 refellitur,

137 2212 201 2237 tam
224 2208 278 2238 ubi
301 2208 422 2239 Mariae
446 2209 630 2248 exemplum
655 2214 892 2246 commemorat,
917 2219 1010 2247 quam
1034 2208 1088 2239 nbi

138 2259 262 2280 causam
285 2251 425 2290 assignat
446 2262 503 2282 cur
525 2252 596 2282 eiici
619 2250 771 2288 debeant,
803 2262 842 2282 ne
870 2252 991 2282 scilieet
1014 2262 1087 2282 con-

139 2292 294 2322 taminent
316 2299 418 2324 castra
447 2294 478 2324 in
510 2293 624 2333 quibus
654 2293 778 2324 habitat
811 2294 913 2324 Deus:
946 2293 984 2324 ad
1010 2294 1089 2324 haec

140 2332 192 2363 ubi
214 2334 407 2367 seminifluos
429 2343 459 2366 et
482 2336 618 2376 pollutos
641 2347 737 2376 super
758 2342 886 2367 mortuo
915 2337 947 2366 in
978 2336 1088 2367 eodem

139 2375 240 2416 gradu
269 2383 383 2408 censet.
428 2378 535 2416 Quare
564 2387 735 2418 antequam
766 2380 893 2418 plenam
926 2379 1088 2410 tractatio-

140 2428 213 2448 nem
236 2419 439 2458 aggrederer,
464 2422 568 2452 visum
592 2426 655 2459 est,
679 2422 771 2461 quasi
796 2422 897 2452 instar
922 2421 1089 2460 praefatio—

141 2461 205 2495 nis,
237 2460 313 2491 duos
335 2461 417 2493 locos
440 2464 596 2502 proferre,
625 2475 662 2494 ex
688 2464 804 2503 quibus
828 2464 943 2494 melius
966 2469 1090 2504 pateret

141 2502 202 2533 Dei
225 2503 400 2534 consilium.
438 2505 522 2536 Dum
545 2507 578 2536 in
603 2507 854 2537 Deuteronomio
885 2506 972 2536 iubet
991 2517 1088 2546 popu-

141 2544 213 2592 lum.
232 2544 339 2575 sedulo
362 2551 517 2578 attentum
542 2559 608 2580 esse
631 2560 727 2589 super
750 2549 846 2589 plaga
868 2550 992 2588 leprae,
1025 2560 1087 2580 non

142 2586 271 2617 dubium
294 2592 342 2617 est
364 2589 438 2627 quin
462 2589 521 2621 hoc
543 2592 636 2622 modo
666 2592 790 2622 sanciat
818 2592 901 2631 quod
932 2592 1088 2631 prolixius

141 2633 214 2660 ante
227 2629 441 2662 tradideratin
454 2632 607 2664 Levitico.
632 2635 680 2665 Ac
692 2634 794 2673 primo
814 2634 916 2665 defert
935 2634 1086 2665 iudicium

859 203 1042 234 PRIMUM
1067 203 1385 235 PRAECEPTUM.

2047 205 2108 236 318

1147 296 1375 336 sacerdotibus,
1410 300 1446 327 ut
1468 297 1549 336 quod
1573 297 1857 336 pronunciaverint
1879 302 1984 328 ratum
2008 298 2049 328 sit
2072 309 2107 329 ac

1145 339 1293 370 firmum:
1325 338 1440 369 deinde
1473 339 1651 370 sacerdotes
1674 340 1774 379 ipsos:
1806 350 1846 370 ne
1876 343 1994 370 temere
2024 340 2107 379 quod

1146 380 1271 411 libitum
1304 381 1401 411 fuerit
1431 382 1662 421 pronuncient,
1700 382 1888 422 simpliciter
1916 382 2005 422 sequi
2036 383 2107 413 vult

1145 423 1226 461 quod
1251 423 1314 453 illis
1337 424 1535 463 praescribit,
1568 428 1603 454 ut
1627 432 1753 454 tautum
1778 425 1916 455 ministri
1940 425 2019 460 sint,
2057 425 2106 456 vel

1144 475 1332 504 praecones,
1367 467 1434 505 ipse
1465 472 1570 497 autem
1594 468 1695 506 quoad
1720 477 1879 497 summam
1903 468 2107 498 autoritatem

1144 507 1258 537 unicus
1292 508 1333 538 sit
1365 508 1471 539 iudex.
1517 509 1639 549 Legem
1673 520 1767 548 quam
1799 510 1904 549 posuit
1938 511 2108 540 confirmat

1145 549 1302 589 singulari
1326 551 1487 590 exemplo:
1512 552 1584 590 quia
1607 552 1674 591 ipse
1694 552 1832 582 Mariam
1851 562 1992 583 sororem
2006 552 2106 583 Mosis

1143 592 1271 622 eiecerit
1294 591 1332 622 ad
1356 597 1500 633 tempus,
1532 604 1571 624 ne
1594 594 1661 624 eius
1685 594 1921 631 immundities,
1951 594 2105 633 quamdiu

1143 634 1268 673 leprosa
1291 640 1369 671 erat,
1393 640 1497 666 castra
1521 636 1684 675 pollueret.
1708 637 1791 667 Nam
1811 636 1895 676 quod
1915 637 2105 676 quibusdam

1143 676 1273 706 videtur
1296 677 1447 716 populum
1472 678 1606 716 hortari,
1638 690 1677 709 nc
1700 679 1860 718 peccando
1880 680 2002 710 malum
2025 678 2103 710 illud

1142 719 1201 748 sibi
1226 724 1377 754 accersat,
1402 720 1483 750 sicut
1506 721 1621 752 fecerat
1646 721 1759 757 Maria,
1792 721 1932 752 alienum
1956 726 2013 752 est.
2060 722 2103 751 Il-

1142 760 1196 791 lud
1228 767 1334 791 autem
1363 762 1446 801 quod
1477 762 1542 793 dixi
1573 764 1691 803 optime
1721 764 1807 802 finit,
1842 764 2011 803 imperium
2043 764 2104 795 Dei

1142 803 1226 842 quod
1258 804 1393 834 Mariam
1424 805 1585 843 prohibuit
1616 816 1631 836 e
1662 807 1790 843 castris,
1821 811 1995 846 perpetuae
2024 806 2104 846 legis

1142 846 1206 876 vim
1231 845 1348 876 habere
1372 850 1402 876 et
1425 847 1564 885 pondus,
1594 849 1667 887 quia
1690 855 1767 879 tune
1791 849 1997 889 praescripsit
2027 848 2102 888 quid

1141 898 1268 927 semper
1292 889 1359 919 fieri
1382 889 1489 919 vellet.

1226 930 1357 961 Numer.
1383 930 1410 968 5,
1434 931 1462 962 2.
1499 931 1648 970 Praectpc
1669 932 1747 971 fillis
1770 933 1872 964 Israel
1890 936 1923 964 at
1945 934 2071 964 eiiciant
2087 944 2102 965 e

1140 974 1260 1003 castris.
1285 973 1379 1004 Clare
1404 974 1543 1004 ostendit
1562 975 1612 1005 hic
1635 975 1721 1006 locus
1735 975 1840 1006 Deum
1861 976 1993 1006 minime
2012 976 2102 1007 sunc-

1141 1020 1208 1045 tum
1229 1026 1298 1046 esse
1318 1016 1431 1047 medici
1451 1016 1563 1053 officio,
1584 1022 1617 1047 ut
1636 1018 1767 1048 sanitati
1786 1017 1894 1058 populi
1908 1018 2100 1056 consuleret,

1141 1058 1216 1088 dum
1230 1058 1334 1088 voluit
1347 1058 1488 1098 leprosos
1507 1070 1523 1089 e
1541 1060 1653 1090 eastris
1676 1061 1791 1091 arceri:
1815 1061 1867 1091 sed
1889 1060 1949 1091 hoc
1967 1066 2101 1092 externo

1140 1101 1205 1130 ritu
1239 1106 1271 1130 et
1304 1103 1502 1131 caeremonia
1535 1102 1685 1141 populum
1720 1103 1899 1133 exercuisse
1933 1104 1964 1133 in
1994 1104 2100 1134 studio

1139 1143 1305 1182 puritatis,
1347 1144 1420 1183 quia
1454 1144 1586 1183 leprosis
1619 1145 1816 1175 seminifluos
1850 1150 1880 1175 et
1917 1145 2100 1176 immundos

1140 1196 1236 1224 super
1265 1186 1372 1215 anima
1403 1187 1617 1227 coniungens,
1655 1187 1841 1227 simpliciter
1874 1188 2026 1227 populum
2061 1189 2099 1219 ab

1139 1228 1224 1258 omni
1258 1228 1461 1258 immunditia
1492 1234 1647 1259 remotum
1671 1240 1739 1260 esse
1763 1229 1859 1260 iubet.
1904 1230 1994 1261 Idem
2025 1241 2098 1262 con-

1141 1271 1247 1301 firmat
1270 1281 1349 1309 quae
1380 1272 1524 1310 sequitur
1554 1273 1649 1302 ratio:
1681 1273 1728 1302 Ne
1758 1277 1864 1303 castra
1891 1272 2037 1312 polluant
2065 1273 2099 1303 in

1141 1314 1255 1352 quibus
1279 1313 1401 1343 habitat
1420 1313 1517 1344 Deus.
1553 1314 1689 1345 Perinde
1713 1319 1820 1345 autem
1843 1319 1891 1345 est
1914 1325 1950 1346 ac
1969 1315 1996 1346 si
2015 1315 2098 1346 dice-

1140 1360 1199 1389 ret,
1219 1356 1326 1386 omnia
1346 1356 1504 1387 domicilia
1517 1356 1607 1387 electi
1627 1357 1746 1396 populi,
1766 1358 1940 1388 sanctuarii
1959 1358 2009 1388 sui
2029 1368 2098 1389 esse

1140 1403 1263 1437 partes,
1292 1409 1370 1437 quas
1400 1398 1568 1438 indignum
1598 1399 1640 1429 sit
1670 1400 1733 1430 ullo
1762 1400 2005 1439 inquinamento
2034 1401 2099 1431 foe-

1140 1440 1219 1471 dari.
1266 1441 1391 1471 Scimus
1414 1442 1499 1471 enim
1523 1451 1617 1480 quam
1641 1442 1802 1473 licentiose
1820 1442 1883 1473 Dei
1905 1443 2028 1474 cultum
2051 1443 2099 1474 vi-

1140 1483 1223 1514 tiare
1251 1483 1309 1513 sibi
1340 1485 1528 1522 permittant
1558 1484 1717 1522 homines,
1751 1485 1826 1515 dum
1851 1494 1941 1516 sacra
1963 1485 2098 1516 miscent

1139 1526 1282 1565 profanis
1307 1526 1572 1565 quemadmodum
1598 1527 1693 1567 vulgo
1717 1527 1841 1558 dieitur.
1875 1527 1988 1567 Itaque
2011 1528 2098 1558 vide-

1139 1579 1210 1599 mus
1234 1576 1268 1598 ut
1301 1569 1429 1607 pessimi
1453 1570 1570 1608 quique
1593 1580 1626 1599 se
1649 1581 1710 1600 non
1734 1570 1863 1600 ultimos
1886 1580 1955 1601 esse
1978 1571 2098 1600 iactent

1139 1612 1224 1641 inter
1257 1611 1317 1641 Dei
1351 1611 1498 1647 cultores,
1533 1622 1590 1642 nec
1625 1612 1774 1643 dubitent
1807 1623 1922 1643 manus
1959 1612 2097 1652 pollutas

1139 1654 1303 1693 ingerere,
1339 1654 1545 1693 quantumvis
1579 1665 1688 1685 severe
1720 1655 1791 1685 illos
1824 1655 1970 1694 repudiet
2000 1655 2096 1686 Deus.

1140 1697 1226 1734 Ergo
1256 1696 1333 1726 utile
1361 1696 1421 1726 fuit
1446 1696 1503 1727 hoc
1526 1697 1643 1727 visibili
1667 1697 1856 1727 documento
1880 1702 2022 1728 veterem
2044 1707 2098 1736 po-

1139 1739 1250 1778 pulum
1271 1739 1402 1776 moneri,
1426 1749 1478 1769 eos
1498 1750 1608 1769 omnes
1627 1740 1679 1778 qui
1699 1739 1857 1779 inquinati
1881 1745 1967 1777 sunt,
1990 1739 2098 1770 Deum

1140 1793 1202 1812 non
1235 1781 1295 1812 rite
1325 1781 1441 1819 colere,
1471 1782 1547 1820 quin
1577 1782 1682 1821 potius
1711 1782 1776 1813 suis
1800 1781 1945 1813 sordibus
1968 1782 2098 1813 inficere

1139 1823 1222 1864 quod
1246 1824 1360 1864 alioqui
1392 1830 1537 1855 sanetum
1561 1828 1623 1859 est,
1654 1824 1788 1863 ideoque
1817 1825 1945 1863 pietatis
1974 1824 2097 1856 exerci-

1140 1867 1192 1897 tiis
1216 1877 1380 1906 perperam
1406 1867 1508 1897 abuti:
1539 1866 1652 1897 deinde
1680 1878 1742 1897 non
1767 1867 1881 1897 debere
1905 1867 2032 1897 tolerari
2063 1867 2096 1897 in

1139 1915 1249 1940 sancto
1273 1914 1373 1945 coetu,
1397 1919 1436 1939 ne
1459 1909 1497 1939 ad
1521 1909 1599 1939 alios
1621 1909 1788 1948 perveniet
1810 1909 1966 1949 contagio.
2002 1909 2097 1940 Nunc

1139 1953 1278 1983 breviter
1296 1952 1513 1991 expendamus
1527 1951 1682 1982 decimum
1696 1952 1826 1982 tertium
1840 1956 1935 1990 caput
1948 1951 2096 1982 Levitici.

1224 1995 1330 2025 Levit.
1352 1995 1399 2029 13,
1423 1994 1451 2024 2.
1492 1994 1590 2024 Homo
1613 2004 1707 2032 qaum
1727 1994 1823 2032 faerit
1844 1994 1877 2024 tn
1899 1996 1971 2025 cute.
2009 1993 2095 2032 Quo-

1139 2038 1223 2068 niam
1245 2048 1307 2067 non
1322 2037 1480 2076 quaelibet
1491 2036 1611 2068 scabies
1627 2036 1716 2076 lepra
1727 2041 1804 2073 erat,
1823 2047 1881 2067 nec
1894 2036 2097 2066 immundum

1139 2079 1290 2110 reddebat
1321 2080 1498 2115 hominem,
1523 2078 1612 2109 Deus
1634 2079 1785 2109 iudicium
1809 2078 2025 2109 sacerdotibus
2043 2078 2097 2108 de-

1140 2124 1255 2159 ferens,
1278 2123 1372 2153 certis
1399 2122 1481 2152 notis
1504 2121 1642 2152 scabiem
1666 2121 1832 2161 vulgarem
1863 2132 1881 2151 a
1910 2121 2000 2161 lepra
2030 2120 2094 2151 dis-

1139 2165 1241 2196 cernit
1264 2164 1377 2195 deinde
1401 2164 1547 2203 adiungit
1570 2163 1737 2194 discrimen
1763 2164 1847 2193 inter
1880 2162 2025 2194 diversas
2054 2163 2098 2193 le-

1140 2218 1215 2247 prae
1235 2207 1364 2246 speeies.
1390 2207 1460 2237 Non
1482 2206 1569 2237 enim
1588 2206 1691 2236 omnis
1710 2205 1798 2245 lepra
1818 2205 2006 2236 insanabilis
2027 2205 2099 2243 fuit,

1140 2250 1194 2281 sed
1219 2261 1316 2289 quum
1341 2251 1496 2289 sauguine
1519 2259 1649 2288 prorsus
1672 2249 1792 2286 vitiato,
1817 2248 1898 2278 cutis
1921 2248 1991 2287 ipsa
2009 2258 2097 2278 arro-

1140 2294 1227 2323 sione
1261 2292 1472 2327 obduruerat,
1502 2291 1551 2322 vel
1585 2291 1782 2321 intumuerat
1810 2301 1849 2320 ex
1883 2290 2095 2329 corruptione.

1144 2336 1213 2366 Hoc
1245 2336 1344 2374 igitur
1372 2335 1474 2374 primo
1508 2333 1577 2365 loeo
1612 2333 1804 2369 notandum,
1839 2343 1955 2363 nomen
1991 2333 2098 2372 leprae

1141 2378 1274 2409 Graecis
1298 2382 1330 2407 et
1353 2377 1488 2412 Latinis,
1512 2381 1543 2406 et
1566 2386 1682 2406 nomen
1706 2382 1792 2412 riv-³3
1816 2375 1973 2406 Hebraeis
2001 2375 2097 2405 latius

1141 2427 1249 2460 patere
1269 2430 1362 2459 quam
1383 2419 1420 2449 ad
1435 2418 1582 2449 morbum
1601 2418 1825 2454 insanabilem,
1845 2419 1917 2457 quia
1936 2417 2097 2448 amedicis

1142 2469 1273 2494 vocatur
1305 2461 1547 2501 elephantiasis,
1573 2467 1639 2490 tam
1662 2460 1700 2491 ob
1723 2460 1873 2490 duritiem
1898 2459 1977 2490 cutis
2001 2470 2095 2499 quam

1141 2506 1179 2536 ob
1203 2505 1343 2536 colorum
1366 2505 1570 2535 varietatem:
1595 2513 1657 2533 non
1677 2502 1758 2542 quod
1779 2503 1906 2542 penitus
1925 2502 2096 2533 conveniat

1140 2548 1281 2579 densitas
1315 2548 1390 2577 corii
1424 2547 1455 2577 in
1486 2545 1615 2576 homine
1648 2550 1679 2575 et
1712 2545 1898 2585 elephant0‚
1933 2545 1987 2575 sed
2022 2545 2096 2583 quia

1140 2591 1270 2621 morbus
1282 2590 1334 2619 ille
1346 2590 1409 2620 cuti
1423 2594 1583 2628 stuporem
1607 2587 1738 2618 inducit.
1765 2587 1860 2627 Ψαῐρα
1871 2597 1950 2626 quae
1964 2586 2097 2618 Graecis

1114 2632 1272 2668 'dicitun
1306 2633 1363 2663 etsi
1402 2642 1465 2662 non
1503 2635 1551 2661 est
1583 2630 1690 2670 leprae
1727 2630 1861 2670 species,
1895 2630 2095 2669 aliquantum
