2304 3034
181 190 243 221 595)

206 282 356 315 not-annis
391 278 568 311 ascendant
604 278 642 308 ad
677 277 905 309 celebrandum
943 277 1030 309 hunc
1064 278 1158 310 diem.

185 326 295 368 (Zach.
320 325 366 361 14,
388 322 448 363 16).
470 322 513 352 Et
532 331 590 351 cur
610 321 716 359 potius
736 330 833 359 quam
853 320 930 351 alios
950 320 1047 352 festos
1067 321 1158 352 dies?
1184 322 1185 327 ’

188 379 300 407 nempe
323 367 396 405 quia
420 364 543 395 reditus
567 374 583 394 e
607 363 775 404 Babylone
800 373 857 402 per
880 363 1013 402 longum
1039 369 1070 394 et
1099 364 1158 395 dif-

186 412 268 443 ficile
292 411 360 445 iter,
392 414 423 438 et
446 407 485 438 ab
506 406 647 437 hostium
671 407 801 437 incursu
826 411 857 436 et
880 405 1034 436 violentia
1058 407 1158 438 infes-

186 461 268 489 tum,
300 461 400 490 aeque
432 449 651 480 memorabilis
680 448 808 479 futurus
833 453 918 479 esset
941 459 977 479 ae
1008 449 1158 480 transitio

185 495 296 536 populi
329 505 368 524 ex
404 494 555 533 Aegypto
588 492 621 522 in
656 498 776 522 terram
814 491 1016 531 promissam.
1062 491 1157 524 Unde

184 538 373 577 colligimus,
394 535 542 575 quamvis
554 534 648 565 hodie
668 534 786 565 abolita
805 534 846 565 sit
860 534 1070 571 caeremonia,
1089 535 1157 566 eius

185 588 292 611 tamen
324 589 417 609 usum
449 578 483 608 in
518 577 635 617 spiritu
667 584 698 607 et-
728 577 866 607 veritate
895 577 1002 608 adhuc
1037 577 1156 618 vigere,

185 630 221 654 ut
246 622 336 653 nobis
361 621 490 652 assidue
521 625 596 651 ante
627 619 735 650 oculos
770 624 920 651 versetur
954 620 1157 660 incompara-

185 666 256 697 bilis
280 665 342 695 Dei
366 665 471 694 virtus
495 667 527 694 et
550 661 785 698 misericordia,
810 663 863 702 qui
888 673 946 693 nos
969 673 986 693 e
1018 662 1158 695 tenebris

184 714 215 739 et
239 707 399 748 profunda
423 707 539 746 abysso
562 705 675 736 mortis
699 711 815 741 erutos,
841 705 1006 736 transtulit
1028 706 1061 736 in
1086 716 1156 737 coe-

183 751 297 782 lestem
323 751 433 780 vitam.
480 750 527 780 Ac
551 748 707 789 populum
732 754 875 779 veterem
899 758 957 788 pro
981 758 1038 779 sua
1071 749 1158 779 rudi-

183 800 250 825 tate
270 794 314 824 ita
333 792 476 823 exerceri
494 792 646 831 oportuit,
666 795 702 821 ut
720 791 849 831 singuli,
872 802 889 822 a
910 791 1039 822 senibus
1058 802 1158 831 usque

184 837 223 868 ad
249 847 382 876 pueros,
407 835 554 866 domibus
579 834 700 875 egressi
724 834 816 874 quasi
848 834 879 864 in
907 844 975 864 rem
1007 844 1157 873 praesen-

186 884 250 910 tem
284 879 538 915 adducerentur,
573 884 604 908 et
634 877 668 908 in
699 876 882 917 spectaculo
906 876 961 907 illo
988 882 1159 908 cernerent

184 922 270 962 quod
305 921 423 960 alioqui
448 930 614 960 nunquam
640 920 719 951 satis
753 925 956 960 penetrasset
978 920 1012 950 in
1048 930 1158 951 eorum

184 965 318 996 animos.
355 964 552 1003 Quanquam
572 962 670 994 simul
689 963 722 993 in
742 963 888 993 futurum
908 967 1035 1002 tempus
1054 962 1159 994 edocti

183 1008 322 1043 fuerunt,
348 1007 379 1037 in
413 1013 499 1037 terra
533 1016 659 1046 quoquc
695 1005 853 1037 Chanaan
885 1005 1158 1046 peregrinandum

183 1062 261 1086 esse,
286 1050 379 1081 sicuti
403 1049 483 1080 haec
507 1049 648 1080 conditio
667 1048 899 1089 praescribitur
922 1047 1071 1079 omnibus
1094 1049 1157 1088 piis

184 1099 215 1124 et
239 1093 313 1124 filiis
339 1093 416 1130 Dei,
446 1097 482 1123 ut
512 1092 660 1132 inquilini
684 1092 750 1122 sint
773 1092 804 1122 in
830 1101 929 1130 terra,
959 1092 985 1122 si
1021 1091 1157 1131 cupiunt

184 1136 262 1168 coeli
287 1146 355 1167 esse
379 1134 544 1166 haeredes.
591 1135 770 1174 Praecipue
794 1139 903 1165 tamen
928 1144 981 1165 eos
1012 1134 1051 1165 ad
1083 1144 1155 1174 gra-

185 1179 356 1209 titudinem
381 1177 549 1209 stimulare
581 1177 670 1208 Deus
701 1178 811 1214 voluit,
842 1188 903 1217 quo
934 1177 1036 1216 pluris
1065 1178 1156 1208 fieret

183 1223 291 1261 quieta
315 1228 419 1252 terrae
442 1221 619 1261 promissae
643 1220 814 1256 habitatio,
836 1226 867 1251 et
891 1225 1050 1250 tectorum
1069 1231 1155 1251 com-

182 1265 338 1301 moditas,
372 1275 471 1304 quum
506 1263 754 1294 recordarentur
791 1263 866 1294 illuc
900 1273 939 1294 ex
975 1262 1101 1293 deserto
1124 1267 1155 1294 et

181 1308 365 1338 miserrima
402 1317 508 1338 rerum
539 1306 682 1337 omnium
719 1311 862 1347 egestate
897 1316 995 1337 manu
1023 1305 1084 1337 Dei
1121 1317 1154 1337 se

179 1351 276 1382 fuisse
299 1350 461 1382 deductos.

265 1394 315 1424 36.
342 1394 461 1433 Septem
484 1392 600 1424 diebus.
647 1392 720 1422 Non
744 1391 946 1422 feriabantur
965 1391 1027 1422 nisi
1050 1392 1153 1431 primo

179 1442 212 1467 et
235 1442 347 1467 octavo
372 1437 432 1473 dic,
457 1434 647 1466 habitabant
671 1439 779 1465 tamen
799 1434 833 1465 in
858 1434 1006 1474 tuguriis,
1031 1440 1062 1465 et
1081 1445 1152 1475 sep-

180 1485 244 1509 tem
269 1479 434 1510 continuis
458 1478 570 1509 diebus
601 1478 780 1509 offerebant
811 1477 983 1508 sacrificia:
1016 1488 1150 1517 quorum

179 1522 256 1553 alibi
283 1522 368 1554 facta
399 1522 459 1552 tuit
487 1521 609 1552 mentio
640 1520 803 1560 prolixior.
849 1520 926 1551 Ideo
959 1530 1040 1560 quae
1070 1520 1152 1551 libro

179 1570 293 1605 quarto
318 1565 467 1596 distincte
492 1564 696 1604 prosequitur
719 1564 837 1601 Moses,
862 1563 993 1594 reiicere
1015 1563 1050 1593 in
1073 1563 1151 1594 alte-

180 1619 252 1638 rum
277 1608 382 1639 locum
408 1607 518 1645 malui,
542 1606 597 1638 ubi
622 1607 660 1637 de
684 1607 850 1638 sacrificiis
873 1606 907 1636 in
928 1617 1045 1646 genere
1068 1611 1151 1637 trac-

179 1651 256 1682 tavi.
282 1650 332 1682 De
353 1661 429 1681 voce
449 1650 652 1681 solennitatis
672 1660 735 1680 non
755 1649 908 1681 convenit
926 1649 1011 1680 inter
1030 1659 1151 1680 omnes.

181 1700 269 1730 ΠἚῺ
292 1705 311 1725 a
335 1694 432 1725 verbo
456 1700 518 1730 Ἓν
550 1692 731 1731 deducitur,
766 1691 850 1732 quod
884 1696 948 1722 tam
980 1691 1152 1732 prohibere

179 1748 276 1777 quam
297 1737 447 1777 colligere
465 1736 636 1777 significat.
671 1735 786 1775 Itaque
805 1734 934 1775 quidam
959 1736 1153 1775 interpretes

182 1781 324 1811 retinent
351 1780 489 1819 primam
520 1778 763 1819 etymologiam,
799 1777 968 1815 vertendo,
1000 1778 1152 1809 Retentio

183 1824 232 1854 vel
268 1823 442 1863 prohibitio
477 1823 538 1853 Dei
570 1826 628 1853 est.
668 1820 732 1853 Sed
774 1821 848 1861 quia
878 1831 991 1852 sensus
1025 1820 1153 1852 videtur

180 1866 359 1902 obscurior,
385 1876 450 1896 non
475 1865 619 1897 dubitavi
643 1875 700 1904 pro
720 1863 913 1895 solennitate
932 1864 1092 1904 accipere,
1118 1867 1154 1895 ut

183 1910 254 1940 aliis
288 1909 376 1940 locis.
423 1908 505 1939 Nam
541 1908 660 1947 absque
701 1907 919 1939 controversia
959 1917 1045 1938 nunc
1087 1907 1154 1938 dies

182 1953 289 1988 festos,
316 1963 401 1983 nunc
425 1956 534 1982 coetus
558 1955 614 1981 aut
636 1955 815 1981 conventus
839 1949 1009 1990 significat.
1055 1950 1153 1981 Libe-

184 2006 254 2025 rum
280 2000 387 2025 tamen
415 1994 458 2025 sit
483 1993 657 2024 lectoribus
687 1993 808 2033 eligere
832 1991 917 2032 quod
946 1993 1050 2033 magis
1080 2003 1154 2032 pro-

184 2038 341 2068 baverint.
394 2038 569 2077 Postquam
612 2047 688 2067 vero
731 2036 768 2066 de
809 2036 916 2075 quiete
949 2041 980 2066 et
1015 2035 1154 2067 victimis

185 2081 349 2121 praecepit
388 2081 511 2117 Moses,
551 2078 698 2119 adiungit
732 2079 971 2118 exceptionem,
1006 2089 1046 2109 ne
1080 2078 1155 2118 quid

185 2125 349 2154 minuatur
373 2135 412 2154 ex
437 2122 601 2153 ordinario
625 2122 723 2153 cultu.
770 2121 928 2152 Poterant
952 2121 1037 2152 enim
1069 2121 1155 2152 frau-

188 2167 337 2197 dulenter
367 2165 599 2197 transscribere
640 2167 672 2196 in
716 2165 799 2195 diem
835 2164 954 2195 festum
990 2164 1157 2201 sacrificia,

189 2209 304 2248 quibus
324 2209 389 2240 iam
421 2209 541 2248 alioqui
572 2207 718 2239 obstricti
749 2211 858 2245 erant,
890 2213 921 2238 et
950 2207 1010 2238 hoc
1043 2207 1159 2238 cavillo

190 2251 337 2282 dealbare
368 2262 433 2282 una
462 2251 570 2282 fidelia
599 2251 679 2282 duos
714 2251 869 2291 parieteS,
904 2255 941 2280 ut
971 2250 1157 2290 loquuntur.

190 2295 299 2333 Quare
324 2295 417 2325 initio
442 2294 581 2335 proximi
606 2305 718 2325 versus
748 2293 906 2333 particula
955 2308 977 2333 N
1011 2292 1161 2323 adversa-

191 2339 258 2368 tive
283 2338 412 2368 videtur
435 2338 536 2373 sumi,
569 2337 645 2377 quia
680 2336 852 2367 antithesis
875 2337 911 2367 fit
933 2336 1017 2366 inter
1040 2335 1159 2375 peculi-

191 2391 278 2411 arem
303 2381 426 2411 cultum
453 2381 550 2411 huius
576 2380 788 2415 solennitatis,
813 2385 844 2409 et
867 2389 1056 2410 communes
1080 2379 1160 2409 ritus

191 2424 244 2462 qui
269 2431 359 2454 extra
385 2423 469 2454 diem
493 2424 610 2453 festum
635 2422 787 2453 servandi
806 2426 908 2452 erant.
941 2422 989 2452 Ac
1012 2421 1037 2451 si
1062 2420 1161 2451 dixis-

191 2472 254 2503 set,
282 2467 334 2496 ubi
359 2466 580 2506 praestiterint
604 2476 685 2505 quae
709 2465 759 2496 lex
788 2463 938 2504 exigebat
962 2464 992 2494 in
1018 2464 1162 2504 singulos

193 2508 269 2546 dies,
293 2519 356 2539 non
385 2517 492 2540 tamen
517 2508 706 2540 cessandum
731 2519 801 2539 esse
826 2518 844 2538 a
868 2507 1027 2547 praesenti
1053 2507 1161 2537 obser-

194 2552 338 2582 vatione:
363 2552 496 2591 ideoque
520 2562 664 2582 seorsum
691 2556 754 2581 tam
788 2550 931 2590 generali
964 2559 1058 2589 quam
1091 2560 1161 2589 spe-

193 2594 265 2623 ciali
291 2601 461 2634 praecepto
486 2594 750 2625 satisfaciendum
774 2604 861 2629 esse,
886 2593 911 2623 si
944 2593 1003 2622 rite
1032 2591 1162 2632 defungi

192 2637 302 2667 velint.
337 2637 435 2667 l'orro
460 2649 499 2668 cx
523 2637 769 2668 circumstantia
788 2635 943 2675 temporis
966 2634 1164 2666 demonstrat

898 183 1126 223 QUARTUM
1152 185 1474 218 PRAECEPTUM.

2117 187 2181 218 596

1212 279 1327 311 debere
1346 280 1431 320 ipsos
1455 291 1524 312 esse
1548 281 1680 317 alacres,
1703 280 1787 320 quod
1811 284 1887 311 tunc
1911 280 2080 311 minimum
2104 281 2180 313 faci-

1212 328 1268 353 ent
1291 323 1440 361 iacturae,
1465 324 1527 354 iam
1552 323 1700 363 repositis
1724 323 1879 364 frugibus.
1904 323 1978 353 Huc
2000 323 2085 354 enim
2108 334 2180 364 pcr-

1212 366 1291 397 tinet
1335 365 1419 406 quod
1456 366 1547 397 dicit:
1598 367 1775 405 Postquam
1811 365 2006 406 collegeritis
2040 366 2179 397 fructum

1212 413 1331 439 terrae:
1357 419 1393 439 ac
1417 409 1443 439 si
1468 409 1588 440 diceret
1611 419 1721 439 eorum
1747 408 1912 439 commodo
1935 419 1969 439 se
1988 409 2179 449 prospicere,

1211 451 1286 490 quia
1305 451 1423 492 alioqui
1443 452 1541 482 otium
1562 451 1647 482 domi
1662 451 1814 487 colerent,
1834 451 1930 491 idque
1944 451 1984 482 ad
2003 451 2180 483 tollendam

1211 501 1462 525 excusationem.

1296 537 1346 568 40.
1373 536 1564 576 Sumetisque
1587 537 1670 567 cobis
1699 537 1749 568 elie
1771 536 1886 575 primo.
1932 536 2003 568 Hoc
2033 536 2181 577 symbolo

1212 579 1367 610 admoniti
1386 580 1520 611 fuerunt
1538 579 1650 610 Iudaei
1669 578 1897 610 celebrandum
1914 589 1984 610 esse
1996 578 2082 611 hunc
2095 579 2180 611 diem

1210 633 1283 653 cum
1308 622 1472 654 hilaritate
1496 628 1527 653 et
1557 622 1690 653 laetitia,
1736 622 1814 653 Fuit
1841 622 1926 653 enim
1959 633 2023 653 non
2054 626 2180 654 tantum

1210 665 1389 696 recordatio
1413 666 1535 706 gratiae
1558 676 1621 705 qua
1644 664 1735 696 Deus
1759 670 1866 704 patres
1889 666 1922 695 in
1953 665 2079 696 deserto
2110 664 2180 706 dig-

1211 714 1306 739 natus
1325 708 1440 745 fuerat,
1465 718 1564 748 quum
1584 707 1734 739 omnibus
1757 707 1837 739 coeli
1860 707 1986 739 iniuriis
2007 708 2180 748 expositos,

1211 750 1269 782 sub
1301 751 1360 782 alis
1389 752 1458 782 suis
1488 758 1639 791 tanquam
1672 751 1779 790 aquila
1810 750 1914 790 pullos
1947 751 2089 782 foveret:
2122 751 2179 782 sed

1210 794 1306 824 etiam
1331 794 1509 834 gratiarum
1534 794 1631 830 actio,
1656 793 1739 833 quod
1763 792 1856 833 longe
1880 793 2080 825 commodius
2104 793 2179 825 hos-

1211 837 1323 875 pitium
1348 837 1380 867 in
1410 843 1495 867 terra
1527 836 1684 876 promissa
1710 836 1776 866 illis
1799 841 1961 876 parasset:
1995 836 2041 866 ita
2073 847 2180 869 ramos

1210 879 1364 918 gestando
1387 879 1541 920 gaudium
1566 884 1597 910 et
1620 879 1712 919 quasi
1740 879 1923 910 ovationem
1946 889 2024 919 prae
2043 889 2077 910 se
2098 879 2180 910 fere-

1210 922 1298 953 bant.
1354 922 1422 953 Nec
1452 922 1539 953 enim
1573 922 1687 953 fuisset
1721 927 1974 953 consentaneum
2006 921 2114 953 tristes
2147 926 2181 954 et

1211 966 1382 996 contractis
1405 965 1521 996 animis
1545 965 1675 1005 tuguria
1698 964 1815 1001 subire,
1840 975 1921 1004 quae
1945 968 2011 996 tam
2035 969 2180 996 veterem

1210 1018 1305 1047 quam
1318 1013 1519 1048 praesentem
1533 1007 1595 1038 Dei
1615 1008 1752 1048 gratiam
1768 1007 2054 1047 repraesentabant
2067 1017 2179 1039 eorum

1210 1051 1328 1088 oculis,
1363 1056 1395 1082 et
1417 1051 1514 1082 simul
1539 1055 1669 1091 gustum
1694 1050 1811 1081 dabant
1836 1050 1983 1082 coelestis
2012 1050 2115 1087 vitae,
2142 1060 2179 1082 eo

1211 1094 1293 1134 quod
1327 1093 1479 1134 inquilini
1506 1098 1614 1124 essent
1636 1094 1669 1124 in
1704 1098 1800 1124 terra.
1846 1099 1911 1126 ἾἾΠ
1945 1093 2077 1133 quidam
2105 1103 2179 1133 pro-

1210 1137 1317 1177 prium
1341 1147 1457 1168 nomen
1482 1147 1551 1168 esse
1575 1136 1697 1173 volunt,
1722 1136 1779 1167 sed
1809 1146 1909 1176 quum
1941 1136 2058 1176 ubique
2087 1135 2180 1168 deco·

1210 1191 1277 1211 rem
1313 1179 1489 1220 significet,
1523 1179 1610 1210 nolui
1642 1178 1805 1210 discedere
1829 1188 1848 1209 a
1870 1179 2033 1210 communi
2067 1188 2179 1210 sensu:

1210 1234 1268 1254 nec
1292 1222 1447 1254 curiosius
1471 1222 1504 1252 in
1529 1222 1636 1254 verbis
1660 1222 1774 1254 insisto
1798 1232 1895 1262 quam
1919 1232 2049 1254 necesse
2072 1220 2181 1253 estad

1209 1276 1277 1297 rem
1300 1266 1403 1305 ipsam
1428 1264 1612 1296 tenendam.

1502 1435 1566 1466 EX
1588 1434 1737 1466 EXODI
1759 1435 1894 1467 XXIII.

1300 1520 1347 1552 14.
1374 1521 1435 1551 Ter
1460 1520 1572 1560 festum
1600 1521 1761 1552 celebrabis
1788 1521 1867 1553 milii
1890 1531 2066 1561 unoquoque
2088 1531 2177 1554 anno.

1215 1564 1262 1595 15.
1290 1564 1504 1595 Solennitatem
1534 1574 1713 1603 azymorum
1742 1565 1907 1596 custodies:
1933 1567 2044 1605 septem
2072 1564 2178 1596 diebus

1213 1607 1344 1639 comedes
1362 1606 1586 1645 infermentata,
1606 1607 1858 1645 quemadmodum
1869 1608 2018 1648 praecepi
2035 1607 2089 1639 tibi
2107 1610 2177 1638 tem-

1207 1660 1284 1690 pore
1306 1650 1420 1680 mensis
1433 1648 1528 1680 Abib:
1551 1649 1626 1688 quia
1648 1649 1682 1680 in
1705 1660 1737 1680 eo
1761 1660 1900 1690 cyressus
1922 1660 1953 1681 es
1975 1661 2011 1681 cx
2023 1650 2178 1691 Aegypto.-

1212 1703 1305 1732 neque
1325 1692 1549 1731 conspicientur
1570 1701 1673 1722 coram
1695 1703 1741 1723 mc
1763 1694 1862 1724 vacui.
1909 1693 1957 1724 16.
1980 1692 2024 1724 Et
2044 1693 2176 1725 solenni·

1212 1738 1300 1767 tatem
1323 1735 1437 1766 mensis
1452 1735 1687 1773 primitivorum
1708 1746 1833 1774 operum
1852 1739 1973 1768 tuorum
1991 1746 2070 1776 quae
2087 1736 2177 1767 semi-

1212 1779 1337 1810 naveris
1359 1778 1392 1808 in
1415 1787 1504 1818 aym,
1536 1780 1562 1808 et
1583 1777 1792 1809 solennitatem
1822 1779 2004 1810 collectionis
2037 1779 2072 1810 in
2094 1779 2178 1810 eoeitu

1213 1821 1297 1860 anni,
1320 1820 1442 1860 quando
1463 1820 1617 1860 colleyeris
1646 1831 1736 1859 opera
1760 1824 1813 1852 tua
1837 1832 1874 1852 ex
1897 1832 1980 1862 aqro.
2028 1822 2076 1852 17.
2104 1822 2176 1853 Tri-

1211 1864 1267 1895 bus
1296 1864 1412 1895 vicibus
1441 1863 1643 1902 conspicietur
1670 1864 1770 1894 omnis
1798 1864 1954 1895 masculus
1982 1867 2055 1896 tuus
2074 1874 2177 1897 coram

1207 1908 1328 1939 domino
1356 1906 1476 1937 Ickova.

1477 2076 1541 2107 EX
1565 2075 1714 2107 EXODI
1737 2075 1904 2108 XXXIV.

1294 2163 1343 2194 22.
1369 2161 1585 2193 Solennitatem
1608 2161 1827 2192 hebdomadum
1852 2161 1950 2200 facies
1971 2160 2025 2192 tibi
2048 2161 2081 2192 in
2102 2162 2173 2201 pri-

1210 2206 1310 2238 mitiis
1330 2205 1439 2236 messis
1460 2205 1603 2241 triticeae,
1627 2206 1653 2235 ct
1673 2204 1786 2243 festum
1807 2203 1988 2235 collectionis
2006 2204 2039 2234 in
2057 2214 2176 2236 conver-

1208 2251 1292 2281 sione
1316 2249 1399 2279 anni.
1444 2247 1493 2278 23.
1527 2247 1642 2278 Tribus
1664 2246 1782 2278 vicibus
1803 2246 1836 2276 in
1865 2256 1946 2277 anno
1974 2247 2177 2286 conspicietur

1206 2292 1306 2324 omnis
1332 2291 1491 2322 masculus
1518 2292 1590 2320 tuus
1621 2299 1723 2320 coram
1752 2289 1876 2321 domino
1901 2289 2013 2320 Ielzova
2035 2290 2101 2321 Deo
2125 2289 2174 2322 Is-

1204 2335 1277 2366 rael.
1323 2334 1373 2365 24.
1398 2332 1563 2373 Expellam
1587 2333 1667 2363 enim
1688 2335 1789 2372 gentes
1811 2342 1831 2362 a
1853 2332 1934 2371 facie
1956 2335 2018 2370 tua,
2050 2335 2076 2363 et
2096 2333 2177 2364 dila-

1204 2378 1271 2409 tabo
1295 2377 1458 2407 terminum
1480 2377 1575 2413 tuum,
1607 2385 1697 2414 neque
1720 2375 1906 2414 concupiscet
1927 2376 2092 2415 quisquam
2115 2379 2173 2407 ter-

1204 2430 1274 2452 ram
1297 2422 1382 2450 tuam
1404 2418 1478 2449 dum
1500 2418 1644 2449 ascendes
1666 2420 1700 2448 ut
1722 2417 1927 2456 conspiciaris
1944 2428 2050 2450 coram
2062 2418 2175 2451 Ieltova

1205 2463 1303 2494 tribus
1325 2461 1444 2493 vicibus
1464 2462 1497 2492 in
1520 2471 1610 2492 anno.
