2304 3034
161 194 223 224 ,333
865 182 1087 214 ocrAvuu
1118 181 1440 213 PRAEOEPTUM.

161 287 255 318 hodie
276 295 337 315 non
358 292 426 313 csse
450 280 586 315 illicitas,
611 278 673 308 nisi
697 281 855 317 quatenus
878 286 952 308 cum
976 275 1137 315 acquitate

162 336 193 361 et
213 330 352 360 fraterna
371 322 595 355 coniunctione
615 324 772 360 pugnant.
808 319 861 350 Ita
879 330 913 350 se
936 319 1072 358 quisque
1095 317 1136 349 ad

162 372 223 404 Dei
243 367 383 401 tribuual
403 367 504 401 sistat,
527 374 583 395 nec
602 363 751 404 proximo
770 373 827 393 suo
850 362 947 392 faeiat
969 361 1052 401 quod
1077 360 1136 392 sibi

162 414 231 446 fieri
262 411 375 443 nollet:
399 407 485 439 unde
508 413 597 438 certa
621 411 652 436 et
675 415 757 445 quae
782 415 947 444 nunquam
970 403 1059 434 fallet
1081 403 1136 434 de-

162 456 264 488 finitio
278 451 500 492 suinipoterit.
535 449 667 480 Foenus
689 447 819 488 quidem
848 457 1010 483 exercere,
1037 457 1136 487 quum

162 501 247 530 inter
275 494 440 536 pudendos
471 498 503 524 et
526 497 638 532 turpes
659 496 810 531 quaestus
834 489 988 521 duxerint
1011 490 1137 529 profani

162 542 349 580 scriptores,
385 536 485 568 multo
524 535 632 565 minus
663 533 831 564 tolerabile
862 538 911 564 est
940 534 1024 563 inter
1053 532 1137 563 filios

163 585 241 616 Dei:
276 582 330 613 sed
365 578 492 620 quando
526 582 557 608 et
592 587 757 617 quousque
792 587 924 607 usuram
955 587 995 606 ex
1024 579 1137 606 mutuo

163 627 327 668 percipere
365 623 480 659 liceat,
509 620 625 651 melius
656 619 854 659 praescribet
884 619 937 649 lex
967 618 1137 658 aequitat-is

163 680 258 710 quam
289 668 404 706 longae
435 663 678 704 disputationes.
726 662 821 693 Nunc
852 661 951 692 verba
975 660 1137 701 expenda-

162 723 245 744 mus.
280 710 390 741 Primo
406 708 472 739 loco
490 706 545 737 ubi
559 705 724 743 vertimus,
747 705 822 736 Non
838 705 902 736 eris
925 705 1007 736 sicut
1029 704 1138 735 foene—

163 761 260 792 rator,
285 754 316 783 in
341 762 416 782 voce
440 749 603 781 Hebraica
626 754 692 780 ΠΨ)
724 748 831 788 aliqua
855 750 905 778 est
928 747 1137 787 ambiguitas:

163 798 240 838 quia
275 795 407 826 verbum
441 799 506 825 ΠΨ]
541 791 704 822 interdum
746 791 943 831 generaliter
984 790 1139 830 accipitur

163 851 221 881 pro
253 847 403 869 mutuum
434 836 526 873 dare,
557 834 676 874 ubsque
706 834 839 865 sinistra
870 838 961 864 nota:
987 833 1039 865 hic
1062 842 1139 864 vero

165 883 297 914 dubium
312 890 376 911 non
394 883 442 910 est
458 878 535 919 quin
548 888 605 918 pro
619 878 821 908 foeneratore
833 882 990 913 sumatur,
1014 875 1068 915 qui
1081 875 1140 906 mi-

164 936 252 958 seros
272 922 409 955 arrodit:
431 919 704 962 quemadmodum
724 924 756 951 et
774 919 808 950 in
822 919 952 951 Psalmo
972 917 1140 961 (109,11):

164 969 321 1008 Illaqueet
341 967 523 996 foenerator
550 963 659 994 omnia
683 973 764 1002 quae
783 968 860 994 sunt
883 963 961 994 eius.
1004 962 1142 994 Summa

165 1017 222 1048 set,
247 1008 422 1041 liberaliter
450 1006 608 1038 iuvandos
631 1016 702 1037 esse
726 1016 894 1046 pauperes,
919 1015 978 1036 nec
1001 1015 1141 1045 gravan-

166 1055 222 1085 dos
252 1062 321 1084 esse
352 1050 441 1082 duris
471 1049 702 1081 exactionibus.
746 1048 861 1088 Itaque
892 1049 1046 1080 continuo
1069 1050 1143 1087 post

165 1094 388 1136 explicationis
429 1103 525 1125 causa
570 1091 676 1123 addit:
722 1091 772 1122 Ne
811 1092 923 1122 foenus
963 1091 1140 1130 imponant.

165 1140 274 1179 Quum
299 1138 416 1168 iterum
440 1135 576 1175 repetit:
601 1134 637 1166 Si
650 1138 839 1165 attenuatus
864 1133 1093 1171 etc.‚videmus
1106 1137 1143 1164 ut

165 1191 345 1223 pauperum
365 1179 447 1210 ratio
466 1178 584 1218 ubique
601 1176 774 1208 habeatur:
794 1178 870 1217 quia
892 1177 952 1208 etsi
977 1175 1142 1208 interdum

164 1224 350 1256 foenoribus
388 1221 631 1253 exhauriuntur
667 1221 722 1259 qui
758 1219 929 1251 latifundia
967 1219 1142 1260 possident,

166 1269 261 1310 (sicut
292 1266 368 1297 dicit
393 1265 506 1296 Cicero
522 1263 543 1305 ¹)
567 1263 721 1304 quosdam
746 1263 797 1294 sui
820 1263 976 1303 temporis
999 1262 1142 1294 luxurio-

168 1323 219 1343 sos
244 1321 280 1341 ac
303 1308 455 1349 prodigos
478 1318 552 1338 cum
576 1306 685 1338 usuris
708 1310 849 1337 certasse
872 1305 1030 1337 fructibus
1053 1315 1144 1346 prae-

165 1354 307 1386 diorum:
330 1351 406 1391 quia
424 1360 536 1381 omnes
559 1359 671 1380 eorum
696 1354 871 1388 proventus
896 1349 1052 1381 vorabant
1075 1358 1143 1380 cre-

167 1397 286 1428 ditores
297 1395 317 1437 z)
341 1394 431 1434 digni
455 1399 562 1424 tamen
588 1392 809 1423 misericordia
831 1392 965 1423 fuerunt
987 1391 1045 1423 soli
1068 1401 1144 1432 pau-

166 1450 275 1481 peres,
310 1448 390 1478 quos
420 1440 562 1477 egestas,
591 1445 656 1466 non
681 1435 812 1466 luxuria
834 1435 978 1466 mutuari
999 1435 1142 1476 cogebat.

166 1483 297 1514 Tertius
317 1491 394 1511 Vero
413 1480 501 1511 locus
516 1478 637 1519 optime
657 1478 798 1518 explicat
810 1477 874 1509 Dei
892 1482 1043 1515 mentem,
1067 1477 1145 1508 dum

167 1527 281 1557 foenus
305 1522 454 1555 extendit
483 1521 523 1553 ad
548 1522 676 1559 vinum,
701 1521 861 1559 triticum,
884 1526 917 1552 et
940 1530 1145 1561 quascunque

169 1570 249 1600 alias
289 1577 349 1598 res.
406 1564 505 1596 Multi
544 1564 631 1595 enim
673 1569 857 1595 contractus
890 1564 929 1595 ab
961 1563 1146 1594 hominibus

170 1611 273 1643 vafris
309 1608 484 1650 excogitati
520 1607 670 1644 fuerunt,
710 1607 826 1647 quibus
863 1618 939 1648 opes
965 1606 1147 1646 expilarent

170 1656 239 1686 sine
258 1651 440 1695 ignominia
462 1651 513 1682 vel
535 1650 704 1681 dedecore:
725 1656 820 1690 atque
844 1649 938 1681 hodie
962 1649 1052 1680 nulla
1074 1660 1146 1680 cru-

171 1698 272 1729 delior
298 1701 348 1727 est
369 1694 530 1735 rapacitas
553 1703 650 1734 quam
674 1693 729 1724 ubi
751 1693 872 1732 absque
895 1692 1058 1723 mentione
1080 1691 1147 1723 foe-

171 1741 276 1777 noris,
306 1737 447 1778 vectigal
477 1736 674 1768 debitoribus
700 1736 889 1776 imponitur.
934 1735 1061 1767 Modios
1078 1734 1147 1765 fru-

171 1783 272 1815 menti
296 1792 353 1813 sex
377 1781 403 1812 si
426 1790 549 1820 pauper
572 1779 769 1811 commodari
792 1779 851 1810 sibi
875 1778 1034 1820 postulet,
1062 1777 1148 1809 volet

171 1826 312 1858 creditor
343 1828 467 1864 septem
491 1822 553 1854 sibi
575 1821 681 1853 reddi:
707 1821 791 1853 idem
815 1823 849 1853 in
873 1822 950 1853 vino
973 1821 1146 1861 continget.

172 1869 264 1900 Haec
288 1868 370 1899 lucri
395 1866 534 1897 accessio
563 1865 674 1896 foenus
697 1875 762 1896 non
786 1865 964 1902 vocabitur,
989 1864 1062 1904 quia
1085 1874 1149 1894 non

173 1918 365 1943 numeratur
395 1909 540 1949 pecunia.
588 1908 677 1939 Deus
708 1918 784 1939 vero
816 1912 921 1939 astum
956 1907 1042 1938 hunc
1070 1906 1148 1937 obli-

173 1965 234 1995 que
266 1953 488 1990 subsannans,
523 1951 622 1982 variis
656 1951 688 1981 in
724 1951 819 1982 rebus
841 1961 877 1982 ac
900 1950 966 1981 fere
989 1950 1023 1980 in
1046 1948 1150 1980 omni-

173 1998 234 2029 bus
270 1995 471 2028 commerciis
514 1993 663 2025 foenebre
706 1994 827 2024 malum
867 1993 1008 2034 grassari
1042 1991 1146 2023 docet:

173 2039 258 2072 unde
292 2040 377 2071 clare
411 2042 560 2078 apparet,
596 2048 661 2067 non
697 2036 785 2067 aliud
819 2036 959 2077 praecipi
994 2034 1150 2066 Israelitis

175 2083 236 2114 nisi
271 2089 305 2113 ut
335 2082 389 2113 alii
420 2081 498 2112 alios
528 2080 715 2111 humaniter
738 2080 918 2111 sublevent.
952 2079 1053 2109 Porro
1077 2077 1152 2117 quia

173 2126 321 2157 homines
344 2129 495 2156 excaecat
518 2128 549 2154 et
574 2128 795 2154 transversum
821 2123 907 2163 rapit
929 2120 1087 2161 cupiditas
1111 2119 1151 2151 ad

175 2169 341 2209 improbos
383 2172 550 2208 quaestus,
593 2165 725 2206 opponit
767 2166 856 2197 Deus
896 2163 1151 2196 benedictionem

175 2211 326 2242 omnibus
362 2210 523 2251 perversis
553 2209 691 2246 artibus,
724 2219 805 2248 quae
835 2213 910 2239 sunt
941 2206 1040 2238 veluti
1072 2204 1152 2237 lucri

176 2255 322 2294 aucupia,
349 2260 381 2284 ct
411 2264 488 2294 opes
516 2262 535 2282 a
565 2262 598 2283 se
621 2262 686 2282 uno
710 2250 869 2282 bonorum
892 2250 1038 2282 omnium
1061 2252 1151 2279 auto-

177 2308 227 2328 res
241 2307 374 2337 sperare
399 2296 485 2327 iubet
509 2295 616 2335 potius
640 2305 735 2334 quam
761 2295 883 2334 rapinis
908 2293 959 2324 vel
983 2291 1152 2323 fraudibus

177 2350 300 2371 venari.

248 2475 274 2507 1)
293 2475 399 2535 {uadit
423 2475 460 2501 ad
484 2483 516 2501 ea
540 2482 611 2508 quae
629 2474 758 2508 leguntur
783 2473 814 2500 in
836 2472 912 2500 Orat.
933 2472 975 2499 ΙΙ.
999 2471 1030 2498 in
1055 2469 1151 2498 Catili-

180 2516 243 2534 nam
262 2517 281 2534 e.
320 2530 324 2534 ,

2093 177 2158 209 684

1495 273 1558 304 EX
1586 273 1719 305 DEUT.
1744 271 1860 303 XXII.

1275 360 1302 392 1.
1334 360 1405 392 Non
1433 360 1550 392 videbis
1579 359 1680 390 bovem
1705 358 1820 398 fratris
1851 357 1898 388 tui
1932 359 1986 387 aut
2008 357 2156 396 pecudem

1187 406 1334 442 errantes,
1357 406 1384 434 et
1401 403 1563 434 abscondes
1585 404 1611 433 te
1634 402 1672 434 ab
1694 402 1753 433 eis:
1781 400 1949 431 reducendo
1971 399 2094 431 reduces
2115 400 2158 432 ad

1185 446 1316 486 fratrem
1337 449 1432 477 tuum.
1463 447 1492 478 2.
1507 445 1616 477 Etiam
1637 446 1666 476 si
1689 454 1748 475 non
1758 443 1854 483 fuerit
1874 443 1972 482 frater
1994 445 2067 474 tuus
2084 452 2158 482 pro-

1182 489 1324 529 pinquus
1356 488 1427 526 tibi,
1459 499 1555 528 neque
1577 487 1699 519 noveris
1722 496 1799 524 eum,
1823 486 1944 526 colliqes
1966 488 2067 517 tamen
2088 485 2159 517 illos

1188 532 1223 562 in
1252 532 1376 563 domum
1398 535 1492 570 tuam,
1516 535 1541 563 et
1564 534 1652 562 erunt
1673 533 1769 561 tecum
1791 529 1882 561 donec
1903 529 2041 568 requirat
2061 528 2160 568 frater

1189 577 1262 606 tuus
1291 577 1325 606 ut
1347 575 1495 606 restituas
1519 575 1556 605 ei.
1599 574 1626 605 3.
1654 573 1706 604 Sic
1728 572 1828 612 factes
1849 572 1886 604 de
1908 571 1999 604 asino
2017 571 2093 610 eius,
2116 571 2161 603 sic

1187 617 1287 657 facies
1303 618 1340 649 de
1362 619 1537 649 vestimento
1559 618 1635 655 eius,
1658 617 1703 647 sic
1713 616 1813 655 facies
1834 615 1870 646 de
1888 614 1972 646 omni
1989 624 2023 645 re
2041 613 2162 646 amissa

1188 660 1303 700 fratris
1331 661 1377 691 tui
1407 670 1485 699 quae
1510 660 1640 699 perierit
1669 659 1707 690 ab
1738 658 1820 698 ipso:
1851 658 1880 689 si
1905 657 2060 689 inveneris
2083 666 2160 695 eam,

1190 712 1250 734 non
1273 702 1436 735 occultabis
1459 706 1493 734 te.

1478 847 1543 879 EX
1566 845 1716 877 EXODI
1738 845 1873 877 XXIII.

1276 933 1305 964 4.
1328 933 1364 964 Si
1383 934 1551 964 occurreris
1569 933 1634 963 bovi
1654 932 1776 963 inimici
1798 932 1853 970 tui,
1875 934 1902 963 et
1924 931 2015 963 asino
2037 931 2105 963 eius
2119 941 2165 962 er-

1193 977 1286 1014 ranti,
1309 976 1477 1008 reducendo
1499 976 1625 1007 reduces
1647 975 1689 1006 ad
1710 975 1809 1006 illum.

1278 1061 1384 1092 Exodi
1413 1061 1463 1097 23,
1491 1061 1519 1092 4.
1571 1061 1608 1092 Si
1636 1062 1814 1092 occurreris.
1869 1061 1920 1091 Ex
1954 1060 2006 1092 his
2039 1060 2165 1092 duobus

1194 1105 1270 1136 locis
1300 1105 1378 1135 satis
1409 1110 1512 1143 patet,
1545 1104 1598 1143 qui
1627 1115 1646 1135 a
1673 1104 1829 1135 maleficio
1858 1104 2069 1140 abstinuerit,
2099 1113 2165 1134 non

1194 1147 1343 1187 protinus
1373 1157 1479 1178 coram
1510 1146 1580 1178 Deo
1609 1147 1788 1178 immunem
1818 1157 1888 1178 esse
1915 1157 1933 1177 a
1959 1146 2070 1187 culpa,
2102 1146 2165 1178 nisi

1194 1191 1291 1221 etiam
1322 1190 1471 1230 prodesse
1502 1190 1639 1221 studeat.
1687 1189 1723 1221 Si
1751 1190 1838 1221 enim
1861 1199 1958 1221 curae
1981 1189 2074 1221 nobis
2096 1199 2167 1221 esse

1195 1233 1288 1264 debet
1321 1234 1458 1264 fratrum
1490 1233 1612 1264 utilitas
1642 1237 1679 1264 ut
1709 1233 1796 1264 ultro
1823 1233 1968 1272 citroque
1996 1232 2096 1264 simus
2127 1231 2168 1263 ad

1195 1275 1420 1307 auxiliandum
1450 1275 1614 1315 propensi,
1638 1275 1743 1315 quoad
1765 1275 1901 1307 facultas
1924 1280 1957 1306 et
1979 1274 2168 1315 opportuni-

1196 1324 1246 1350 tas
1284 1319 1374 1350 feret.
1426 1319 1516 1349 Haec
1551 1329 1646 1358 porro
1681 1318 1830 1350 doctrina
1861 1318 1955 1349 valde
1985 1318 2169 1350 necessaria

1196 1366 1260 1394 est:
1291 1362 1366 1401 quia
1396 1361 1474 1392 dum
1503 1362 1636 1401 quisque
1666 1361 1705 1392 ad
1734 1371 1785 1392 res
1815 1372 1890 1392 suas
1913 1361 2074 1392 curandas
2096 1360 2170 1400 plus

1196 1415 1296 1445 aequo
1330 1411 1379 1436 est
1412 1410 1574 1441 attentus,
1609 1405 1648 1436 ab
1679 1404 1751 1436 aliis
1786 1403 1937 1435 iuvandis
1966 1414 2001 1435 se
2032 1404 2170 1435 libenter

1196 1446 1354 1479 subducit.
1400 1448 1489 1479 Deus
1513 1452 1622 1479 autem
1645 1447 1725 1478 furti
1747 1457 1838 1478 reum
1857 1447 1933 1478 facit
1956 1447 2010 1487 qui
2033 1457 2092 1478 sua
2114 1456 2170 1477 ne-

1198 1491 1355 1531 gligentia
1394 1490 1547 1521 damnum
1588 1490 1737 1521 intulerit
1775 1490 1948 1530 proximis:
1978 1494 2011 1521 et
2043 1489 2170 1526 merito,

1198 1534 1272 1574 quia
1303 1533 1433 1564 nonnisi
1464 1544 1520 1573 per
1552 1544 1624 1565 eum
1656 1533 1748 1564 stetit
1777 1533 1856 1573 quin
1883 1532 1977 1564 salva
1999 1543 2050 1563 res
2074 1537 2169 1569 esset,

1199 1587 1294 1616 quam
1325 1577 1429 1608 sciens
1460 1584 1489 1607 et
1522 1577 1635 1607 volens
1665 1576 1770 1616 perire
1801 1575 1889 1607 sinit.
1941 1575 1993 1607 Ad
2022 1575 2171 1606 inimicos

1199 1625 1307 1650 autem
1337 1619 1522 1650 extenditur
1552 1620 1612 1650 hoc
1645 1619 1803 1650 officium:
1837 1629 1900 1659 quo
1933 1619 2042 1650 minus
2074 1628 2172 1649 excu-

1199 1663 1309 1694 sabilis
1331 1668 1380 1693 est
1411 1663 1650 1700 inhumanitas,
1684 1662 1712 1693 si
1735 1662 1846 1693 amicis
1881 1671 1947 1692 non
1980 1666 2171 1701 praestetur.

1200 1706 1338 1737 Summa
1366 1706 1465 1746 igitur
1488 1711 1549 1742 est,
1577 1711 1613 1736 ut
1642 1705 1775 1736 benefici
1802 1706 1868 1736 sint
1890 1704 2010 1741 fideles,
2034 1714 2095 1744 quo
2117 1714 2171 1743 pa-

1199 1754 1282 1780 trem
1316 1759 1411 1780 suum
1439 1748 1609 1780 coelestem
1632 1748 1818 1779 imitentur:
1843 1758 1902 1779 nec
1924 1757 2055 1788 operam
2078 1746 2173 1778 modo

1201 1802 1293 1823 suam
1312 1791 1405 1822 bonis
1429 1791 1482 1831 qui
1506 1791 1594 1831 digni
1619 1796 1697 1822 sunt
1718 1790 1919 1831 impendant,
1944 1790 2000 1822 sed
2022 1789 2173 1830 indignos

1201 1845 1326 1875 quoque
1369 1834 1532 1865 beneficiis
1565 1839 1811 1874 prosequantur.
1867 1833 1938 1864 Iam
1971 1833 2048 1873 quia
2080 1831 2175 1863 multi

1201 1877 1439 1917 tergiversandi
1468 1877 1590 1908 colores
1618 1878 1697 1918 fingi
1722 1881 1880 1916 poterant,
1905 1877 2044 1908 occurrit
2076 1876 2175 1914 Deus,

1202 1926 1234 1952 et
1264 1920 1384 1951 animal
1408 1919 1549 1950 hominis
1579 1920 1736 1960 incogniti
1766 1919 1890 1951 servari
1920 1919 2010 1950 iubet
2032 1918 2133 1949 donec
2156 1927 2175 1948 a

1203 1974 1261 1995 suo
1294 1962 1422 1994 domino
1444 1970 1632 2002 quaeratur:
1664 1963 1751 1994 idem
1782 1964 1832 1993 ius
1861 1961 1900 1993 de
1930 1961 2002 1993 aliis
2024 1960 2175 1992 omnibus

1202 2007 1328 2038 amissis
1352 2005 1446 2037 rebus
1469 2006 1591 2037 statuit.

1528 2152 1592 2183 EX
1615 2150 1789 2184 NUMER.
1816 2150 1855 2181 V.

1293 2238 1321 2268 5.
1346 2237 1559 2276 Loquutusest
1573 2237 1685 2268 Ielzova
1697 2237 1738 2268 ad
1752 2235 1868 2273 Mosen,
1880 2235 2021 2267 dicendo:
2046 2235 2075 2265 6.
2090 2234 2177 2266 Allo-

1206 2291 1296 2320 quere
1324 2280 1406 2318 filios
1431 2281 1548 2311 Israel:
1580 2280 1636 2311 Vir
1658 2280 1722 2311 sive
1741 2278 1854 2310 mulier
1875 2288 1970 2317 quum
1992 2277 2118 2317 fecerint
2140 2287 2178 2308 ex

1207 2323 1347 2354 omnibus
1374 2324 1505 2363 peccatis
1534 2323 1700 2360 hominum,
1731 2321 1983 2362 transgrediendo
2005 2323 2176 2360 transyres-

1205 2367 1290 2397 sione
1321 2366 1354 2396 in
1379 2365 1531 2403 Ielzovam,
1560 2369 1586 2397 et
1609 2365 1771 2405 deliquerit
1795 2365 1904 2395 anima
1926 2363 2001 2395 illa.-
2032 2363 2059 2394 7.
2086 2362 2177 2394 Fate-

1205 2408 1319 2439 buntur
1338 2411 1498 2447 peccatum
1527 2419 1619 2439 suum
1646 2408 1726 2448 quod
1752 2407 1903 2447 fecerunt:
1925 2409 1951 2438 et
1970 2407 2105 2437 restituet
2127 2405 2177 2436 de-

1205 2452 1312 2482 lictum
1340 2460 1432 2482 suum
1463 2452 1494 2481 in
1523 2452 1665 2489 solidum,
1689 2454 1716 2482 et
1733 2451 1872 2490 quintam
1896 2450 1963 2481 eius
1979 2452 2103 2488 partem
2126 2458 2178 2480 su-

1201 2494 1362 2534 peraddet,
1385 2493 1526 2534 dabitque
1549 2495 1577 2525 ei
1599 2495 1633 2525 in
1656 2504 1746 2534 quern
1764 2493 1943 2532 peccaverit.

1294 2580 1322 2610 5.
1351 2579 1509 2617 Loquutus
1538 2582 1588 2609 est.
1635 2579 1830 2619 Quanquam
1861 2578 1991 2609 videtur
2017 2577 2178 2617 principio

1209 2622 1326 2654 delicta
1356 2621 1465 2652 omnia
1492 2621 1782 2662 comprehendere,
1813 2632 1853 2652 cx
1884 2624 2039 2652 contextu
2066 2625 2178 2651 tamen
