2304 3034
217 203 281 235 535

211 297 319 328 ‘frixas
343 297 372 327 iu
398 295 482 330 oleo,
512 294 630 334 lagana
660 293 730 325 oleo
754 293 893 331 condita,
916 297 947 324 et
970 293 1188 334 similaginem

218 340 336 370 frixam
361 338 485 373 offerri,
515 347 630 377 panem
662 348 738 367 vcro
762 337 1010 368 fermentatum:
1041 337 1111 377 ipso
1135 337 1189 368 de-

219 381 294 412 inde
324 380 495 411 oblationis
530 379 579 410 dic
613 379 701 409 iubet
735 389 865 410 carnem
902 379 1026 410 hostiae
1057 380 1187 418 comedi,

219 435 260 454 ne
299 422 373 462 quid
416 422 574 461 reliquum
617 423 681 453 fiat.
739 422 778 452 In
817 422 900 453 votis
936 426 967 452 et
1001 423 1187 461 spontaneis

218 465 383 497 sacrificiis
424 466 526 495 maior
568 464 755 496 conceditur
796 464 950 502 libertas,
992 472 1028 494 ut
1069 465 1189 497 scilicet

218 507 371 548 postridie
395 508 538 547 reliquiis
563 515 744 544 vescantur,
770 508 863 538 modo
888 518 927 538 nc
951 507 1025 547 quid
1058 514 1188 539 servent

218 561 318 590 usque
342 550 380 581 ad
406 551 537 581 tertium
561 549 656 581 diem.
703 550 741 581 Iu
771 550 840 581 loco
870 561 964 590 quem
996 550 1117 581 inserui
1148 562 1187 582 ex

217 594 258 624 22
282 603 354 633 cap.
379 593 431 624 ubi
459 593 554 624 verti:
586 593 625 624 In
650 593 903 633 acceptationem
934 593 1049 630 vestri,
1080 599 1187 633 posset

218 637 314 666 etiam
346 636 449 666 reddi:
484 635 523 666 In
553 635 808 674 beneplacitum:
842 643 904 684 ῙῚΒἾ
937 637 1023 666 enim
1055 641 1187 668 vocatur

218 679 379 719 gratuitus
404 678 465 708 Dei
489 678 588 710 favor.
636 678 750 718 Itaque
775 689 890 710 sensus
914 684 971 716 est,
995 679 1020 708 si
1041 678 1111 710 Deo
1135 690 1186 710 ac-

219 728 347 761 ceptum
373 732 442 751 esse
467 721 566 752 vultis
591 721 793 757 sacrificium,
819 722 924 752 videte
949 732 988 752 ne
1012 721 1089 761 quid
1112 722 1185 753 reli-

217 775 316 803 quum
343 768 472 794 maneat
494 774 533 794 ex
554 773 649 795 earne
666 764 697 794 in
720 770 883 803 posterum
905 764 999 795 diem.
1025 764 1090 795 Alii
1110 776 1186 796 vero

219 807 256 837 dc
279 806 445 837 hominum
478 806 679 846 beneplacito
708 807 911 847 intelligunt,
943 818 979 838 ac
1006 807 1033 838 si
1065 807 1185 839 dictum

218 856 311 887 esset,
335 855 447 888 sponte
473 854 588 885 vestra,
625 850 673 880 vel
699 855 794 890 prout
817 850 958 881 libuerit.
1010 850 1054 880 Et
1085 850 1187 882 fateor

219 903 327 923 vocem
343 899 404 937 ῑἾὶξἾ
430 903 465 922 eo
478 902 574 923 sensu
596 892 759 923 interdum
784 893 885 923 sumi:
905 892 960 924 sed
980 892 1055 932 quia
1074 893 1185 924 eodem

218 935 321 975 capite
346 945 408 965 uon
434 935 529 965 aliter
552 941 655 975 potest
679 935 780 975 accipi
811 946 907 975 quam
932 946 989 976 pro
1012 936 1073 966 Dei
1097 936 1184 967 favo-

217 988 260 1014 re,
286 977 336 1008 vel
360 978 589 1017 acceptatione,
611 978 802 1009 varietatem
822 979 933 1019 fugere
953 978 1057 1010 volui:
1082 989 1186 1019 neque

217 1025 322 1051 tamen
348 1031 511 1060 repugno,
536 1021 560 1051 si
585 1021 636 1052 cui
660 1021 790 1052 diversa
814 1021 908 1052 lectio
928 1022 1031 1062 magis
1051 1021 1185 1061 placeat.

218 1063 352 1101 [Verum
369 1062 389 1104 ¹)
403 1064 427 1093 si
442 1063 618 1094 antithesin
633 1064 818 1104 expeudant
832 1064 976 1102 lectores,
995 1075 1093 1104 quum
1109 1075 1186 1096 mox

216 1105 360 1136 additur:
402 1106 438 1137 Si
463 1116 536 1137 caro
560 1106 645 1137 ultra
669 1107 788 1138 iustum
815 1114 943 1146 tempus
967 1107 1095 1138 residua
1118 1118 1185 1138 ma-

216 1154 300 1186 neat,
327 1159 388 1179 nou
414 1149 606 1188 placiturum
621 1149 691 1180 Deo
714 1150 919 1186 sacrificium,
945 1150 1025 1180 mihi
1050 1150 1186 1182 subscri-

216 1191 316 1229 bent].
358 1193 506 1232 Apparet
530 1192 657 1231 quidem
682 1193 714 1223 in
740 1203 777 1223 ea
796 1193 1032 1233 repugnantiae
1056 1194 1186 1233 species,

215 1235 291 1274 quia
311 1235 371 1265 hoc
391 1234 484 1265 modo
502 1235 610 1266 Moses
635 1235 829 1266 sacrificium
854 1236 1072 1266 voluntarium
1098 1236 1184 1268 iube-

214 1283 264 1307 ret
290 1276 400 1308 eodem
423 1277 473 1308 die
493 1278 625 1309 comedit
669 1278 775 1317 [Quod
797 1283 903 1309 tamen
932 1289 997 1309 non
1024 1279 1128 1316 facit],
1159 1279 1185 1310 si

217 1320 255 1350 de
280 1320 403 1351 liberali
428 1320 597 1351 hominum
622 1321 739 1352 affectu
763 1322 907 1361 accipere
938 1322 1049 1361 libeat,
1081 1322 1187 1353 horta-

216 1363 303 1394 bitur
326 1363 481 1403 populum
509 1369 543 1394 ut
563 1363 715 1405 hilariter·
735 1364 885 1396 victimas
905 1375 979 1396 suas
997 1365 1111 1396 offerat
1128 1375 1186 1405 pro

215 1406 395 1446 gratiarum
436 1407 570 1438 actione.
629 1406 715 1445 Quid
758 1411 864 1438 tamen
906 1407 988 1438 mihi
1022 1408 1184 1448 probetur,

213 1449 357 1480 ostendi:
399 1459 434 1480 ac
476 1455 555 1480 tunc
595 1460 720 1489 quoquo
760 1450 863 1481 facilis
898 1450 960 1481 crit
994 1451 1184 1482 conciliatio.

215 1491 340 1532 [Neque
359 1492 446 1522 enim
468 1491 531 1523 Dei
555 1491 791 1532 beneplacitum
818 1493 1044 1533 aequalitatem
1067 1494 1183 1535 exigit:

214 1545 318 1574 neque
342 1540 377 1565 ut
400 1536 482 1575 grati
506 1536 581 1573 sint,
605 1535 744 1566 eundem
769 1536 900 1567 modum
921 1540 1031 1567 tencre
1055 1547 1185 1568 necesse

213 1582 270 1609 est.
317 1577 440 1608 Verum
466 1578 498 1608 iu
523 1579 776 1618 acceptationem
801 1579 850 1609 sui
882 1579 998 1610 offerre
1023 1579 1183 1617 dicuntur,

214 1620 267 1651 ubi
288 1620 366 1651 nihil
387 1621 458 1651 vitii
479 1620 673 1652 admiscent:
698 1621 753 1652 sed
777 1632 858 1661 pure
881 1627 912 1652 et
936 1622 997 1653 rite
1021 1622 1184 1660 offerunt}

212 1663 284 1694 Iam
304 1664 330 1694 si
351 1674 448 1694 causa
467 1663 664 1695 discriminis
688 1665 866 1704 quaeritur,
890 1665 972 1695 mihi
995 1675 1061 1695 non
1082 1666 1185 1706 magis

213 1706 328 1746 liquet,
364 1717 460 1746 quam
486 1707 652 1738 varietatis
683 1707 768 1738 inter
792 1717 910 1747 panem
934 1713 966 1739 et
996 1707 1112 1748 lagana
1135 1708 1185 1739 vel

212 1749 390 1789 placentas.
438 1749 571 1780 Certum
596 1749 724 1790 quidem
750 1754 806 1788 est,
841 1751 911 1782 Deo
935 1751 1033 1782 fuisse
1057 1761 1183 1782 causam

213 1803 272 1823 cur
296 1793 461 1823 remissius
486 1793 535 1823 vel
560 1793 704 1824 strictius
733 1799 858 1833 ageret:
888 1804 1004 1825 verum
1027 1794 1184 1825 curiosius

213 1834 308 1866 hodie
332 1835 496 1875 inquirere
519 1836 556 1866 de
581 1835 677 1867 rebus
700 1836 883 1877 incognitis,
907 1843 939 1867 et
957 1847 1038 1876 quae
1058 1836 1097 1867 ad
1117 1836 1184 1876 pie-

214 1883 314 1908 tatem
345 1878 428 1909 nihil
459 1878 661 1916 conducunt,
695 1890 800 1919 neque
831 1885 956 1911 rectum
985 1884 1048 1916 est,
1081 1890 1184 1919 neque

212 1920 351 1961 expedit.

303 1964 351 1995 16.
380 1964 467 2003 Quod
489 1965 518 1995 si
541 1967 650 1995 votum.
682 1964 785 1995 Paulo
805 1969 879 1995 anto
899 1964 1051 1996 admonui
1072 1969 1183 1995 votum

214 2007 264 2038 hic
289 2007 427 2047 intelligi
451 2017 517 2037 non
541 2007 772 2045 conditionale,
802 2007 857 2038 sed
881 2007 1036 2047 simplex:
1059 2008 1133 2047 quia
1156 2008 1182 2038 si

213 2050 284 2089 quis
309 2050 376 2080 voti
401 2050 575 2080 damnatus
599 2054 698 2086 esset,
733 2051 910 2090 gratiarum
935 2051 1094 2081 actionem
1119 2050 1181 2081 sol-

213 2092 317 2123 vebat.
363 2093 415 2123 Ita
440 2092 594 2123 eiusmodi
627 2093 820 2124 sacrificium
852 2094 911 2124 sub
941 2094 1045 2131 prima
1075 2094 1181 2134 specie

211 2135 481 2175 comprehensum
506 2142 598 2167 esset.
656 2136 691 2166 Id
723 2146 800 2166 vero
824 2136 1022 2166 absurditate
1046 2147 1107 2166 non
1132 2145 1181 2166 ca-

212 2184 312 2216 reret,
344 2190 394 2209 res
419 2178 542 2210 similes
567 2179 650 2209 inter
674 2189 706 2209 sc
731 2179 887 2219 distingui
912 2179 1002 2219 quasi
1027 2179 1179 2209 diversas.

210 2222 333 2252 Verum
367 2222 441 2261 quia
477 2221 570 2252 multi
605 2222 747 2261 gratuito
784 2221 954 2258 vovebant,
991 2222 1048 2252 hoc
1079 2232 1180 2262 genus

210 2264 358 2295 sacrificii
393 2271 571 2304 spontaneo
606 2265 772 2305 coniungit
806 2265 930 2301 Moses,
976 2269 1012 2295 ut
1049 2264 1114 2295 sint
1147 2264 1179 2294 in

210 2308 321 2338 eodem
345 2307 467 2338 ordine.
520 2307 652 2337 Dictum
683 2308 777 2337 etiam
813 2307 873 2337 fuit
896 2317 1010 2338 earnes
1040 2312 1180 2338 sacratas

212 2350 334 2380 diutius
347 2360 410 2380 non
426 2351 523 2381 fuisso
537 2358 692 2387 servatas,
718 2361 756 2380 ue
779 2350 805 2380 si
830 2350 980 2380 rancidae
1002 2355 1110 2380 essent
1130 2349 1178 2379 vel

212 2394 421 2432 putrefactae.
448 2393 618 2423 vilesceret
643 2393 764 2433 religio.
797 2393 896 2424 Forte
920 2393 1016 2423 ctiam
1037 2398 1180 2423 correcta

211 2435 273 2465 fuit
297 2436 443 2466 ambitio:
470 2436 544 2476 quia
568 2436 592 2466 si
619 2436 811 2475 permissum
838 2436 950 2466 fuisset
973 2445 1085 2465 carnes
1115 2434 1179 2465 sale

212 2487 390 2509 maceratas
425 2478 603 2515 comedere,
634 2479 724 2509 multi
758 2489 790 2508 se
815 2482 1034 2509 ostentassent
1061 2478 1180 2516 absque

212 2520 389 2560 dispendio.
438 2522 602 2552 Fraenum
628 2532 704 2561 ergo
729 2521 839 2552 iniecit
866 2521 962 2557 Deus,
988 2525 1023 2551 ut
1052 2521 1179 2560 parcius

213 2570 239 2592 ct
279 2565 480 2595 reverentius
505 2564 661 2595 sacrificia
690 2575 748 2595 sua
779 2564 942 2594 offerrent.
986 2563 1096 2594 Poena
1125 2562 1180 2593 ad-

302 2657 327 2688 l)
349 2658 423 2689 (guae
443 2659 517 2684 uncz'x
538 2657 701 2684 incendimus
721 2658 753 2683 ab
773 2657 811 2682 ccl.
830 2656 954 2690 principe
973 2657 1077 2681 absunt.

919 198 1173 233 SECUNDUM
1195 201 1516 234 PRAEOEPTUM.

2147 203 2210 235 536

1242 295 1345 334 ditur,
1375 301 1505 337 gratum
1532 308 1596 328 non
1616 297 1683 328 fore
1703 297 1895 328 sacrificinm
1916 297 2002 335 Deo,
2027 297 2081 328 sed
2102 298 2209 338 potius

1241 338 1472 371 abominabile:
1504 340 1579 371 indo
1609 350 1680 371 reos
1705 341 1769 370 fore
1795 340 1978 379 quicunque
2001 340 2208 373 comederint.

1241 381 1344 413 Porro
1379 393 1479 422 quum
1514 383 1590 414 dicit
1625 383 1752 420 Moses,
1793 393 1857 413 nou
1897 382 2052 422 imputari
2084 384 2209 424 polluta

1240 425 1413 462 sacrificia,
1444 425 1518 456 iude
1548 425 1765 465 colligendum
1791 429 1849 462 est,
1878 435 1959 465 quae
1982 425 2044 456 rite
2067 426 2207 457 offerun-

1241 472 1294 497 tur
1324 468 1436 499 venire
1470 469 1502 499 in
1538 469 1695 499 rationem
1730 478 1837 498 coram
1871 467 1955 506 Deo,
1990 473 2025 499 ut
2055 472 2208 508 tanquam

1240 510 1325 541 inter
1348 521 1398 541 res
1422 511 1481 542 sibi
1505 522 1664 551 expensas
1688 511 1816 541 reserat.
1863 511 1973 550 Neque
2006 517 2112 542 tamen
2142 522 2209 543 me-

1240 552 1303 583 rita
1345 554 1517 594 imaginari
1552 554 1704 585 convenit
1739 563 1818 593 quae
1853 553 1957 593 ipsum
1994 554 2208 595 obstringant,

1240 595 1294 625 sed
1326 596 1401 635 quia
1431 603 1495 627 tam
1528 596 1704 627 liberaliter
1735 596 1901 627 nobiscum
1926 606 2022 637 agere
2046 596 2208 637 dignatur,

1240 642 1274 668 ut
1309 639 1434 670 nullum
1458 640 1541 679 quod
1566 640 1593 671 ei
1618 643 1819 680 praestamus
1850 639 1990 670 officium
2018 640 2061 670 sit
2083 640 2207 672 inutile.

1554 785 1619 816 EX
1642 784 1792 815 LEVIT.
1817 783 1889 815 VII.

1325 869 1373 900 19.
1404 869 1446 900 Et
1474 880 1545 900 caro
1575 880 1653 908 quae
1680 871 1840 910 contiqerit
1873 869 1971 901 ullum
2004 870 2208 908 immundum,

1238 922 1298 943 non
1320 913 1504 949 comedetur,
1533 913 1586 943 scd
1616 914 1682 952 iqui
1712 912 1919 944 comburetur:
1953 915 1985 943 at
2006 922 2114 943 carnes
2135 912 2208 944 illas

1239 955 1340 985 omnis
1362 955 1498 986 mundus
1520 956 1658 986 comedet.
1703 955 1754 986 20.
1782 955 1867 987 Nam
1890 956 1998 986 anima
2020 965 2099 994 quae
2115 965 2207 987 come-

1238 998 1318 1028 derit
1344 1008 1452 1029 carnes
1481 998 1516 1028 dc
1549 998 1703 1037 sacrificio
1719 999 1966 1038 prosperitatum
1988 998 2068 1037 quod
2090 1000 2134 1029 est
2157 998 2207 1030 Ie-

1238 1040 1345 1077 liooae,
1376 1043 1404 1071 et
1434 1041 1636 1072 immunditia
1665 1042 1731 1072 eius
1752 1041 1848 1079 fuerit
1876 1051 1970 1081 super
1991 1042 2109 1080 ipsum,
2136 1043 2208 1073 tunc

1238 1083 1392 1114 excidetur
1415 1085 1524 1114 anima
1546 1084 1602 1115 illa
1624 1094 1638 1114 e
1656 1084 1785 1123 populis
1807 1085 1883 1115 suis.
1921 1084 1972 1115 21.
1997 1084 2117 1115 Anima
2134 1084 2208 1115 item

1238 1136 1331 1166 quum
1359 1127 1489 1166 tetiqerit
1518 1127 1688 1165 quidquam
1719 1127 1922 1164 immundum,
1952 1137 2060 1166 nempe
2082 1126 2118 1158 de
2147 1127 2207 1158 im-

1237 1169 1392 1200 munditia
1409 1169 1554 1207 hominis,
1577 1172 1629 1200 [citt
1653 1170 1774 1201 animal
1795 1170 2007 1207 immundum,
2042 1172 2096 1200 aut
2119 1179 2207 1201 omne

1237 1212 1344 1251 reptile
1366 1212 1570 1247 immundum,
1593 1213 1811 1251 comecleritque
1833 1213 1869 1243 de
1890 1212 2036 1244 carnibus
2057 1212 2208 1252 sacrificii

1232 1255 1486 1293 prosperitatum,
1509 1255 1587 1294 quod
1610 1255 1804 1292 estleliovae,
1829 1259 1899 1287 tunc
1921 1256 2077 1287 excidetur
2099 1256 2207 1286 anima

1238 1297 1295 1328 illa
1317 1308 1332 1327 e
1349 1298 1476 1337 popul-is
1499 1299 1574 1329 suis.
1620 1298 1669 1328 22.
1696 1298 1857 1337 Loquutus
1885 1301 1930 1330 est
1959 1301 2060 1329 autem
2090 1298 2206 1329 leliova

1238 1340 1279 1370 ad
1303 1339 1427 1378 Mosen,
1457 1341 1599 1372 dicendo:
1648 1340 1697 1371 23.
1728 1341 1892 1380 Alloquere
1917 1342 2000 1380 filios
2026 1341 2130 1372 Israel
2156 1341 2206 1372 di-

1238 1383 1344 1414 cenclo:
1370 1383 1494 1414 Omnem
1517 1384 1641 1422 adipem
1663 1384 1755 1421 bovis,
1786 1388 1814 1415 et
1837 1385 1918 1424 (tyrii,
1948 1387 1975 1416 et
1996 1394 2119 1422 caprae,
2145 1394 2207 1415 non

1237 1426 1404 1457 comedetis.
1464 1426 1513 1457 24.
1549 1427 1656 1466 Adeps
1688 1427 1810 1466 quidem
1842 1428 2017 1463 cadaveris,
2056 1429 2083 1457 et
2112 1427 2207 1466 adeps

1237 1469 1321 1507 rapti
1337 1468 1504 1508 parabitur
1526 1470 1559 1500 iu
1582 1480 1667 1500 omne
1690 1480 1774 1509 opus,
1805 1470 1858 1501 secl
1880 1470 2058 1502 comedendo
2080 1480 2140 1501 non
2162 1479 2205 1501 co-

1238 1511 1363 1542 medetis
1384 1511 1482 1543 illum.
1529 1512 1579 1543 25.
1600 1513 1685 1543 Nam
1704 1514 1878 1552 quicunque
1899 1513 2060 1545 comederit
2082 1513 2206 1553 adipem

1238 1554 1386 1585 animalis
1417 1565 1454 1585 ex
1484 1565 1543 1594 quo
1572 1556 1675 1594 offeret
1706 1556 1885 1587 oblationem
1907 1557 2037 1595 tonitam
2060 1555 2207 1587 Iehovae:

1237 1599 1306 1628 tunc
1328 1597 1434 1628 anima
1456 1608 1534 1637 quae
1554 1599 1713 1629 comederit
1732 1599 1887 1630 excidetur
1907 1610 1922 1630 e
1940 1598 2067 1639 populis
2085 1599 2161 1630 suis.

1494 1740 1555 1771 EX
1581 1740 1744 1772 EODEM
1768 1742 1944 1773 CAPITE.

1323 1809 1372 1840 28.
1398 1809 1559 1848 Loquutus
1590 1812 1632 1840 est
1655 1811 1781 1849 insuper
1805 1811 1919 1842 Ielzova
1942 1812 1983 1843 acl
2008 1812 2130 1851 Mosen,
2159 1813 2205 1844 di-

1237 1852 1344 1883 cendo:
1388 1852 1437 1883 29.
1466 1852 1603 1891 Loquere
1624 1853 1666 1883 ad
1686 1853 1768 1891 filios
1791 1854 1907 1893 Israel,
1937 1855 2079 1886 dicendo.-
2127 1855 2205 1895 Offe-

1236 1904 1307 1925 rens
1328 1895 1516 1933 sacrificium
1533 1896 1777 1934 prosperitatum
1805 1907 1937 1928 suarum
1961 1897 2103 1935 Iehovae,
2133 1900 2206 1938 affe-

1235 1940 1279 1967 ret
1303 1936 1483 1968 oblationem
1513 1948 1603 1968 suam
1628 1938 1757 1969 Ielzovae
1779 1939 1814 1969 de
1837 1940 1938 1970 liostia
1961 1941 2205 1979 prosperitatum

1235 1990 1373 2010 suarum.
1420 1980 1468 2010 30.
1495 1980 1615 2011 Manus
1642 1982 1709 2012 eius
1739 1983 1866 2020 afferent
1895 1983 2060 2014 oblationes
2089 1984 2206 2023 iynitas

1236 2022 1381 2057 Ieliovae,
1415 2023 1538 2062 adipem
1568 2033 1636 2053 cum
1659 2025 1832 2062 pectusculo
1853 2026 1966 2064 afferet,
1991 2026 2205 2064 pectusculum

1234 2065 1356 2104 quidem
1378 2065 1418 2095 ad
1441 2066 1622 2106 ayitandum
1650 2067 1730 2097 illud
1759 2068 1926 2107 ayitatione
1954 2078 2057 2099 coram
2080 2068 2202 2100 Ieliova.

1234 2108 1283 2138 31.
1308 2108 1450 2139 Adocebit
1471 2119 1539 2139 vcro
1561 2109 1704 2139 sacerdos
1728 2110 1850 2148 adipem
1871 2121 1965 2149 super
1987 2111 2094 2142 altare.

1490 2253 1554 2283 EX
1580 2252 1742 2283 EODEM
1767 2254 1942 2284 OAPITE.

1318 2321 1368 2352 37.
1395 2321 1480 2352 Haec
1501 2323 1543 2351 est
1566 2321 1614 2351 lac
1636 2321 1814 2359 holocausti,
1839 2321 1972 2358 vitulum,
2004 2325 2031 2353 ct
2052 2324 2203 2362 sacrificii

1227 2375 1288 2405 pro
1305 2366 1435 2403 peccato,
1458 2366 1483 2394 et
1506 2364 1655 2402 sacrificii
1672 2374 1733 2402 pro
1756 2364 1869 2402 delicto7
1892 2367 1917 2395 et
1936 2367 2204 2405 consecrationum,

1233 2410 1259 2438 et
1286 2407 1435 2446 sacrificii
1458 2407 1717 2445 prosperitatum:
1761 2407 1810 2438 38.
1839 2410 1938 2446 Quam
1960 2409 2120 2447 praecepit
2156 2410 2204 2440 Ie-

1233 2450 1309 2481 hova
1333 2449 1417 2480 Masi·
1438 2449 1472 2479 ‘in
1494 2452 1591 2479 monte
1616 2450 1716 2485 Sinai,
1740 2450 1790 2480 die
1810 2461 1867 2488 quo
1880 2451 2038 2490 praecepit
2055 2451 2135 2490 filiis
2154 2452 2202 2483 Is*

1233 2493 1298 2523 rael
1328 2495 1361 2523 ut
1389 2493 1530 2530 offerrent
1558 2491 1724 2523 oblationes
1752 2503 1829 2523 suas
1865 2493 1988 2525 [eliooae
2021 2494 2054 2524 in
2088 2494 2204 2525 deserto

1235 2536 1336 2566 Sinai.

1324 2603 1370 2633 19.
1396 2602 1437 2632 Et
1459 2612 1530 2633 caro
1553 2612 1630 2641 quac
1653 2603 1815 2642 contiycrit.
1842 2603 1939 2635 Nulla
1957 2604 2085 2644 quidem
2106 2616 2202 2636 carne

1235 2646 1359 2686 polluta
1384 2645 1498 2675 licebat
1520 2646 1612 2682 vesci,
1636 2645 1690 2675 sed
1716 2646 1746 2675 in
1769 2646 1934 2677 sacrificiis
1954 2647 2102 2687 specialis
2122 2648 2202 2679 ratio
