2304 3034
113 222 175 253 421

117 318 194 352 tare,
218 313 273 345 sed
293 315 326 345 in
345 325 438 346 suum
458 325 550 346 usum
569 313 668 345 dicari
687 312 835 352 oportuit,
860 316 895 342 ut
913 311 987 342 inde
1006 321 1075 351 pro-

117 357 200 388 diret
222 356 451 388 reconciliatio:
486 356 568 396 quod
591 354 811 387 sanctificandi
840 354 938 385 verbo
967 353 1073 393 expri-

116 400 227 430 mitur:
262 400 450 439 praesertim
485 398 560 438 quia
593 397 689 429 simul
722 396 865 428 additur:
911 396 1074 427 Sanctitas

115 442 322 474 sanctitatum
345 442 415 478 erit,
439 444 475 472 ut
496 440 672 471 sanctificet
695 438 848 479 quidquid
871 438 904 469 in
924 449 960 469 eo
979 438 1075 469 fuerit

117 485 304 525 repositum.
351 484 416 515 Alii
446 484 556 523 legunt
585 482 619 512 in
645 492 763 522 genere
786 481 978 512 masculino:
1010 480 1074 519 Qui

117 527 259 568 tetigerit
282 531 412 558 sanctus
435 526 508 556 erit:
533 535 569 556 ac
592 523 630 555 de
649 524 813 556 sacerdote
833 524 1003 563 accipiunt,
1023 523 1075 554 cui

116 570 187 601 iure
210 569 368 600 unctionis
391 567 505 599 licebat
528 566 567 597 ad
587 566 688 598 altare
707 566 871 598 accedere:
896 565 950 596 sed
970 566 1075 605 potius

116 611 320 644 commendat
343 610 452 641 altaris
475 610 747 640 consecrationem
772 609 810 640 ab
834 609 967 645 effectu,
1002 608 1076 648 quia

116 654 295 686 sanctificet
335 653 420 692 ipsas
466 651 597 683 hostias.
660 652 798 683 Summa
844 656 911 688 est,
959 661 1076 691 corpus

117 697 251 733 Christi,
274 700 431 735 quatenus
455 695 487 725 in
510 694 674 726 victimam
698 694 841 725 oblatum
864 694 931 730 fuit,
955 698 986 724 et
1005 703 1076 724 san-

117 740 212 780 guine
236 744 465 774 consecratum,
488 737 646 777 placuisse
666 737 747 768 Deo:
774 741 809 767 ut
827 736 897 767 eius
921 736 1076 767 sanctitas

117 781 226 813 sordes
246 784 371 811 nostras
389 789 500 811 omnes
519 779 627 811 abluat
646 785 677 810 et
695 779 827 810 aboleat.
862 779 912 809 De
926 779 1076 810 unctione

117 824 212 864 paulo
235 826 316 863 post.

409 991 473 1023 EX
498 991 647 1022 EXODI
669 990 783 1022 XXX.

202 1079 228 1109 l.
254 1077 364 1108 Facies
396 1079 422 1107 et
446 1076 543 1107 altare
565 1076 732 1114 suffimenti
757 1074 897 1114 suffitus,
926 1086 962 1106 er
984 1076 1078 1116 Ziynis

114 1122 210 1153 sittim
233 1120 331 1160 facies
359 1119 446 1150 illud.
492 1118 520 1149 2.
547 1118 673 1149 Cubitus
696 1118 850 1158 lonyitudo
872 1118 947 1155 eius,
976 1121 1003 1149 et
1025 1129 1077 1149 cu-

113 1164 194 1195 bitus
216 1162 344 1194 latitudo
367 1162 441 1197 eius,
464 1161 649 1200 quadratum
672 1161 742 1191 erit.-
764 1163 791 1191 et
809 1161 869 1191 duo
889 1160 981 1191 cubiti
1004 1161 1076 1192 alti-

112 1207 184 1238 tudo
208 1206 289 1236 eius:
322 1214 358 1235 cx
381 1204 447 1243 ipso
470 1214 584 1235 cornua
603 1204 679 1235 eius.
725 1203 752 1234 3.
780 1203 871 1243 Teyes
893 1203 971 1234 iliad
999 1214 1077 1234 auro

108 1259 198 1289 paro,
222 1250 328 1279 tectum
357 1247 425 1278 eius
453 1247 500 1278 vel
517 1247 654 1286 parietes
676 1246 744 1277 eius
760 1256 821 1285 per
843 1246 1020 1283 circuitum,
1051 1249 1077 1277 et

112 1301 227 1324 cornua
249 1291 331 1321 eius:
352 1289 506 1328 faciesque
528 1290 555 1320 ei
573 1299 714 1320 coronam
737 1298 865 1319 auream
883 1299 941 1328 per
963 1289 1075 1320 circui-

111 1337 185 1366 tum.
230 1334 259 1364 4.
290 1332 380 1363 Duos
412 1333 504 1363 etiam
529 1331 658 1362 annulos
680 1340 788 1362 aureos
809 1331 906 1370 facies
927 1331 954 1362 ei
990 1331 1075 1370 infra

112 1386 253 1408 coronam
285 1375 369 1411 eius,
403 1375 435 1405 in
467 1373 583 1405 duobus
617 1374 741 1414 anyulis
768 1374 849 1409 eins,
885 1374 916 1404 in
950 1376 1075 1413 utroque

114 1420 208 1451 latere
237 1418 317 1449 eius:
350 1419 376 1448 et
400 1427 460 1455 per
489 1417 559 1448 illos
588 1417 783 1448 traiicientar
810 1419 902 1447 vectes
925 1417 967 1448 ad
996 1416 1076 1447 illud

111 1471 180 1493 cum
211 1461 290 1500 ipsis
312 1460 509 1498 portandum.
563 1459 590 1490 5.
616 1458 727 1490 Facies
754 1461 854 1490 autem
884 1462 976 1490 vectes
1006 1459 1076 1490 illos

111 1515 150 1536 ecc
171 1504 266 1544 lignis
292 1502 397 1538 sittim,
420 1505 446 1533 et
468 1505 544 1542 teges
563 1512 612 1533 eos
635 1512 720 1532 auro.
766 1502 794 1532 6.
819 1501 862 1532 Et
878 1512 974 1541 pones
995 1501 1075 1532 illud

113 1549 182 1578 ante
210 1546 324 1583 velum,
359 1545 438 1584 quod
467 1545 524 1576 erit
554 1545 639 1575 iuxta
659 1554 764 1576 arcam
799 1545 979 1580 testimonii,
1007 1547 1076 1575 ante

107 1588 369 1630 propitiatorium,
391 1588 470 1627 quod
489 1587 546 1618 crit
568 1597 661 1626 super
682 1587 896 1625 testimonium,
930 1586 983 1618 ubi
1005 1597 1074 1618 con-

112 1632 232 1663 veniam
266 1633 368 1662 tecum.
421 1630 449 1661 7.
481 1630 524 1661 Et
551 1629 682 1661 adolebit
713 1639 808 1668 saper
836 1630 914 1661 illud
944 1629 1075 1661 Aliaron

111 1674 253 1714 suffitum
275 1675 448 1705 aromatum
466 1673 600 1713 sinyulis
622 1673 790 1710 matatiniS,
813 1673 934 1711 quando
958 1673 1074 1711 aptabit
1100 1688 1102 1699 ε

111 1717 254 1749 lucernas
276 1715 405 1747 adolebit
426 1715 522 1746 iilum.
569 1716 596 1746 8.
619 1715 662 1746 Et
684 1716 806 1754 quando
828 1715 964 1747 accendet
988 1715 1073 1746 Alia-

111 1770 167 1791 ron
197 1759 337 1790 lucernas
369 1758 448 1789 inter
481 1758 561 1789 duas
591 1768 747 1796 vesperas,
777 1757 906 1789 adolebit
934 1758 1074 1797 suffitum

112 1802 202 1833 illum
224 1802 336 1841 iuyiter
362 1810 464 1832 coram
492 1800 602 1832 Ielcova
632 1801 664 1831 in
685 1801 933 1840 ycnerationibus
955 1801 1073 1831 vestris.

113 1845 142 1876 9.
175 1845 244 1876 Non
274 1844 404 1883 offeretis
432 1854 524 1882 super
552 1843 631 1874 illud
659 1843 798 1882 suffitum
831 1843 946 1880 alium,
981 1852 1076 1882 neque

113 1887 328 1921 holocaustum,
359 1896 452 1925 neque
473 1886 596 1916 minim:
626 1886 679 1917 sed
708 1896 759 1916 nec
788 1886 919 1917 libamen
942 1885 1076 1917 libabitis

113 1940 207 1969 super
236 1929 323 1960 illud.
371 1929 418 1959 10.
447 1928 489 1959 Et
516 1928 651 1968 expiabit
677 1928 808 1960 Aliaron
841 1938 934 1968 super
962 1938 1077 1959 cornua

113 1973 180 2004 eius
200 1972 289 2004 semel
313 1972 347 2002 in
370 1982 450 2002 anno
472 1972 621 2011 sanquine
639 1970 799 2002 oblationis
814 1982 873 2010 pro
886 1973 1009 2009 peccato
1028 1981 1077 2002 ex-

110 2016 305 2054 piationum:
328 2014 419 2045 semel
442 2015 475 2045 in
497 2024 577 2045 anno
600 2014 733 2053 expiabit
755 2024 849 2053 saper
872 2013 951 2045 illud
976 2014 1007 2044 in
1027 2023 1071 2054 ye-

116 2057 325 2089 ucrationibns
350 2057 463 2089 vestris.
490 2057 645 2088 Sanctitas
663 2057 858 2088 sanctitatum
876 2059 919 2087 est
938 2056 1075 2087 Iehocae.

202 2143 230 2174 1.
255 2142 364 2174 Facies
387 2144 413 2173 et
434 2143 540 2173 attare.
577 2142 669 2173 Nunc
689 2142 843 2182 praecipit
863 2142 952 2173 Deus
972 2141 1010 2172 de
1034 2141 1076 2172 al·
1100 2149 1102 2153 ¹

118 2186 179 2216 tari
205 2185 434 2225 thymiamatis,
457 2196 518 2225 quo
541 2185 656 2216 certior
682 2185 827 2215 redditus
856 2185 917 2215 fuit
939 2184 1077 2224 populus

120 2237 251 2259 suavem
274 2239 341 2259 esso
365 2228 477 2268 legalis
500 2228 607 2259 cultus
626 2228 845 2268 fragrantiam.
874 2227 989 2267 Viguit
1009 2227 1079 2266 qui-

120 2269 192 2300 dem
215 2271 310 2301 etiam
334 2270 417 2310 apud
443 2276 554 2311 gentes
579 2270 630 2301 hic
654 2271 744 2306 ritus,
773 2269 870 2311 (unde
894 2269 977 2309 apud
1003 2280 1077 2309 pro-

122 2312 210 2342 fanos
232 2313 403 2352 scriptores
422 2314 534 2344 crebra
557 2312 660 2344 thuris
681 2312 830 2344 adolendi
855 2312 1002 2353 mentio):
1021 2312 1077 2343 sed

122 2364 272 2393 quorsum
302 2355 459 2392 tenderet,
490 2357 575 2395 ipsas
605 2356 708 2386 latuit.
754 2355 867 2394 Neque
896 2355 992 2385 etiam
1016 2355 1078 2386 illis

122 2406 217 2427 curae
240 2396 297 2426 fuit
315 2396 494 2437 legitimum
515 2398 613 2429 finem
632 2399 800 2438 respicere,
824 2408 922 2437 quum
941 2409 973 2428 sc
993 2397 1079 2429 nudo
1103 2423 1105 2434 ,,

123 2437 267 2478 symbolo
290 2438 419 2480 defungi
442 2446 601 2481 putarent.
649 2440 713 2472 Sed
737 2440 796 2472 hoe
820 2440 912 2471 modo
936 2441 1079 2471 animare

124 2480 225 2510 voluit
249 2479 337 2511 Deus
355 2493 427 2514 suos
451 2483 574 2523 fideles,
605 2494 704 2524 quum
729 2484 848 2515 scirent
871 2493 966 2523 quem
991 2494 1081 2523 prae-

123 2522 252 2553 stabant
285 2523 404 2554 cultum
438 2536 476 2556 ex
510 2527 577 2557 cius
612 2526 762 2557 mandato
802 2526 925 2565 spirare
959 2526 1079 2557 bonum

124 2564 263 2595 odorem.
309 2564 434 2597 Interea
459 2569 542 2607 ipsos
575 2569 741 2599 admonuit
771 2568 942 2608 diligenter
964 2579 1079 2600 caven-

125 2607 200 2637 dum
224 2616 301 2643 esse,
332 2618 372 2638 ne
394 2620 454 2647 qua
476 2611 693 2642 immundities
717 2622 826 2642 eorum
851 2611 1008 2642 sacrificia
1032 2612 1079 2642 iu-

124 2650 247 2681 ficeret:
273 2648 327 2679 sed
347 2654 381 2680 ut
400 2657 533 2691 purgata
551 2659 583 2684 ct
605 2665 686 2693 pura
699 2654 845 2685 venirent
865 2654 898 2684 in
919 2654 985 2685 eius
1005 2665 1079 2685 con-

803 219 1054 252 SECUNDUM
1077 218 1394 252 PRAEOEPTUM.

2028 220 2092 251 422

1128 315 1282 351 spectum.
1337 314 1381 344 Et
1415 313 1523 345 David
1557 313 1738 354 specialiter
1768 313 1852 343 hanc
1881 313 2018 353 figuram
2049 312 2089 344 ad

1128 364 1237 393 preces
1260 355 1488 393 accommodat,
1512 367 1610 396 quum
1630 355 1719 386 dicit:
1746 355 1909 386 Ascendet
1932 366 2037 386 coram
2058 359 2090 386 te

1127 397 1228 427 oratio
1251 408 1322 428 mea
1340 399 1422 430 sicut
1445 399 1571 429 suffitus
1594 398 1693 439 (Psal.
1719 398 1788 433 141,
1812 397 1853 439 2).
1900 398 1987 438 Ergo
2007 398 2091 429 sicut

1128 438 1229 469 altare
1252 440 1290 470 de
1313 451 1374 480 quo
1399 441 1545 479 vidimus,
1572 441 1709 472 victimis
1734 441 1928 471 destinatum
1959 440 2018 471 fuit
2049 439 2090 471 ad

1128 481 1234 512 Deum
1258 482 1463 521 placandum,
1494 484 1538 514 ita
1569 488 1601 514 et
1631 484 1690 514 hoc
1713 483 1860 521 alterum,
1890 483 2017 514 suffitus
2040 483 2090 514 sui

1129 523 1224 554 odore
1248 526 1403 556 sacrificia
1425 526 1570 565 aspersit,
1594 530 1629 557 ut
1652 526 1721 557 Deo
1745 530 1837 566 grata
1859 531 1976 556 essent.
2012 525 2090 556 Ideo

1130 566 1220 597 iuxta
1251 578 1356 598 arcam
1387 568 1560 599 testimonii
1590 568 1729 599 locatum
1760 568 1836 605 fuit,
1876 567 1947 599 velo
1981 571 2091 599 tamen

1129 609 1333 649 interposito,
1365 616 1400 641 ut
1427 611 1496 641 eius
1526 610 1617 648 odor,
1651 610 1739 641 nullo
1773 611 1962 650 interposito
1984 611 2091 641 obsta-

1129 651 1209 687 culo,
1234 653 1341 682 statim
1366 652 1405 683 ad
1429 653 1533 684 Deum
1558 657 1748 693 penetraret.
1805 653 1844 683 In
1871 653 1976 684 verbis
2000 652 2091 684 nulla

1130 698 1177 724 est
1207 694 1416 734 ambiguitas,
1447 696 1507 726 nisi
1538 696 1619 735 quod
1650 707 1707 736 per
1731 705 1823 726 mane
1846 699 1878 726 ct
1901 695 1987 726 inter
2010 695 2091 726 duas

1130 746 1297 775 vesperas,
1329 737 1455 776 quidam
1487 737 1534 769 bis
1564 738 1646 769 idem
1678 739 1779 778 repeti
1802 738 2002 769 existimant:
2035 738 2091 768 alii

1130 778 1250 809 faciunt
1281 779 1426 811 diversas
1456 780 1647 812 oblationes:
1677 780 1761 820 quod
1788 780 1963 811 secundum
1987 780 2091 820 magis

1131 821 1293 860 probabile
1317 826 1380 859 cst,
1408 832 1502 853 mane
1525 823 1646 854 scilicet
1668 834 1704 855 ac
1728 823 1851 863 vesperi
1875 822 2021 853 suffitum
2044 824 2091 854 fu·

1130 864 1194 894 isse
1217 863 1368 895 oblatum.
1414 865 1532 896 Postea
1555 870 1643 896 vetat
1667 865 1719 897 vel
1742 866 1842 896 altare
1867 865 2033 896 transferri
2057 865 2092 896 in

1130 906 1250 937 alienos
1275 918 1367 945 usus,
1398 907 1447 938 vel
1471 919 1571 947 genus
1594 907 1680 938 aliud
1704 908 1927 948 thymiamatis
1954 907 2092 938 adoleri:

1131 948 1169 979 de
1193 959 1254 988 quo
1274 949 1349 980 alibi
1372 950 1556 989 praecipiet.

1218 991 1266 1022 10.
1290 990 1332 1022 Et
1359 992 1496 1030 expiabit
1517 992 1654 1023 Aliaron.
1699 992 1762 1024 Hic
1787 992 1928 1023 notanda
1951 996 1999 1024 est
2021 1003 2093 1024 mu-

1131 1038 1185 1064 tua
1208 1035 1396 1074 symmetria
1419 1035 1504 1065 inter
1527 1039 1700 1074 utrumque
1724 1035 1834 1065 altare.
1869 1035 1951 1065 Nam
1976 1039 2012 1066 ut
2036 1035 2092 1066 ad-

1131 1077 1246 1106 moniti
1278 1077 1408 1107 fuerunt
1430 1077 1610 1112 Israelitae„
1641 1078 1797 1109 sacrificia
1821 1088 1885 1108 non
1908 1077 2002 1108 aliter
2025 1077 2093 1117 pla-

1130 1129 1201 1150 cere
1214 1119 1282 1150 Deo
1302 1120 1361 1150 nisi
1382 1120 1470 1159 puris
1489 1125 1519 1150 et
1542 1120 1660 1151 sanctis
1680 1120 1826 1160 precibus
1846 1121 1990 1151 abstersa
2008 1124 2093 1151 esset

1129 1162 1233 1192 omnis
1252 1162 1489 1193 immundities:
1510 1162 1553 1193 ita
1572 1163 1671 1193 altare
1688 1163 1910 1203 thymiamatis
1923 1163 2092 1203 sanguinis

1130 1205 1315 1243 aspersione
1349 1211 1520 1245 purgatum
1554 1205 1629 1243 fuit,
1668 1211 1702 1235 ut
1735 1204 1895 1236 discerent
1928 1215 2037 1245 preces
2072 1216 2090 1236 a

1130 1247 1285 1278 sacrificio
1316 1247 1454 1287 gratiam
1485 1248 1633 1278 mutuari.
1685 1247 1722 1278 Id
1753 1253 1860 1278 autem
1885 1248 2013 1278 tametsi
2036 1259 2086 1279 se-

1131 1289 1192 1320 mel
1209 1289 1243 1320 in
1261 1301 1345 1320 anno
1365 1290 1469 1325 fiebat,
1495 1290 1635 1329 qnotidie
1654 1293 1760 1320 tamen
1780 1289 1999 1321 revocandum
2023 1297 2093 1321 erat

1128 1332 1162 1362 in
1184 1333 1388 1363 memoriam:
1413 1338 1448 1363 ut
1468 1332 1528 1363 fide
1548 1338 1579 1363 et
1597 1333 1745 1372 precibus
1769 1332 1935 1363 adolerent
1953 1336 2091 1364 mortem

1129 1374 1266 1406 Christi:
1304 1380 1334 1406 et
1370 1380 1478 1406 tamen
1515 1386 1624 1415 preces
1659 1386 1732 1406 suas
1766 1376 1885 1406 scirent
1917 1386 1979 1406 uon
2010 1376 2091 1407 bene

1128 1417 1223 1456 olere,
1247 1418 1307 1448 nisi
1332 1426 1492 1458 quatenus
1515 1428 1662 1458 aspersae
1686 1423 1778 1448 erant
1801 1418 1957 1458 sanguine
1980 1419 2091 1458 expia-

1129 1461 1234 1491 tionis.

1423 1631 1486 1662 EX
1510 1629 1656 1662 EXODI
1680 1630 1791 1661 XXX.

1212 1717 1262 1748 34,
1295 1716 1336 1747 Et
1364 1716 1445 1747 discit
1468 1716 1581 1747 Ieliova
1603 1716 1644 1746 ad
1667 1715 1789 1746 Mosen:
1812 1715 1925 1753 Accipe
1947 1715 2000 1747 tibi
2020 1726 2087 1747 aro-

1126 1762 1226 1798 mata,
1255 1762 1381 1797 stacten,
1410 1761 1437 1790 et
1460 1758 1602 1798 onychen,
1632 1761 1658 1789 et
1678 1757 1857 1797 yalbanum,
1880 1761 2035 1796 aromata,
2059 1761 2087 1789 et

1127 1803 1197 1833 ttius
1221 1811 1354 1842 purum:
1384 1804 1417 1832 ut
1438 1802 1560 1840 pondus
1584 1801 1716 1840 ponderi
1739 1800 1925 1839 respondeat.
1971 1800 2022 1831 35.
2047 1800 2091 1831 Et

1125 1845 1223 1885 facies
1241 1855 1278 1876 ez:
1296 1855 1327 1876 co
1346 1845 1552 1883 suffimentum
1572 1844 1780 1879 aromaticam,
1800 1852 1876 1881 opas
1895 1844 2090 1882 aromatarii,

1126 1889 1265 1925 mistum,
1290 1897 1409 1927 parum
1438 1890 1464 1917 et
1490 1888 1635 1917 sanctam.
1681 1886 1729 1916 36.
1754 1885 1796 1916 Et
1817 1886 1979 1916 contundes
2000 1896 2036 1916 ei:
2059 1896 2091 1918 eo

1126 1931 1370 1962 comminuendo:
1387 1940 1542 1968 ponesque
1565 1939 1601 1959 cac
1624 1940 1655 1960 co
1677 1938 1779 1959 coram
1802 1928 1968 1958 testimonio
1991 1929 2023 1959 in
2046 1931 2091 1960 ta-

1127 1973 1288 2005 bernaculo
1307 1972 1520 2009 conventionis,
1542 1972 1570 2002 in
1590 1982 1647 2010 qao
1665 1971 1839 2001 conveniam
1857 1973 1961 2001 tecum.
1996 1970 2092 2002 Sanc—

1127 2017 1201 2047 titas
1222 2016 1418 2047 sanctitatum
1440 2015 1498 2045 erit
1523 2014 1612 2045 cobis.
1643 2014 1691 2044 37.
1708 2013 1920 2052 Saffimentam
1943 2014 2023 2052 quod
2042 2014 2091 2052 fa-

1127 2059 1187 2090 cies
1216 2058 1382 2090 secundum
1409 2057 1648 2095 compositionem
1676 2056 1742 2087 cias
1772 2066 1830 2085 nan
1849 2055 1970 2094 facietis
1997 2055 2088 2087 vobis.

1130 2101 1284 2132 Sanctitas
1307 2100 1362 2131 tibi
1384 2100 1441 2131 erit
1454 2100 1588 2130 Iehovae.
1625 2099 1672 2129 38.
1698 2098 1844 2137 Quisquis
1861 2098 1966 2136 fecerit
1987 2099 2090 2130 simile

1128 2145 1169 2175 ad
1192 2144 1376 2175 adolendum
1400 2143 1487 2180 illud,
1510 2142 1663 2173 ercidetur
1686 2153 1700 2171 i>
1716 2140 1844 2179 populis
1866 2141 1941 2171 sais.

1216 2229 1264 2259 34.
1290 2229 1403 2268 Accipe
1422 2229 1475 2259 tibi
1495 2229 1641 2258 aromata
1673 2226 1760 2256 Haec
1785 2224 1901 2256 oblatio
1924 2225 2009 2256 inter
2032 2225 2090 2256 ali-

1129 2282 1163 2302 as
1193 2273 1355 2302 numerari
1385 2275 1525 2311 poterat:
1556 2269 1610 2300 sed
1640 2269 1713 2308 quia
1744 2272 1868 2298 tantum
1898 2267 2091 2298 describitur

1130 2315 1303 2345 aromatica
1335 2313 1508 2349 confectio,
1538 2322 1618 2352 quae
1648 2311 1740 2341 altari
1772 2310 1992 2349 thymiamatis
2016 2321 2090 2341 con-

1131 2358 1239 2388 iuncta
1258 2362 1315 2395 est,
1339 2358 1403 2387 imo
1427 2360 1474 2386 est
1497 2356 1563 2385 cius
1587 2353 1756 2393 appendix,
1781 2363 1910 2383 causam
1934 2362 2003 2383 esse
2025 2363 2090 2384 non

1130 2400 1240 2440 putavi
1268 2409 1324 2430 cur
1354 2408 1545 2438 separarem.
1591 2396 1722 2436 Species
1750 2395 1834 2434 ipsas
1865 2395 2032 2431 subtilius,
2063 2396 2091 2427 si

1132 2442 1255 2479 volent,
1287 2441 1464 2473 discutiant
1490 2440 1622 2476 curiosi,
1655 2438 1733 2468 mihi
1758 2438 1835 2468 satis
1858 2443 1918 2473 cst,
1949 2448 2003 2468 cas
2026 2437 2091 2469 Dei

1132 2485 1264 2516 arbitrio
1283 2496 1352 2515 csse
1372 2484 1487 2515 electas
1510 2493 1588 2521 quae
1612 2480 1840 2511 suavissimum
1864 2480 1992 2510 odorem
2017 2490 2091 2511 con-

1131 2529 1272 2559 ficerent.
1312 2527 1395 2557 Nam
1420 2524 1500 2565 quod
1523 2524 1695 2564 galbanum
1719 2523 1848 2562 quidam
1871 2523 1997 2562 fingunt
2020 2533 2090 2555 esse

1132 2570 1239 2610 gravis
1263 2574 1295 2600 et
1319 2569 1426 2600 foetidi
1450 2568 1579 2607 saporis,
1604 2577 1644 2596 an
1667 2566 1747 2596 bene
1771 2566 1951 2602 conveniat,
1973 2566 2088 2597 nescio.

1105 2631 1106 2642 η
1132 2613 1176 2643 Et
1197 2613 1270 2652 quia
1294 2612 1332 2643 de
1356 2622 1389 2642 re
1413 2610 1574 2650 incognita
1596 2608 1760 2644 divinant,
1792 2618 1904 2647 parum
1929 2607 2002 2638 fidei
2025 2619 2092 2640 me-

1104 2668 1107 2687 l
1134 2662 1255 2687 rentur.
1302 2654 1418 2686 Statue
1443 2653 1541 2693 igitur
1564 2652 1681 2682 olfactu
1706 2650 1803 2682 fuisse
1826 2650 1982 2687 iucundo,
2006 2651 2093 2691 quod

1838 2700 1886 2725 27*
