2304 3034
204 164 265 195 291

203 261 331 297 ceptum
357 255 395 286 de
419 263 526 285 annua
549 251 783 288 observatione,
813 256 844 282 et
868 250 986 282 diserte
1010 252 1172 292 exprimit,

204 310 302 340 quum
333 297 468 335 ingressi
500 295 618 326 fuerint
649 299 785 332 terram,
817 294 991 333 quotannis
1021 294 1080 326 hoc
1108 296 1171 326 ritu

205 340 431 374 celebrandam
467 348 537 369 esse
571 338 760 368 memoriam
795 336 1008 368 liberationis.
1073 338 1175 369 Addit

205 390 311 415 autem
343 382 426 421 quod
456 381 546 421 prius
578 391 640 411 non
670 381 833 420 attigerat,
868 384 904 410 ut
935 379 1018 411 filios
1049 390 1174 420 quoque

205 437 279 458 suos
313 424 464 455 doceant:
503 424 573 454 sine
614 433 677 462 quo
719 422 916 453 adminiculo
956 424 1174 462 spectaculum

204 470 316 500 fuisset
346 466 499 506 frigidum
530 471 562 496 et
592 465 715 496 inutile.
762 465 920 496 Doctrina
946 465 1033 496 enim
1059 467 1175 497 merito

204 511 311 542 anima
335 513 613 540 sacramentorum
638 508 700 539 diei
724 512 839 548 potest,
869 518 931 547 qua
954 512 1079 539 remota
1102 510 1174 540 nul-

204 554 253 584 lus
284 558 431 592 superest
455 552 556 591 vigor,
588 556 718 582 tantum
743 551 834 581 abest
856 556 892 581 ut
915 561 974 581 nos
999 551 1173 583 vivificent.

204 597 292 635 Ergo
322 606 362 625 ne
394 594 501 625 Pesah
531 600 658 625 mortua
687 598 771 624 esset
794 594 885 629 actio,
909 593 1000 624 Deus
1024 594 1084 625 hoc
1106 595 1175 626 loeo

205 646 328 669 mutam
352 648 420 668 esse
446 642 543 667 vetat.
589 637 653 667 His
672 642 779 667 autem
801 636 919 672 verbis,
944 636 1053 675 Quum
1073 638 1174 668 inter-

203 680 366 721 rogaverit
380 686 410 711 te
424 680 507 710 filius
520 685 604 717 tuus,
618 690 681 710 non
694 679 848 719 intelligit
863 679 971 710 Moses
983 686 1174 719 exspectan-

204 724 281 754 dum
306 734 375 754 esse
399 723 474 753 dum
499 723 585 753 ultro
608 722 779 762 inquirant
802 722 859 753 filii
887 729 1083 762 patrumque
1107 729 1173 754 stu-

202 766 291 797 dium
328 766 558 806 praeveniant:
597 766 652 796 sed
687 770 816 796 tantum
851 770 990 796 aetatem
1025 765 1174 806 designat

202 808 353 840 discendo
383 809 542 839 idoneam.
597 808 792 848 Quanquam
821 807 949 848 oblique
978 808 1073 839 simul
1098 819 1173 848 pue-

201 862 264 890 ros,
285 852 337 882 ubi
354 862 410 891 per
423 856 561 882 aetatem
582 861 776 891 cognoscere
793 855 948 890 poterunt
962 850 1039 890 quid
1056 852 1174 890 pascha

203 896 379 935 significet,
422 894 460 925 ad
496 894 693 925 docilitatem
727 894 892 931 hortatur,
935 898 967 924 et
1001 893 1174 934 diligenter

203 937 359 969 sciscitari
384 937 472 968 iubet
495 936 534 967 de
560 938 782 968 caeremoniae
813 945 891 967 usu:
922 941 958 967 ut
988 937 1033 967 ita
1062 937 1174 977 religio

202 991 260 1021 per
284 990 399 1011 manus
423 986 601 1019 propagata
624 990 751 1019 semper
770 979 804 1010 in
826 979 942 1019 populo
964 980 1079 1019 vigeat.
1104 979 1173 1011 Iam

202 1034 302 1063 quum
337 1033 441 1063 agnus
476 1023 637 1062 paschalis
668 1022 861 1062 respondeat
900 1032 1010 1053 sacrae
1048 1033 1174 1060 coenae,

201 1066 352 1107 colligere
377 1065 451 1096 hinc
476 1066 556 1102 licet,
582 1076 645 1096 uon
662 1065 742 1096 alios
762 1065 823 1096 rite
843 1065 883 1096 ad
905 1076 975 1095 eam
995 1065 1174 1106 percipien-

202 1109 275 1139 dam
301 1109 430 1139 admitti
457 1108 518 1139 nisi
542 1109 596 1148 qui
621 1108 786 1139 doctrinae
809 1112 885 1139 sunt
908 1118 1050 1147 capaces.

288 1152 338 1182 43.
372 1151 527 1182 Statutum
559 1151 671 1182 Pesah.
708 1151 828 1182 Nullus
859 1151 1043 1191 alieniqena.
1089 1150 1175 1190 Quia

202 1195 322 1235 pascha
353 1205 480 1225 sacrum
513 1200 582 1224 erat
611 1194 779 1224 vinculum
816 1204 878 1234 quo
914 1194 1003 1224 Deus
1037 1193 1174 1225 electum

202 1238 358 1278 populum
378 1237 438 1267 sibi
458 1242 568 1267 tenere
589 1236 775 1268 devinctum
793 1237 930 1273 volebat,
954 1247 1066 1267 omncs
1085 1242 1175 1268 exte-

203 1292 255 1311 ros
290 1281 328 1311 ab
366 1281 434 1310 eius
468 1280 717 1320 participatione
752 1285 855 1311 arcet:
890 1280 965 1319 quia
994 1281 1176 1319 promiscua

202 1323 356 1354 vescendi
391 1323 524 1353 libertas
558 1323 695 1363 indigna
729 1322 846 1353 fuisset
880 1323 1070 1363 profanatio.
1131 1323 1176 1353 Et

203 1372 288 1398 certe
308 1376 406 1406 quum
427 1365 591 1406 appendix
611 1366 653 1397 sit
671 1365 768 1406 primi
787 1366 959 1405 praecepti,
979 1365 1018 1396 ad
1035 1376 1087 1396 eos
1105 1370 1175 1396 tan-

203 1414 272 1440 tum
304 1409 446 1448 pertinet
475 1408 514 1439 ad
544 1419 624 1448 quos
656 1408 808 1449 dirigitur
837 1408 917 1449 legis
940 1409 1105 1448 praefatio,
1127 1408 1175 1440 Is-

203 1452 279 1488 rael,
312 1451 435 1482 Iehova
466 1452 557 1482 Deus
587 1457 671 1490 tuus,
703 1451 793 1482 Deus
824 1462 910 1483 unus
934 1457 992 1482 est.
1047 1450 1175 1483 Scimus

203 1495 288 1535 apud
313 1500 427 1535 gentes
451 1494 577 1525 nullum
610 1494 649 1525 ad
673 1505 765 1526 sacra
788 1494 888 1525 fuisse
911 1494 1088 1525 admissum
1112 1494 1174 1525 nisi

203 1539 257 1578 qui
288 1544 372 1569 esset
406 1537 564 1568 initiatus.
619 1537 698 1568 Fuit
727 1537 784 1568 illa
808 1544 1015 1578 praepostera
1038 1537 1175 1568 imitatio

202 1581 272 1612 veri
297 1586 328 1611 et
352 1580 488 1620 legitimi
512 1580 651 1612 ordinis:
677 1581 752 1620 quia
775 1580 809 1610 in
833 1581 935 1611 solam
960 1579 1020 1611 Dei
1044 1581 1174 1611 institu-

203 1624 322 1654 tionem
355 1623 509 1663 competit
537 1623 616 1655 haec
646 1624 742 1660 ratio,
775 1634 815 1654 ne
847 1623 1030 1654 testimonia
1052 1623 1175 1663 gratiae

203 1667 320 1707 quibus
350 1677 442 1697 suam
472 1666 639 1698 ecclesiam
670 1666 772 1697 solam
796 1666 958 1706 dignatur,
983 1666 1079 1697 alieni
1102 1676 1175 1706 pro-

203 1711 325 1741 miscue
348 1714 515 1749 usurpent.
555 1708 647 1740 Adde
670 1709 754 1749 quod
780 1709 925 1749 paschati
945 1709 1096 1740 adiuncta
1117 1709 1176 1739 fuit

202 1753 275 1793 puri
292 1757 324 1783 et
343 1753 475 1793 genuini
495 1752 602 1784 cultus
622 1753 787 1792 professio,
807 1762 889 1792 quae
901 1753 1022 1783 exteris
1034 1762 1176 1782 cominu-

204 1797 255 1826 nis
284 1806 349 1826 non
380 1800 456 1826 crat.
508 1795 720 1826 Circumcisio
755 1795 839 1825 enim
873 1802 949 1825 tunc
979 1795 1040 1825 fuit
1074 1795 1176 1826 instar

203 1839 378 1878 maceriae,
413 1848 493 1878 quae
525 1839 676 1878 profanas
710 1843 826 1878 gentes
860 1848 878 1868 a
912 1843 1024 1869 sancto
1058 1847 1176 1877 genere

204 1881 357 1913 Abrahae
370 1880 578 1912 discerneret.
607 1881 696 1922 Ergo
716 1881 742 1911 si
763 1881 919 1921 quiscum
939 1881 1040 1912 electo
1060 1880 1176 1920 populo

205 1924 325 1965 pascha
355 1924 518 1955 celebrare
542 1923 656 1959 vellet,
687 1923 873 1955 circumcidi
901 1923 1057 1964 oportuit,
1086 1929 1120 1954 ut
1143 1933 1176 1954 se

206 1979 281 1999 vero
306 1967 376 1997 Deo
400 1967 573 1998 addiceret.
609 1967 722 2006 Neque
746 1967 831 1997 enim
856 1967 986 2007 signum
1006 1971 1175 1997 externum

206 2010 367 2041 duntaxat
385 2010 544 2050 spectavit
563 2009 664 2046 Deus,
689 2009 745 2040 sed
764 2010 873 2046 finem,
893 2014 928 2040 ut
948 2009 1092 2040 sincerae
1111 2009 1176 2048 pie-

206 2054 283 2084 tatis
318 2053 462 2084 studium
500 2053 728 2093 promitterent·
765 2053 818 2092 qui
854 2051 1175 2083 circumcidebantur.

206 2097 320 2128 Primo
339 2096 441 2136 igitur
460 2096 602 2127 excludit
618 2096 725 2126 Moses
739 2106 852 2126 omnes
867 2101 1047 2133 extraneos,
1061 2104 1177 2134 nempe

208 2140 262 2179 qui
287 2140 327 2170 ob
351 2140 558 2179 praeputium
582 2138 741 2169 immundi
767 2143 868 2169 erant.
914 2137 1039 2169 Deinde
1063 2148 1177 2177 excep-

209 2183 312 2213 tiones
343 2182 423 2212 duas
452 2181 556 2217 addit,
587 2192 704 2221 nempe
735 2186 771 2212 ut
802 2182 886 2212 servi
916 2181 1052 2221 pecunia
1078 2180 1176 2219 empti

208 2224 483 2257 circumcidantur
503 2224 599 2265 (quod
626 2224 827 2255 necessitatis
852 2224 924 2265 fuit)
948 2223 1038 2254 liberi
1069 2229 1174 2254 autem

209 2275 241 2299 et
264 2269 312 2299 sui
337 2268 415 2298 iuris
434 2267 592 2307 homines,
617 2267 643 2297 si
664 2267 767 2298 velint
787 2267 923 2297 eundem
944 2266 1092 2306 amplecti
1113 2265 1178 2296 cul-

209 2316 286 2347 tum,
311 2311 510 2350 recipiantur
534 2311 592 2350 ipsi
617 2320 743 2350 quoque
767 2310 805 2341 ad
830 2310 958 2349 pascha.
1005 2309 1098 2340 Unde
1121 2319 1176 2348 ap-

210 2359 309 2394 paret,
335 2364 399 2384 non
420 2353 513 2383 modo
538 2353 730 2392 peculiarem
754 2353 813 2383 Dei
838 2353 955 2392 populo
975 2352 1072 2382 fuisse
1091 2351 1177 2381 hunc

211 2398 326 2433 ritum,
365 2396 419 2427 sed
455 2397 582 2426 futurae
618 2396 818 2426 liberationis
852 2395 1035 2436 symbolum
1070 2394 1175 2424 fuisse.

211 2440 323 2478 Neque
352 2440 437 2469 enim
469 2439 581 2469 testari
616 2444 767 2478 poterant
803 2438 1003 2478 alienigenae
1036 2448 1070 2467 sc
1104 2447 1177 2468 con—

211 2490 314 2513 sortes
338 2482 434 2512 suisse
459 2482 546 2512 illius
568 2481 800 2521 redemptionis
819 2491 899 2520 qnae
916 2486 1043 2511 tantum
1067 2479 1176 2519 generi

214 2525 363 2554 Abrahae
387 2525 545 2564 promissa
569 2525 691 2555 fuerat:
721 2524 855 2563 ideoque
886 2534 969 2554 vana
998 2528 1030 2553 ct
1053 2522 1177 2552 inutilis

212 2567 324 2597 fuisset
348 2568 430 2607 apud
456 2579 508 2598 eos
533 2568 613 2598 sacri
640 2567 727 2607 epuli
753 2577 876 2607 pompa.
923 2566 988 2596 Nec
1013 2576 1089 2596 vero
1109 2570 1176 2595 tur-

213 2610 284 2640 bam
310 2610 397 2641 illam
423 2611 527 2641 solum
553 2611 702 2650 designat
725 2611 833 2641 Moses
857 2620 937 2649 quae
967 2620 1006 2639 cx
1030 2609 1179 2648 Aegypto

932 157 1121 190 PRIMUM
1145 157 1465 190 PRAECEPTUM.

2132 154 2195 185 ‘292

1226 257 1363 293 sequuta
1397 252 1502 282 fuerat
1535 249 1719 285 Israelitas,
1754 248 1810 280 sed
1844 248 1948 288 legem
1978 249 2017 281 de
2045 251 2195 283 omnibus

1226 296 1347 327 exteris
1370 293 1569 335 praescribit,
1591 293 1644 332 qui
1667 297 1778 331 postea
1799 291 1909 323 multis
1928 293 2072 331 saeculis,
2098 305 2194 335 nego-

1226 339 1327 369 tiandi
1351 347 1447 368 causa
1471 335 1599 367 venturi
1624 339 1718 365 erant
1740 335 1772 364 in
1792 339 1923 365 terram.
1968 335 2040 366 Non
2062 336 2194 368 dubium

1225 382 1327 421 igitur
1357 381 1435 420 quin
1468 379 1572 409 Pesah
1603 377 1795 409 celebrando
1821 377 1917 408 aliam
1941 378 2195 418 redemptionem

1226 423 1446 464 speraverint:
1487 420 1616 461 quando
1657 420 1697 450 ad
1738 420 1826 460 ipsos
1862 430 1925 450 non
1961 422 2196 453 extendebatur

1226 477 1307 507 quae
1336 467 1400 497 iam
1424 465 1500 495 olim
1524 463 1670 494 exhibita
1693 462 1800 493 fuerat
1823 463 1898 493 filiis
1922 463 2084 495 Abrahae.
2130 465 2195 496 Ne-

1226 520 1286 549 que
1321 509 1406 540 enim
1442 518 1482 538 ex
1517 517 1579 546 quo
1620 509 1792 545 coeperant
1832 506 1957 537 censeri
1997 507 2029 537 in
2067 508 2194 547 populo,

1226 557 1332 583 terrae
1366 551 1471 591 portio
1505 549 1569 580 illis
1603 548 1738 580 cadebat
1771 549 1804 578 in
1833 554 1967 585 sortem,
2003 560 2063 581 nec
2093 551 2196 589 potior

1226 605 1336 626 eorum
1366 598 1435 625 crat
1465 591 1606 623 conditio
1635 590 1740 630 quoad
1770 591 1841 621 iura
1869 596 2012 622 terrena:
2044 592 2099 623 sed
2123 598 2196 624 tan-

1226 644 1293 669 tum
1318 642 1353 668 ut
1378 636 1530 668 ecclesiae
1555 634 1700 665 membra
1723 640 1840 666 essent.
1893 634 1995 665 Porro
2017 635 2057 665 ob
2078 645 2196 667 coenae

1226 685 1258 711 et
1287 680 1450 720 paschatis
1481 677 1663 717 analogiam
1692 677 1788 708 hodie
1819 687 1945 717 quoque
1975 677 2072 709 durat
2098 679 2197 711 huius

1225 724 1306 765 legis
1330 723 1432 763 vigor,
1456 732 1496 751 ne
1519 721 1591 760 quis
1612 720 1755 759 pollutus
1775 719 1825 750 vel
1845 720 1993 760 impurus
2012 720 2052 751 ad
2071 731 2196 753 sacram

1225 777 1356 798 coenam
1382 776 1414 795 se
1435 765 1571 804 ingerat,
1595 763 1650 793 sed
1670 763 1868 803 recipiantur
1886 763 1943 793 soli
1962 763 2085 801 fideles,
2110 770 2196 803 post-

1225 820 1321 849 quam
1347 808 1479 839 Christo
1510 816 1627 837 nomen
1656 805 1813 836 dederint.
1866 805 1960 844 Quod
1985 807 2082 838 etiam
2106 813 2196 838 nota-

1227 858 1280 883 tur
1304 852 1353 882 his
1377 850 1499 881 verbis:
1526 849 1647 880 Eadem
1673 849 1735 879 erit
1758 849 1809 879 lex
1832 848 2007 889 indigenae
2031 855 2063 880 et
2087 856 2195 881 extra-

1226 895 1295 926 nei:
1323 904 1438 933 nempe
1458 897 1494 923 ut
1513 891 1707 923 sacramenti
1727 891 1841 931 religio
1860 892 1899 922 ab
1918 893 2067 924 omnibus
2086 897 2196 924 sancte

1226 938 1357 974 colatur,
1383 942 1479 976 atque
1502 936 1548 965 ita
1570 935 1692 974 pariter
1715 934 1855 965 oblatam
1887 935 2024 974 gratiam
2054 935 2139 967 inter
2162 947 2196 967 se

1226 980 1474 1015 communicent,
1510 983 1540 1009 et
1565 977 1624 1008 hac
1648 978 1681 1008 in
1706 983 1796 1016 parte
1820 978 1963 1017 aequalis
1986 978 2027 1009 sit
2050 979 2195 1010 omnium

1226 1023 1375 1059 conditio,
1399 1032 1480 1061 quae
1503 1021 1536 1051 in
1562 1026 1667 1051 terrae
1691 1019 1891 1051 haereditate
1915 1020 2043 1052 diversa
2065 1028 2143 1052 erat.

1311 1066 1361 1097 46.
1388 1065 1429 1095 Et
1451 1075 1484 1095 os
1502 1074 1562 1094 mm
1580 1063 1780 1103 co'nfriwyetis
1803 1073 1840 1094 ea:
1862 1073 1903 1094 eo.
1928 1063 1996 1095 Cur
2014 1075 2049 1095 os
2069 1065 2195 1096 nullum

1226 1109 1332 1148 frangi
1357 1108 1494 1139 voluerit
1513 1106 1613 1143 Deus,
1633 1106 1712 1137 mihi
1732 1106 1893 1137 incertum
1914 1114 1976 1138 est:
1997 1107 2059 1138 nisi
2080 1112 2116 1138 ut
2136 1108 2196 1139 hoc

1225 1162 1352 1191 quoque
1375 1151 1504 1190 signum
1524 1149 1864 1180 esset-festinationis:
1887 1149 1961 1189 quia
1981 1160 2053 1180 raro
2072 1150 2111 1181 ad
2132 1161 2197 1182 me-

1227 1195 1331 1225 dullas
1362 1193 1519 1224 accedunt
1548 1192 1714 1227 convivae,
1745 1191 1807 1222 nisi
1831 1191 1907 1222 dum
1931 1192 2058 1233 longius
2080 1193 2195 1233 epulae

1227 1237 1472 1278 protrahuntur.
1514 1235 1598 1266 Nam
1623 1234 1706 1275 quod
1730 1235 1865 1265 tradunt
1888 1235 2017 1275 quidam
2042 1247 2104 1267 non
2134 1236 2195 1267 im-

1228 1280 1330 1311 minui
1356 1279 1479 1310 Christi
1503 1279 1657 1309 virtutem
1688 1277 1782 1319 (quae
1811 1289 1869 1318 per
1897 1288 1969 1309 ossa
1992 1278 2195 1321 designatur)

1228 1323 1306 1354 dum
1330 1323 1492 1353 vescimur
1515 1321 1584 1351 eius
1607 1331 1720 1358 carne,
1750 1331 1863 1351 vereor
1896 1332 1937 1353 ne
1960 1321 2002 1352 sit
2026 1322 2121 1352 nimis
2144 1332 2196 1352 ar-

1228 1372 1351 1407 gutum.
1377 1365 1473 1396 Prius
1497 1370 1605 1394 autem
1624 1363 1705 1394 illud
1724 1363 1809 1403 quod
1833 1364 1937 1404 attigi,
1962 1369 1999 1394 ut
2017 1364 2196 1404 simplicius

1228 1414 1286 1445 est,
1310 1409 1356 1439 ita
1379 1418 1443 1438 non
1466 1407 1549 1438 male
1572 1406 1724 1447 quadrat:
1749 1417 1848 1446 quum
1872 1406 1906 1437 in
1929 1407 2097 1447 procinctu
2109 1413 2197 1438 stan-

1228 1456 1277 1482 tes
1296 1451 1413 1491 raptim
1434 1449 1646 1486 comederent,
1669 1450 1775 1481 iussos
1795 1449 1895 1480 fuisse
1914 1459 1986 1480 ossa
1999 1450 2197 1489 comburere,

1228 1494 1267 1525 ad
1291 1493 1504 1533 rumpendam
1540 1503 1668 1523 omnem
1702 1503 1836 1523 moram.
1894 1492 1987 1531 Quod
2020 1500 2125 1524 autem
2158 1493 2196 1525 de

1228 1548 1312 1577 agno
1336 1541 1545 1577 praeceperat
1569 1536 1667 1573 Deus,
1691 1535 1791 1566 voluit
1814 1535 1847 1566 in
1867 1534 1932 1566 filio
1951 1546 2009 1566 suo
2029 1536 2197 1576 unigenito

1228 1580 1334 1620 palam
1359 1579 1501 1619 impleri:
1532 1583 1569 1609 ut
1601 1578 1721 1610 veritas
1745 1582 1823 1619 typo
1856 1588 1930 1617 suo,
1960 1584 1992 1610 et
2014 1579 2197 1610 substantia

1229 1623 1362 1653 umbrae
1405 1621 1619 1662 respondens,
1667 1621 1854 1652 ostenderet
1895 1632 1959 1652 non
1999 1621 2060 1652 alio
2100 1632 2198 1662 quam

1229 1665 1352 1697 Christi
1390 1665 1548 1705 sanguine
1589 1664 1790 1695 reconciliari
1824 1664 1932 1695 Deum
1973 1665 2089 1704 populo
2131 1675 2197 1696 suo.

1229 1708 1323 1740 Unde
1347 1708 1465 1738 iterum
1495 1712 1583 1747 patet
1614 1712 1740 1738 veteres
1771 1707 1830 1737 sub
1862 1707 1933 1747 lege
1957 1708 1988 1738 in
2019 1718 2102 1748 agno
2126 1718 2199 1748 pas-

1229 1752 1330 1783 scbali
1365 1751 1403 1781 de
1437 1751 1545 1781 futura
1575 1750 1795 1790 redemptione
1825 1749 1925 1781 fuisse
1949 1750 2093 1781 edoctos:
2123 1750 2200 1790 quia.

1230 1805 1292 1825 non
1317 1798 1402 1824 recte
1426 1793 1542 1832 alioqui
1567 1793 1865 1824 accommodaretur
1888 1793 1927 1823 ad
1952 1792 2119 1825 Christum
2146 1793 2198 1825 hic

1230 1837 1335 1868 locus:
1360 1847 1454 1876 quem
1480 1836 1555 1866 dum
1583 1836 1785 1875 evangelista
1807 1836 1886 1866 citat
1909 1835 2034 1877 (Ioann.
2061 1836 2110 1871 19,
2133 1835 2196 1878 33),

1230 1890 1287 1920 pro
1321 1880 1465 1910 confesso
1499 1879 1600 1910 sumit
1635 1879 1744 1919 typice
1778 1879 1876 1910 fuisse
1918 1885 1996 1910 tunc
2030 1886 2198 1911 ostensum

1230 1922 1312 1962 quod
1334 1923 1422 1953 Deus
1446 1933 1502 1961 per
1521 1922 1622 1952 filium
1647 1932 1741 1952 suum
1767 1921 1895 1952 volebat
1917 1929 2091 1962 praestare,
2113 1921 2199 1953 unde

1230 1966 1349 1997 factum
1381 1970 1428 1995 est
1457 1970 1493 1995 ut
1522 1971 1599 1995 nota
1623 1964 1741 1995 visibili
1776 1965 1950 2004 insignitus
1974 1964 2085 2002 fuerit,
2116 1975 2199 2004 quae

1231 2009 1382 2048 probaret
1405 2009 1509 2046 ipsum
1534 2017 1603 2037 esse
1624 2018 1736 2038 verum
1756 2007 1883 2046 pascha.
1915 2007 2016 2038 Porro
2036 2018 2076 2038 ne
2095 2007 2199 2038 ullum

1231 2061 1265 2081 os
1290 2051 1323 2081 in
1348 2050 1479 2081 Christo
1505 2050 1717 2085 franaeretur,
1741 2049 1923 2080 admirabili
1944 2049 2004 2080 Dei
2028 2049 2201 2090 providen-

1231 2094 1276 2124 tia
1310 2094 1429 2123 factum
1465 2098 1523 2123 est.
1574 2092 1751 2123 Decretum
1786 2097 1856 2123 erat
1890 2093 2046 2124 militibus
2079 2093 2199 2124 ossium

1232 2136 1388 2167 fractione
1428 2141 1563 2166 mortem
1606 2135 1728 2166 Christi
1771 2135 1949 2166 accelerare
1988 2146 2051 2166 non
2092 2136 2201 2166 minus

1231 2190 1326 2219 quam
1352 2179 1525 2209 latronum.
1571 2178 1609 2208 In
1641 2177 1821 2208 latronibus
1851 2184 2076 2217 exsequuntur
2105 2188 2200 2209 suum

1231 2221 1417 2253 consilium:
1453 2232 1492 2251 ne
1526 2220 1611 2250 idem
1646 2221 1679 2250 in
1704 2220 1835 2251 Christo
1866 2226 2008 2259 tentent,
2043 2222 2201 2252 divinitus

1232 2270 1373 2295 retentos
1397 2274 1467 2294 esse
1490 2268 1613 2293 certum
1635 2268 1692 2300 est,
1718 2268 1752 2293 ut
1771 2264 1890 2294 ossium
1910 2264 2082 2303 integritas
2101 2265 2201 2304 quod-

1231 2307 1305 2338 dam
1330 2311 1412 2338 esset
1436 2307 1603 2346 proximae
1627 2305 1858 2345 redemptionis
1881 2308 2096 2348 praesagium.

1540 2450 1603 2481 EX
1629 2449 1723 2480 EXO
1731 2450 1775 2481 DI
1801 2450 1899 2481 XIII.

1319 2520 1347 2550 3.
1377 2519 1463 2550 Tunc
1484 2520 1565 2550 diri!
1586 2518 1689 2549 Moses
1712 2519 1753 2549 ad
1770 2519 1940 2557 populum.-
1964 2519 2115 2551 Memento
2138 2520 2202 2551 diei

1232 2562 1326 2593 liuius
1348 2574 1406 2601 qm)
1426 2563 1541 2601 effre-ssi
1566 2562 1638 2592 estis
1662 2571 1698 2591 ex
1718 2562 1863 2601 Aessssfleco,
1886 2573 1900 2592 e
1918 2562 2004 2593 domo
2027 2573 2200 2594 servorum:

1232 2606 1307 2644 quia
1342 2607 1375 2636 «m
1407 2605 1588 2643 fertitudine
1614 2615 1727 2635 manus
1758 2605 1862 2636 edunt
1891 2615 1944 2636 vos
1973 2605 2042 2637 hinc
2073 2605 2202 2637 Ielcova:
