2304 3034
199 188 261 218 379

200 283 299 318 Deus,
324 279 378 319 qui
403 278 534 308 rivalem
559 287 623 307 non
659 276 797 316 patitur,
835 276 883 307 vel
916 276 955 317 (si
986 277 1081 308 latius
1110 289 1166 309 ex—

199 324 332 355 tendere
357 320 492 361 placeat)
516 320 594 349 iuris
617 319 667 349 sui
698 318 815 350 dicitur
841 325 996 350 assertor:
1028 326 1065 350 ut
1099 321 1166 352 eius

200 364 374 399 aemulatio
398 363 477 394 nihil
503 361 590 392 aliud
614 362 656 392 sit
680 372 774 401 quam
800 362 940 392 retinere
965 362 1047 402 quod
1072 374 1164 394 suum

200 418 256 444 est,
291 415 384 446 atque
418 406 462 435 ita
496 415 609 435 omnes
643 402 785 435 lionoris
805 406 950 435 aemulos
982 405 1165 437 excludere.

201 452 370 483 Caeterum
391 449 464 488 quia
485 458 586 487 nuper
604 447 687 478 facta
707 448 765 478 fuit
786 448 868 478 sacri
889 447 1026 479 foederis
1047 450 1166 480 mentio

199 493 283 534 quod
307 502 376 523 cum
401 490 530 521 Iudaeis
555 491 728 530 pepigerat,
754 489 882 521 videtur
901 490 1045 522 alludere
1059 492 1166 523 Moses

199 536 237 566 ad
267 534 443 575 spiritualis
477 533 616 573 coniugii
651 533 861 564 violationem.
909 533 980 564 Etsi
1011 538 1118 565 autem
1148 546 1166 566 a

199 578 446 611 comminatione
466 576 588 615 incipit,
608 575 862 606 misericordiam
876 580 986 606 tamen
1000 577 1095 616 rigori
1109 588 1165 608 suo

198 622 293 661 longe
313 620 506 660 praeferens,
536 620 680 649 suaviter
703 618 741 649 ad
770 619 958 658 obsequium
983 629 1036 649 eos
1060 620 1166 660 potius

199 665 295 695 allicit
309 674 404 703 quam
426 668 514 693 metu
534 668 636 701 cogat.
673 661 716 693 Se
737 662 822 692 enim
845 662 1085 693 misericordem
1101 663 1166 694 fore

198 712 336 738 testatur
355 716 456 745 usque
476 705 509 735 in
530 705 616 735 mille
636 710 774 736 aetates:
797 715 934 744 poenam
949 715 1025 735 vero
1038 716 1102 736 non
1116 706 1167 736 dc·
1190 703 1193 712 ’

198 750 332 781 nunciat
351 749 414 779 nisi
432 758 531 787 usque
550 747 588 778 ad
611 748 722 778 tertios
741 754 772 778 et
791 753 931 786 quartos,
952 746 1010 788 (sie
1029 749 1113 778 enim
1127 748 1166 779 ad

199 793 333 823 verbum
355 791 503 832 legitur),
532 790 590 821 hoc
610 796 668 828 est,
698 790 737 821 ad
758 796 890 830 nepotes
909 796 940 820 et
963 798 1164 830 pronepotes.

198 835 270 874 Quo
299 835 406 874 itaque
437 844 511 864 suos
543 833 682 864 cultores
714 833 830 864 melius
854 834 976 863 animet
1005 833 1096 864 Deus
1127 834 1166 865 ad

198 879 324 918 pietatis
345 876 498 913 studium,
523 887 587 907 non
612 876 691 916 ipsis
716 876 818 912 modo,
845 875 901 906 sed
925 886 1037 907 eorum
1061 883 1165 917 poste-

198 922 243 952 ris
268 922 299 951 in
324 920 411 951 mille
435 930 536 959 usque
559 924 682 950 aetates
706 919 880 959 propitium
904 930 938 950 se
958 920 1025 950 fore
1045 919 1167 950 denun-

198 965 269 994 ciat.
316 963 387 993 Hoc
411 973 488 993 vcro
512 962 757 993 inaestimabilis
782 968 829 993 est
861 962 1089 999 humanitatis,
1120 968 1165 993 at·

199 1018 259 1047 que
279 1007 374 1037 etiam
390 1005 621 1045 indulgentiae,
643 1006 725 1044 quod
739 1005 843 1036 servis
863 1006 938 1040 suis,
959 1005 1074 1044 quibus
1087 1005 1167 1036 nihil

200 1050 309 1088 debet,
338 1059 479 1087 eousque
502 1058 536 1078 se
559 1049 761 1088 obstringere
787 1059 849 1078 non
874 1053 1039 1088 gravatur,
1070 1054 1105 1079 ut
1135 1049 1167 1079 in

199 1103 309 1123 eorum
346 1091 483 1131 gratiam
508 1101 618 1121 eorum
643 1102 753 1122 semen
777 1091 808 1121 in
833 1091 949 1130 populo
973 1101 1029 1122 suo
1053 1101 1168 1131 agnos-

200 1140 260 1167 cat.
317 1134 400 1165 Nam
437 1145 476 1164 ex
519 1134 778 1165 remuneratione
814 1144 981 1173 perperam
1018 1134 1167 1165 meritum

200 1177 308 1218 colligi
330 1177 405 1208 binc
429 1182 577 1217 apparet,
607 1176 689 1216 quod
727 1187 791 1207 non
816 1176 943 1207 fidelem
967 1184 1024 1207 aut
1046 1177 1168 1208 iustum

200 1232 233 1252 se
247 1221 312 1251 fore
326 1220 402 1250 dicit
416 1231 493 1261 erga
513 1220 592 1259 legis
605 1230 681 1250 suae
701 1220 934 1255 observatores,
955 1219 1010 1250 sed
1030 1219 1164 1251 clemen-

201 1270 277 1295 tem.
323 1262 465 1294 Prodeat
489 1263 587 1303 igitur
612 1262 662 1293 vel
685 1263 941 1302 perfectissimus
961 1263 993 1293 in
1019 1262 1169 1301 medium,

201 1307 283 1337 nihil
313 1312 466 1345 expetere
495 1306 610 1336 melius
642 1306 757 1345 poterit
787 1316 882 1345 quam
909 1305 1014 1335 Deum
1052 1305 1168 1336 habere

202 1361 259 1390 pro
279 1349 423 1389 gratuita
447 1348 640 1379 liberalitate
670 1348 852 1388 propitium.
886 1355 953 1380 ἾΞΠ
985 1348 1069 1379 enim
1101 1353 1169 1379 tan-

202 1392 335 1423 tundem
360 1392 445 1422 valet
470 1402 505 1422 ac
529 1391 742 1422 mansuetudo
766 1397 821 1422 aut
844 1391 1065 1422 beneficentia.

203 1442 310 1466 autem
326 1434 395 1465 Deo
419 1434 580 1470 tribuitur,
606 1439 639 1465 ut
664 1434 839 1474 plurimum
864 1434 1027 1474 significat
1045 1434 1169 1465 miseri-

203 1478 355 1515 cordiam,
390 1478 438 1508 vel
464 1482 637 1517 paternum
663 1478 816 1515 favorem,
845 1482 877 1508 et
900 1488 981 1517 quae
1005 1477 1079 1508 inde
1103 1487 1167 1507 ma·

204 1527 283 1552 nant
308 1521 472 1552 beneficia.
505 1520 610 1551 Sicuti
631 1520 706 1550 dum
731 1520 783 1552 hic
806 1520 966 1560 promittit
990 1531 1023 1551 se
1046 1520 1171 1551 miseri-

203 1564 345 1596 cordiam
380 1564 558 1599 factm-um,
599 1563 788 1594 tantundem
828 1563 916 1594 valet
954 1563 1096 1603 loquutio
1135 1573 1171 1594 ac

203 1607 381 1638 beneficum
413 1606 479 1637 fore
510 1606 559 1636 vel
592 1606 768 1637 elementer
798 1612 954 1637 acturum.
1001 1605 1094 1637 Unde
1123 1616 1170 1636 se-

204 1651 328 1690 quitur,
365 1649 636 1680 remunerationis
659 1649 866 1689 praecipuum
887 1660 956 1680 esse
979 1654 1075 1688 eaput
1098 1659 1169 1689 gra-

204 1693 319 1723 tuitam
344 1693 412 1723 eius
437 1692 679 1723 beneficentiam
715 1702 778 1732 qua
808 1702 881 1723 suos
904 1691 1079 1722 liberaliter
1102 1691 1169 1731 dig-

203 1741 309 1766 natur.
356 1735 424 1765 Iam
450 1746 546 1775 quum
572 1735 705 1766 dicitur:
753 1736 840 1775 Erga
870 1746 923 1765 eos
955 1735 1007 1774 qui
1032 1734 1170 1774 diligunt

202 1779 320 1819 ipsum,
346 1778 539 1818 exprimitur
560 1778 629 1809 fons
652 1783 683 1809 et
707 1778 795 1816 origo
816 1788 909 1809 verae
928 1778 1078 1815 iustitiae,
1098 1777 1171 1816 quia

205 1822 346 1852 exterior
369 1821 449 1861 legis
473 1820 656 1851 observatio
681 1821 803 1851 nullius
828 1829 910 1851 esset
934 1820 1089 1851 momenti
1110 1820 1168 1849 nisi

205 1864 280 1895 inde
315 1870 471 1894 manaret.
530 1864 572 1894 Et
608 1864 734 1894 dilectio
764 1863 914 1894 laudatur
944 1864 1048 1903 potius
1076 1873 1172 1902 quam

206 1913 330 1943 metus,
374 1907 449 1945 quia
491 1907 620 1937 nonnisi
663 1907 848 1937 voluntario
889 1907 1040 1946 obsequio
1082 1906 1172 1936 Deus

207 1951 400 1981 oblectatur:
426 1954 570 1980 coactum
596 1960 672 1980 vero
701 1956 730 1980 et
755 1949 874 1980 servile
900 1949 1062 1989 repudiat,
1092 1950 1173 1979 sicut

207 1994 323 2023 iterum
361 1992 436 2023 alibi
472 1992 661 2023 videbimus.
719 1993 842 2023 Verum
880 1993 954 2032 quia
985 1992 1172 2032 hypocritae

207 2046 331 2076 quoque
355 2036 478 2066 iactant
499 2046 531 2065 sc
554 2036 657 2066 Deum
682 2046 799 2073 amare,
824 2036 956 2076 linguae
975 2040 1081 2065 autem
1101 2044 1172 2074 pro-

206 2078 337 2109 fessioni
357 2079 422 2108 vita
443 2089 505 2108 non
525 2077 706 2118 respondet,
732 2084 906 2118 utrumque
928 2077 1080 2108 distincte
1099 2087 1171 2108 eon-

207 2122 363 2161 iungitur,
388 2121 471 2160 quod
505 2122 572 2151 veri
598 2121 657 2151 Dei
682 2121 821 2152 cultores
845 2132 916 2151 eum
942 2121 1092 2160 diligant,
1121 2119 1173 2149 ob-

208 2171 402 2203 serventque
426 2164 495 2194 eius
516 2163 685 2202 mandata,
718 2164 777 2195 hoc
802 2170 865 2199 est,
897 2163 1012 2194 effectu
1040 2162 1174 2202 probent

209 2218 298 2237 suam
324 2207 486 2247 pietatem.
516 2207 580 2238 Hic
604 2213 711 2238 tamen
737 2208 879 2238 nascitur
903 2206 1043 2237 difficilis
1063 2216 1174 2245 quaes-

210 2251 268 2280 tio:
306 2251 379 2289 quia
409 2255 550 2280 aetatum
583 2251 726 2280 emnium
767 2249 914 2289 exempla
950 2249 1173 2280 demonstrant

210 2304 359 2333 magnam
386 2298 508 2332 partem
540 2304 579 2323 ex
609 2298 793 2323 sanctorum
824 2293 975 2333 progenie
1000 2291 1096 2322 fuisse
1125 2301 1174 2321 re—

210 2337 323 2366 iectam
349 2346 384 2366 ac
409 2335 602 2372 damnatam,
627 2342 659 2366 vt
678 2336 772 2376 longe
786 2336 935 2376 graviora
954 2335 986 2365 in
1006 2345 1058 2364 eos
1078 2343 1173 2373 quam

211 2386 337 2409 exteros
373 2377 606 2409 maledictionis
637 2384 668 2409 et
700 2379 860 2410 vindictae
884 2388 960 2409 suae
984 2377 1174 2407 documenta

211 2421 309 2451 edidit
335 2422 431 2451 Deus
479 2420 543 2451 Sed
574 2421 749 2452 notandum
779 2426 828 2452 cst
858 2432 921 2451 non
953 2419 1093 2459 promitti
1124 2418 1174 2449 his

213 2464 316 2494 verbis
340 2464 505 2504 sigillatim
532 2464 668 2504 gratiam
694 2465 842 2496 omnibus
866 2470 1050 2494 sanctorum
1074 2468 1175 2501 poste-
1201 2482 1203 2489 .

213 2507 268 2543 ris,
304 2512 336 2536 ut
368 2507 551 2546 quicunque
580 2518 682 2547 genus
706 2514 738 2538 et
761 2508 919 2547 originem
944 2506 982 2536 ab
1006 2505 1083 2544 ipsis
1112 2510 1175 2534 tra-

213 2549 308 2587 hunt,
340 2549 445 2579 Deum
479 2550 617 2580 habeant
641 2551 700 2581 sibi
726 2550 927 2581 obstrictum.
982 2548 1076 2578 Multi
1108 2548 1176 2577 fue-

215 2598 286 2621 runt
318 2591 492 2632 degeneres
527 2593 676 2623 Abrahae
708 2594 780 2628 filii,
812 2592 926 2632 quibus
951 2591 1031 2621 niliil
1056 2589 1176 2630 profuit

216 2635 318 2665 vocari
344 2635 481 2665 sobolem
508 2637 607 2666 sancti
633 2636 846 2675 patriarchae.
872 2634 937 2665 Nec
954 2644 1030 2663 sane
1053 2632 1089 2663 ad
1111 2633 1173 2664 sin-

889 182 1142 216 SECUNDUM
1178 185 1498 218 PRAEOEPTUM.

1203 2625 1205 2647 l

2127 187 2190 218 380

1219 280 1313 320 gulos
1333 280 1542 319 restringitur
1555 279 1732 320 promissio,
1754 279 1828 319 quia
1838 279 1929 310 multi
1944 281 1996 320 qui
2010 280 2188 312 secundum

1220 333 1349 353 carnem
1370 328 1444 353 sunt
1466 322 1530 360 filii,
1556 333 1619 352 non
1634 327 1807 353 censent-ur
1826 322 1859 352 in
1879 323 2010 360 semine,
2031 324 2084 354 sed
2098 323 2189 354 Deus

1219 365 1320 396 libera
1350 365 1505 396 electione
1530 375 1608 404 quos
1639 365 1706 395 vult
1737 364 1883 404 adoptat:
1913 365 1958 396 sic
1989 370 2097 396 tamen
2121 377 2188 397 mo-

1220 407 1350 438 deratur
1382 419 1439 438 sua
1473 407 1600 445 iudicia,
1637 412 1673 438 ut
1696 407 1837 438 resideat
1861 408 1893 437 in
1924 408 2030 439 sobole
2061 409 2188 448 piorum

1219 456 1373 490 paternus
1403 451 1471 481 eius
1502 450 1603 481 favor.
1652 449 1744 480 Adde
1776 450 1859 490 quod
1890 451 1923 480 in
1955 451 2188 490 temporalibus

1220 494 1382 525 benefieiis
1406 494 1494 533 viget
1517 493 1695 532 promissae
1720 493 1771 523 hic
1792 493 1916 532 gratiae
1943 493 2086 524 effectus.
2125 494 2189 524 Ita-

1219 546 1281 575 que
1301 537 1449 575 quamvis
1470 545 1581 566 severe
1602 536 1689 566 ultus
1710 535 1804 565 fuerit
1823 535 1913 567 Deus
1933 536 2054 567 scelera
2075 535 2190 567 adver-

1219 590 1273 610 sus
1286 579 1368 609 filios
1390 578 1546 613 Abrahae,
1567 583 1598 608 et
1611 589 1664 609 eos
1677 578 1816 613 tandem,
1838 578 1891 609 ubi
1912 578 2062 618 apparuit
2082 578 2191 619 despe-

1219 627 1289 652 rata
1302 622 1445 662 ipsorum
1460 621 1619 661 impietas,
1639 620 1850 652 abdicaverit:
1863 632 1925 652 non
1943 626 2051 652 tamen
2067 621 2191 653 destitit

1219 676 1288 695 esse
1312 666 1475 695 beneficus
1504 665 1535 694 in
1569 663 1657 694 mille
1684 668 1813 694 aetates.
1861 663 1954 695 Adde
1980 664 2075 694 etiam
2107 664 2191 704 quod

1218 708 1362 738 externis
1386 707 1507 747 gratiae
1532 717 1609 737 suae
1633 706 1839 746 testimoniis,
1875 706 1949 738 licet
1972 706 2116 747 reprobis
2140 718 2191 738 ce—

1220 750 1297 780 dant
1329 751 1359 780 in
1391 750 1544 785 exitium,
1578 749 1665 780 Deus
1695 754 1805 779 tamen
1837 750 1949 789 implet
1979 761 2015 781 ac
2048 754 2191 789 praestat

1219 792 1301 833 quod
1328 793 1379 823 hic
1402 792 1564 831 pollicitus
1588 798 1645 823 est.
1670 791 1721 822 Ita
1745 793 1928 823 misericors
1951 792 2014 823 fuit.
2037 802 2115 832 erga
2134 803 2189 833 ge-

1219 847 1281 867 nus
1303 835 1470 871 Abrahae,
1495 834 1647 874 quamdiu
1671 835 1785 875 legem,
1815 835 1999 875 prophetas,
2021 835 2188 875 templum,

1219 884 1250 909 et
1280 878 1342 908 alia
1372 878 1501 918 pietatis
1532 878 1688 909 exercitia
1726 878 1910 917 relinquere
1943 877 2096 918 dignatus
2130 883 2189 909 est.

1219 921 1288 952 Iam
1320 931 1448 951 rursum
1483 920 1666 960 expendere
1696 921 1847 951 convenit
1871 931 1967 960 quam
2002 920 2113 961 procul
2138 921 2191 952 ab-

1219 964 1286 995 sint
1309 964 1406 994 etiam
1437 964 1631 994 sanctissimi
1662 963 1780 1003 quique
1811 963 1850 994 ab
1880 963 2009 1004 integra
2040 964 2190 995 observa-

1220 1007 1307 1037 tione
1338 1006 1430 1046 legis‚
1461 1011 1492 1036 et
1524 1006 1664 1046 perfecto
1698 1017 1807 1037 amore
1832 1006 1908 1037 Dei:
1940 1006 2076 1046 ideoque
2107 1006 2189 1037 nihil

1220 1051 1337 1080 mirum
1362 1050 1387 1080 si
1418 1049 1577 1080 defectum
1609 1049 1706 1080 huius
1737 1049 1860 1089 gratiae
1883 1049 1995 1080 multis
2025 1049 2060 1079 in
2089 1049 2191 1089 parti-

1220 1093 1280 1123 bus
1314 1092 1464 1129 sentiant,
1500 1098 1532 1122 et
1565 1092 1684 1132 exiguo
1720 1096 1846 1122 tantum
1882 1096 1980 1132 gustu
2015 1092 2189 1132 potiantur.

1220 1135 1384 1175 Quidquid
1408 1136 1457 1172 sit,
1481 1145 1609 1174 semper
1632 1139 1808 1174 exsuperat
1823 1134 1884 1165 Dei
1907 1135 2044 1172 bonitas,
2069 1139 2104 1166 ut
2122 1135 2191 1166 eius

1221 1179 1336 1219 gratia,
1361 1178 1386 1209 si
1412 1189 1476 1208 non
1501 1178 1595 1217 pleno
1618 1178 1752 1217 fulgore,
1784 1177 1879 1209 claris
1907 1182 2015 1209 tamen
2040 1178 2190 1209 scintillis

1221 1232 1321 1260 usque
1356 1221 1388 1251 in
1423 1220 1510 1251 mille
1543 1221 1768 1260 generationes
1803 1220 1954 1251 reluceat.
2011 1220 2106 1259 Quod
2149 1220 2189 1252 ad

1222 1264 1401 1294 membrum
1425 1263 1609 1303 oppositum
1634 1268 1765 1303 spectat,
1789 1263 1917 1303 quando
1941 1262 2031 1294 Deus
2057 1263 2190 1294 modum

1223 1306 1383 1338 vindictae
1407 1317 1483 1337 suae
1507 1306 1646 1347 imponit
1669 1306 1703 1336 in
1728 1307 1823 1337 tertia
1847 1305 1896 1337 vel
1920 1310 2034 1346 quarta
2058 1317 2191 1346 genera-

1195 1379 1196 1382 ,
1222 1350 1326 1387 tione,
1358 1349 1502 1380 videmus
1531 1355 1568 1380 ut
1600 1349 1751 1380 humanis
1782 1348 2029 1380 invitationibus
2053 1348 2092 1379 ad
2121 1349 2191 1380 offi-

1108 1391 1169 1422 Ubi
1195 1397 1197 1402 '

1222 1393 1308 1423 cium
1335 1392 1493 1423 adducere
1517 1392 1608 1423 malit
1633 1392 1788 1430 homines,
1812 1402 1907 1432 quam
1932 1391 2103 1422 minaciter
2127 1397 2191 1423 ter-

1224 1435 1322 1466 rendo
1342 1439 1532 1474 extorquere
1552 1435 1624 1475 plus
1644 1445 1741 1475 quam
1761 1434 1879 1466 velint:
1900 1445 1961 1474 quo
1981 1435 2102 1466 scilicet
2120 1434 2191 1465 lon-

1224 1478 1295 1518 gius
1321 1477 1575 1509 misericordiam
1600 1489 1691 1509 suam
1717 1488 1813 1517 quam
1837 1477 1946 1508 iudicii
1970 1478 2111 1517 rigorem
2135 1488 2191 1508 ex-

1225 1521 1336 1551 tendit.
1377 1520 1626 1551 Observandum
1647 1521 1744 1551 etiam
1764 1525 1811 1551 est
1831 1520 1914 1560 quod
1936 1525 2192 1560 transgressores

1225 1564 1305 1604 legis
1340 1564 1461 1594 inimici
1493 1564 1554 1594 Dei
1586 1570 1745 1595 vocantur
1781 1569 1812 1593 et
1846 1574 1963 1594 osores.
2017 1562 2193 1594 Horribilis

1224 1613 1309 1638 certe
1333 1611 1381 1637 est
1406 1607 1562 1646 impietas,
1595 1612 1626 1637 et
1648 1606 1796 1646 prodigio
1827 1606 1958 1644 similis,
1989 1605 2096 1636 Deum
2122 1605 2193 1636 odio

1226 1649 1359 1680 habere:
1403 1660 1439 1680 ac
1470 1650 1525 1680 vix
1559 1650 1730 1689 quisquam
1765 1649 1945 1689 reperietur
1979 1648 2057 1680 adeo
2095 1648 2193 1680 scele-

1227 1698 1315 1722 ratus
1339 1692 1393 1732 qui
1418 1692 1487 1723 Deo
1511 1703 1545 1723 se
1567 1692 1672 1732 palam
1697 1701 1853 1732 tanquam
1886 1692 2009 1723 hostem
2041 1695 2194 1731 opponat.

1225 1735 1349 1766 Verum
1374 1745 1438 1765 non
1462 1736 1530 1765 sine
1554 1746 1652 1769 eausa
1671 1741 1735 1766 tam
1757 1735 1881 1766 duriter
1900 1735 2093 1775 pronunciat
2105 1734 2196 1765 Deus

1226 1777 1264 1808 de
1294 1778 1438 1817 ipsorum
1469 1778 1644 1818 impietate.
1692 1778 1775 1808 Nam
1807 1788 1906 1817 quum
1939 1788 1957 1808 a
1987 1777 2113 1808 iustitia
2137 1787 2196 1808 sua

1198 1832 1200 1836 ·
1225 1821 1369 1861 separari
1394 1827 1538 1860 nequeat,
1563 1826 1768 1860 contemptus
1792 1820 1872 1861 legis
1899 1820 2006 1851 odium
2036 1819 2117 1850 illud
2142 1830 2194 1851 co-

1226 1864 1348 1903 arguit:
1385 1864 1458 1903 qnia
1489 1864 1556 1894 fieri
1581 1875 1644 1894 non
1671 1869 1774 1903 potest
1797 1864 1874 1903 quin
1900 1863 2037 1903 spoliare
2059 1862 2194 1903 imperio

1226 1917 1283 1937 suo
1309 1905 1414 1937 Deum
1437 1907 1559 1946 cupiat,
1593 1907 1646 1947 qui
1671 1906 1887 1946 legislatorem
1912 1911 1944 1936 et
1967 1905 2105 1937 iudicem
2125 1915 2195 1936 esse

1226 1960 1288 1980 non
1314 1950 1442 1988 patitur.
1489 1949 1630 1981 Visitare
1654 1949 1848 1988 iniquitates.
1880 1948 2074 1979 tantundem
2098 1947 2193 1987 valet,

1226 1998 1321 2032 atque
1345 1992 1518 2031 inquirere,
1543 1992 1593 2023 vel
1618 1991 1657 2022 ad
1681 1991 1899 2030 cognitionem
1921 2001 2043 2029 vocare,
2067 1998 2102 2021 ut
2121 2001 2194 2030 poe-

1227 2046 1268 2065 na
1292 2045 1348 2074 pro
1371 2035 1495 2066 ratione
1519 2033 1624 2066 delicti
1649 2039 1805 2065 sumatur,
1844 2033 2009 2072 Quamdiu
2032 2034 2118 2064 enim
2139 2033 2195 2064 ho-

1227 2077 1367 2108 minibus
1401 2077 1562 2117 parcendo
1593 2077 1746 2109 iudicium
1778 2087 1872 2107 suum
1897 2075 2065 2116 suspendit
2094 2075 2194 2114 Deus,

1228 2120 1354 2150 videtur
1383 2121 1572 2157 connivere,
1606 2121 1654 2151 vel
1690 2130 1752 2150 non
1788 2119 1965 2150 attendere.
2017 2119 2107 2158 Ergo
2140 2118 2194 2150 ubi

1226 2163 1387 2202 sepultum
1408 2164 1529 2194 crimen
1558 2164 1718 2204 putabunt
1742 2162 1899 2197 homines,
1924 2162 1992 2192 eius
2015 2172 2049 2192 se
2074 2171 2194 2193 memo-

1226 2216 1293 2236 rem
1319 2206 1386 2236 fore
1410 2205 1591 2237 denunciat.
1617 2205 1796 2244 Quaeritur
1820 2209 1928 2236 tamen
1950 2204 2003 2244 qui
2024 2204 2196 2235 conveniat

1200 2283 1202 2289 ,
1229 2249 1295 2279 Deo
1321 2259 1438 2287 poenas
1462 2259 1479 2279 a
1503 2249 1576 2279 filiis
1600 2254 1631 2279 et.
1655 2247 1826 2287 nepotibus
1850 2247 1979 2287 exigere
2003 2247 2041 2277 ob
2066 2252 2194 2286 patrum

1228 2291 1356 2322 delicta:
1388 2291 1466 2322 nihil
1497 2292 1584 2322 enim
1615 2292 1721 2321 minus
1752 2295 2004 2321 consentaneum
2027 2300 2123 2329 quam
2147 2289 2195 2320 in—

1229 2335 1341 2365 noxios
1367 2339 1398 2364 et
1421 2334 1594 2365 sceleratos
1618 2333 1729 2364 eadem
1754 2343 1857 2372 poena
1880 2332 2013 2363 involvi.
2045 2333 2087 2363 Et
2109 2332 2196 2363 clara

1228 2383 1276 2407 est
1300 2376 1477 2416 prophetae
1501 2376 1677 2407 sententia:
1704 2375 1809 2406 Filius
1834 2386 1899 2406 non
1920 2375 2058 2415 portabit
2078 2375 2196 2414 iniqui-

1229 2424 1328 2449 tatem
1349 2420 1457 2459 patris,
1484 2430 1584 2459 neque
1598 2424 1687 2458 pater
1702 2418 1905 2457 iniquitatem
1926 2417 1993 2456 filii,
2013 2418 2067 2449 sed
2088 2419 2196 2449 anima

1229 2472 1310 2501 quae
1344 2463 1542 2501 peccaverit⁷
1581 2462 1651 2501 ipsa
1686 2462 1842 2491 morietur
1875 2460 2005 2501 (Ezech.
2042 2460 2097 2499 18,
2133 2460 2195 2502 19).

1231 2505 1414 2535 Difficultas
1445 2515 1526 2544 quae
1558 2516 1595 2534 ex
1627 2504 1802 2543 prophetae
1827 2504 1932 2534 verbis
1956 2503 2074 2541 oritur,
2105 2503 2196 2534 facilc

1203 2547 1311 2592 3solvi
1343 2552 1458 2586 [iorestz
1491 2547 1565 2586 quia
1597 2547 1727 2586 impiam
1760 2547 1867 2586 populi
1903 2546 2196 2586 expostulationem

1230 2590 1282 2620 hie
1312 2590 1428 2620 refellit
1452 2590 1549 2627 Deus,
1581 2590 1661 2620 filios
1685 2590 1738 2629 qni
1762 2595 1854 2620 extra
1878 2589 2004 2629 eulpam
2024 2593 2126 2627 erant,
2147 2590 2196 2619 in-

1204 2649 1205 2656 1
1232 2633 1314 2663 iuste
1328 2638 1359 2662 rt
1372 2631 1545 2663 crudeliter
1559 2632 1596 2662 ad
1611 2643 1747 2672 poenam
1761 2632 1856 2664 trahi.
1888 2632 2054 2663 Volitabat
2073 2632 2197 2672 passim
