<?xml version="1.0" encoding="UTF-8"?>
<!DOCTYPE html PUBLIC "-//W3C//DTD XHTML 1.0 Transitional//EN"
    "http://www.w3.org/TR/xhtml1/DTD/xhtml1-transitional.dtd">
<html xmlns="http://www.w3.org/1999/xhtml" xml:lang="en" lang="en">
 <head>
  <title>
</title>
<meta http-equiv="Content-Type" content="text/html;charset=utf-8" />
  <meta name='ocr-system' content='tesseract 3.04.00' />
  <meta name='ocr-capabilities' content='ocr_page ocr_carea ocr_par ocr_line ocrx_word'/>
</head>
<body>
  <div class='ocr_page' id='page_1' title='image "./ioanniscalviniop24calv_0371.png"; bbox 0 0 2304 3034; ppageno 0'>
   <div class='ocr_carea' id='block_1_1' title="bbox 114 189 172 220">
    <p class='ocr_par' dir='ltr' id='par_1_1' title="bbox 114 189 172 220">
     <span class='ocr_line' id='line_1_1' title="bbox 114 189 153 220; textangle 90"><span class='ocrx_word' id='word_1_1' title='bbox 114 189 153 220; x_wconf 72' lang='grc' dir='ltr'>ιῑὲ</span> 
     </span>
     <span class='ocr_line' id='line_1_2' title="bbox 158 190 172 220; textangle 90"><span class='ocrx_word' id='word_1_2' title='bbox 158 190 172 220; x_wconf 49' lang='grc' dir='ltr'><strong>μ</strong></span> 
     </span>
    </p>
   </div>
   <div class='ocr_carea' id='block_1_2' title="bbox 926 186 2056 219">
    <p class='ocr_par' dir='ltr' id='par_1_2' title="bbox 926 186 2056 219">
     <span class='ocr_line' id='line_1_3' title="bbox 926 186 2056 219; baseline -0.001 -2"><span class='ocrx_word' id='word_1_3' title='bbox 926 186 1090 218; x_wconf 80' lang='lat' dir='ltr'>SUMMA</span> <span class='ocrx_word' id='word_1_4' title='bbox 1114 187 1262 219; x_wconf 82' lang='lat' dir='ltr'>LEGIS.</span> <span class='ocrx_word' id='word_1_5' title='bbox 2028 186 2056 216; x_wconf 63' lang='grc' dir='ltr'><em>Τ</em></span> 
     </span>
    </p>
   </div>
   <div class='ocr_carea' id='block_1_3' title="bbox 2050 185 2092 217">
    <p class='ocr_par' dir='ltr' id='par_1_3' title="bbox 2050 185 2092 217">
     <span class='ocr_line' id='line_1_4' title="bbox 2050 185 2068 217; textangle 90"><span class='ocrx_word' id='word_1_6' title='bbox 2050 185 2068 217; x_wconf 61' lang='grc' dir='ltr'>[ν</span> 
     </span>
     <span class='ocr_line' id='line_1_5' title="bbox 2072 186 2092 216; textangle 90"><span class='ocrx_word' id='word_1_7' title='bbox 2072 186 2092 216; x_wconf 71' lang='lat'>[0</span> 
     </span>
    </p>
   </div>
   <div class='ocr_carea' id='block_1_4' title="bbox 872 383 1322 429">
    <p class='ocr_par' dir='ltr' id='par_1_4' title="bbox 872 383 1322 429">
     <span class='ocr_line' id='line_1_6' title="bbox 872 383 1322 429; baseline 0.002 -1"><span class='ocrx_word' id='word_1_8' title='bbox 872 383 1100 428; x_wconf 82' lang='lat' dir='ltr'><strong>SUMMA</strong></span> <span class='ocrx_word' id='word_1_9' title='bbox 1128 384 1322 429; x_wconf 67' lang='lat' dir='ltr'>LEGIS.</span> 
     </span>
    </p>
   </div>
   <div class='ocr_carea' id='block_1_5' title="bbox 442 491 729 523">
    <p class='ocr_par' dir='ltr' id='par_1_5' title="bbox 442 491 729 523">
     <span class='ocr_line' id='line_1_7' title="bbox 442 491 729 523; baseline -0.003 0"><span class='ocrx_word' id='word_1_10' title='bbox 442 492 505 523; x_wconf 85' lang='lat' dir='ltr'>EX</span> <span class='ocrx_word' id='word_1_11' title='bbox 530 491 662 522; x_wconf 83' lang='lat' dir='ltr'>DEUT.</span> <span class='ocrx_word' id='word_1_12' title='bbox 686 491 729 522; x_wconf 78' lang='lat' dir='ltr'>X.</span> 
     </span>
    </p>
   </div>
   <div class='ocr_carea' id='block_1_6' title="bbox 107 574 1075 864">
    <p class='ocr_par' dir='ltr' id='par_1_6' title="bbox 107 574 1075 864">
     <span class='ocr_line' id='line_1_8' title="bbox 202 574 1071 616; baseline -0.003 -7"><span class='ocrx_word' id='word_1_13' title='bbox 202 578 251 609; x_wconf 90' lang='lat'>12.</span> <span class='ocrx_word' id='word_1_14' title='bbox 282 578 373 608; x_wconf 72' lang='lat' dir='ltr'>Nunc</span> <span class='ocrx_word' id='word_1_15' title='bbox 401 586 469 616; x_wconf 66' lang='lat' dir='ltr'>erqo</span> <span class='ocrx_word' id='word_1_16' title='bbox 498 576 613 611; x_wconf 71' lang='lat' dir='ltr'>Israel,</span> <span class='ocrx_word' id='word_1_17' title='bbox 643 576 719 615; x_wconf 74' lang='lat' dir='ltr'>quid</span> <span class='ocrx_word' id='word_1_18' title='bbox 742 575 855 607; x_wconf 73' lang='lat' dir='ltr'>Ielzova</span> <span class='ocrx_word' id='word_1_19' title='bbox 883 574 971 606; x_wconf 76' lang='lat' dir='ltr'>Deus</span> <span class='ocrx_word' id='word_1_20' title='bbox 1000 577 1071 606; x_wconf 69' lang='lat' dir='ltr'>tuus</span> 
     </span>
     <span class='ocr_line' id='line_1_9' title="bbox 107 618 1073 661; baseline -0.005 -9"><span class='ocrx_word' id='word_1_21' title='bbox 107 621 186 661; x_wconf 74' lang='lat' dir='ltr'>petit</span> <span class='ocrx_word' id='word_1_22' title='bbox 216 631 236 652; x_wconf 86' lang='lat' dir='ltr'>a</span> <span class='ocrx_word' id='word_1_23' title='bbox 257 623 298 657; x_wconf 79' lang='lat' dir='ltr'>te,</span> <span class='ocrx_word' id='word_1_24' title='bbox 328 620 390 651; x_wconf 72' lang='lat' dir='ltr'>nisi</span> <span class='ocrx_word' id='word_1_25' title='bbox 415 621 449 650; x_wconf 72' lang='lat' dir='ltr'>ut</span> <span class='ocrx_word' id='word_1_26' title='bbox 475 619 585 649; x_wconf 68' lang='lat' dir='ltr'>timeas</span> <span class='ocrx_word' id='word_1_27' title='bbox 610 618 755 650; x_wconf 60' lang='lat' dir='ltr'>Ielzozeam</span> <span class='ocrx_word' id='word_1_28' title='bbox 780 618 880 648; x_wconf 78' lang='lat' dir='ltr'>Deum</span> <span class='ocrx_word' id='word_1_29' title='bbox 909 619 1010 654; x_wconf 73' lang='lat' dir='ltr'>tuum,</span> <span class='ocrx_word' id='word_1_30' title='bbox 1040 619 1073 647; x_wconf 78' lang='lat' dir='ltr'>ut</span> 
     </span>
     <span class='ocr_line' id='line_1_10' title="bbox 113 660 1072 701; baseline -0.005 -6"><span class='ocrx_word' id='word_1_31' title='bbox 113 663 250 695; x_wconf 76' lang='lat' dir='ltr'><em>ambules</em></span> <span class='ocrx_word' id='word_1_32' title='bbox 271 663 304 693; x_wconf 82' lang='lat' dir='ltr'>in</span> <span class='ocrx_word' id='word_1_33' title='bbox 326 661 465 693; x_wconf 77' lang='lat' dir='ltr'>omnibus</span> <span class='ocrx_word' id='word_1_34' title='bbox 487 662 547 691; x_wconf 66' lang='lat' dir='ltr'>riis</span> <span class='ocrx_word' id='word_1_35' title='bbox 569 661 650 698; x_wconf 74' lang='lat' dir='ltr'>eius,</span> <span class='ocrx_word' id='word_1_36' title='bbox 682 664 715 691; x_wconf 76' lang='lat' dir='ltr'>ut</span> <span class='ocrx_word' id='word_1_37' title='bbox 738 661 853 701; x_wconf 66' lang='lat' dir='ltr'>diliyas</span> <span class='ocrx_word' id='word_1_38' title='bbox 874 670 950 697; x_wconf 76' lang='lat' dir='ltr'>eum,</span> <span class='ocrx_word' id='word_1_39' title='bbox 978 660 1072 691; x_wconf 78' lang='lat' dir='ltr'>colas-</span> 
     </span>
     <span class='ocr_line' id='line_1_11' title="bbox 113 704 1073 746; baseline -0.005 -9"><span class='ocrx_word' id='word_1_40' title='bbox 113 716 170 746; x_wconf 76' lang='lat' dir='ltr'>que</span> <span class='ocrx_word' id='word_1_41' title='bbox 200 705 343 736; x_wconf 76' lang='lat' dir='ltr'>Iehovam</span> <span class='ocrx_word' id='word_1_42' title='bbox 365 704 466 736; x_wconf 76' lang='lat' dir='ltr'>Deum</span> <span class='ocrx_word' id='word_1_43' title='bbox 495 706 582 734; x_wconf 72' lang='lat' dir='ltr'>taum</span> <span class='ocrx_word' id='word_1_44' title='bbox 612 704 645 734; x_wconf 80' lang='lat' dir='ltr'>in</span> <span class='ocrx_word' id='word_1_45' title='bbox 675 706 732 735; x_wconf 77' lang='lat' dir='ltr'>toto</span> <span class='ocrx_word' id='word_1_46' title='bbox 760 704 848 734; x_wconf 75' lang='lat' dir='ltr'>corde</span> <span class='ocrx_word' id='word_1_47' title='bbox 876 705 941 740; x_wconf 75' lang='lat' dir='ltr'>tuo,</span> <span class='ocrx_word' id='word_1_48' title='bbox 965 705 991 733; x_wconf 75' lang='lat' dir='ltr'>et</span> <span class='ocrx_word' id='word_1_49' title='bbox 1014 704 1073 733; x_wconf 75' lang='lat' dir='ltr'>tota</span> 
     </span>
     <span class='ocr_line' id='line_1_12' title="bbox 115 745 1074 786; baseline -0.004 -7"><span class='ocrx_word' id='word_1_50' title='bbox 115 748 221 779; x_wconf 75' lang='lat' dir='ltr'>anima</span> <span class='ocrx_word' id='word_1_51' title='bbox 251 747 327 778; x_wconf 75' lang='lat' dir='ltr'>tua?</span> <span class='ocrx_word' id='word_1_52' title='bbox 374 747 421 777; x_wconf 85' lang='lat'>13.</span> <span class='ocrx_word' id='word_1_53' title='bbox 455 746 655 778; x_wconf 71' lang='lat' dir='ltr'>Custodiendo</span> <span class='ocrx_word' id='word_1_54' title='bbox 678 748 842 786; x_wconf 71' lang='lat' dir='ltr'>praecepta</span> <span class='ocrx_word' id='word_1_55' title='bbox 875 745 1018 783; x_wconf 69' lang='lat' dir='ltr'>Ielzovae,</span> <span class='ocrx_word' id='word_1_56' title='bbox 1048 747 1074 775; x_wconf 71' lang='lat' dir='ltr'>et</span> 
     </span>
     <span class='ocr_line' id='line_1_13' title="bbox 113 787 1075 830; baseline -0.005 -8"><span class='ocrx_word' id='word_1_57' title='bbox 113 793 229 822; x_wconf 74' lang='lat' dir='ltr'>statuta</span> <span class='ocrx_word' id='word_1_58' title='bbox 243 790 318 825; x_wconf 73' lang='lat' dir='ltr'>eius,</span> <span class='ocrx_word' id='word_1_59' title='bbox 341 799 420 828; x_wconf 75' lang='lat' dir='ltr'>quae</span> <span class='ocrx_word' id='word_1_60' title='bbox 442 799 492 830; x_wconf 72' lang='lat'>890</span> <span class='ocrx_word' id='word_1_61' title='bbox 509 789 669 828; x_wconf 71' lang='lat' dir='ltr'>praecipio</span> <span class='ocrx_word' id='word_1_62' title='bbox 692 788 747 819; x_wconf 66' lang='lat' dir='ltr'>tibi</span> <span class='ocrx_word' id='word_1_63' title='bbox 769 788 865 825; x_wconf 73' lang='lat' dir='ltr'>hodie,</span> <span class='ocrx_word' id='word_1_64' title='bbox 888 790 922 818; x_wconf 76' lang='lat' dir='ltr'>ut</span> <span class='ocrx_word' id='word_1_65' title='bbox 943 787 1013 819; x_wconf 77' lang='lat' dir='ltr'>bene</span> <span class='ocrx_word' id='word_1_66' title='bbox 1034 788 1075 818; x_wconf 75' lang='lat' dir='ltr'>sit</span> 
     </span>
     <span class='ocr_line' id='line_1_14' title="bbox 115 833 178 864; baseline -0.016 0"><span class='ocrx_word' id='word_1_67' title='bbox 115 833 178 864; x_wconf 74' lang='lat' dir='ltr'>tibi.</span> 
     </span>
    </p>
   </div>
   <div class='ocr_carea' id='block_1_7' title="bbox 444 1000 746 1032">
    <p class='ocr_par' dir='ltr' id='par_1_7' title="bbox 444 1000 746 1032">
     <span class='ocr_line' id='line_1_15' title="bbox 444 1000 746 1032; baseline 0 -1"><span class='ocrx_word' id='word_1_68' title='bbox 444 1001 507 1031; x_wconf 77' lang='lat' dir='ltr'>EX</span> <span class='ocrx_word' id='word_1_69' title='bbox 530 1001 663 1032; x_wconf 78' lang='lat' dir='ltr'>DEUT.</span> <span class='ocrx_word' id='word_1_70' title='bbox 688 1000 746 1031; x_wconf 89' lang='lat' dir='ltr'>VI.</span> 
     </span>
    </p>
   </div>
   <div class='ocr_carea' id='block_1_8' title="bbox 115 1085 1073 1168">
    <p class='ocr_par' dir='ltr' id='par_1_8' title="bbox 115 1085 1073 1168">
     <span class='ocr_line' id='line_1_16' title="bbox 199 1085 1073 1125; baseline -0.002 -8"><span class='ocrx_word' id='word_1_71' title='bbox 199 1086 227 1117; x_wconf 85' lang='lat'>5.</span> <span class='ocrx_word' id='word_1_72' title='bbox 252 1085 374 1125; x_wconf 38' lang='lat' dir='ltr'>Dilfiyes</span> <span class='ocrx_word' id='word_1_73' title='bbox 398 1085 543 1116; x_wconf 76' lang='lat' dir='ltr'>Iehovam</span> <span class='ocrx_word' id='word_1_74' title='bbox 566 1085 669 1116; x_wconf 77' lang='lat' dir='ltr'>Deum</span> <span class='ocrx_word' id='word_1_75' title='bbox 698 1087 783 1116; x_wconf 71' lang='lat' dir='ltr'>tuum</span> <span class='ocrx_word' id='word_1_76' title='bbox 812 1087 867 1116; x_wconf 74' lang='lat' dir='ltr'>tolo</span> <span class='ocrx_word' id='word_1_77' title='bbox 897 1085 984 1116; x_wconf 77' lang='lat' dir='ltr'>corde</span> <span class='ocrx_word' id='word_1_78' title='bbox 1012 1087 1073 1122; x_wconf 76' lang='lat' dir='ltr'>tuo,</span> 
     </span>
     <span class='ocr_line' id='line_1_17' title="bbox 115 1128 810 1168; baseline -0.001 -8"><span class='ocrx_word' id='word_1_79' title='bbox 115 1131 175 1160; x_wconf 79' lang='lat' dir='ltr'>tota</span> <span class='ocrx_word' id='word_1_80' title='bbox 196 1129 303 1160; x_wconf 74' lang='lat' dir='ltr'>anima</span> <span class='ocrx_word' id='word_1_81' title='bbox 326 1131 390 1168; x_wconf 76' lang='lat' dir='ltr'>tua,</span> <span class='ocrx_word' id='word_1_82' title='bbox 414 1131 439 1158; x_wconf 75' lang='lat' dir='ltr'>et</span> <span class='ocrx_word' id='word_1_83' title='bbox 463 1131 522 1159; x_wconf 77' lang='lat' dir='ltr'>lota</span> <span class='ocrx_word' id='word_1_84' title='bbox 544 1128 727 1167; x_wconf 71' lang='lat' dir='ltr'>fortitudine</span> <span class='ocrx_word' id='word_1_85' title='bbox 749 1130 810 1159; x_wconf 73' lang='lat' dir='ltr'>tua.</span> 
     </span>
    </p>
   </div>
   <div class='ocr_carea' id='block_1_9' title="bbox 202 1297 980 1423">
    <p class='ocr_par' dir='ltr' id='par_1_9' title="bbox 202 1297 980 1423">
     <span class='ocr_line' id='line_1_18' title="bbox 421 1297 777 1329; baseline 0 -1"><span class='ocrx_word' id='word_1_86' title='bbox 421 1298 485 1329; x_wconf 86' lang='lat' dir='ltr'>EX</span> <span class='ocrx_word' id='word_1_87' title='bbox 508 1297 657 1328; x_wconf 82' lang='lat' dir='ltr'>LEVIT.</span> <span class='ocrx_word' id='word_1_88' title='bbox 681 1297 777 1328; x_wconf 77' lang='lat' dir='ltr'>XIX.</span> 
     </span>
     <span class='ocr_line' id='line_1_19' title="bbox 202 1382 980 1423; baseline 0 -9"><span class='ocrx_word' id='word_1_89' title='bbox 202 1383 250 1414; x_wconf 88' lang='lat'>18.</span> <span class='ocrx_word' id='word_1_90' title='bbox 271 1383 395 1423; x_wconf 69' lang='lat' dir='ltr'>Diligses</span> <span class='ocrx_word' id='word_1_91' title='bbox 413 1383 590 1422; x_wconf 72' lang='lat' dir='ltr'>proximum</span> <span class='ocrx_word' id='word_1_92' title='bbox 613 1385 697 1413; x_wconf 70' lang='lat' dir='ltr'>{uum</span> <span class='ocrx_word' id='word_1_93' title='bbox 720 1382 797 1413; x_wconf 71' lang='lat' dir='ltr'>sicut</span> <span class='ocrx_word' id='word_1_94' title='bbox 819 1386 845 1413; x_wconf 72' lang='lat' dir='ltr'>te</span> <span class='ocrx_word' id='word_1_95' title='bbox 868 1383 980 1421; x_wconf 65' lang='lat' dir='ltr'>ipsum.</span> 
     </span>
    </p>
   </div>
   <div class='ocr_carea' id='block_1_10' title="bbox 111 1467 1074 2696">
    <p class='ocr_par' dir='ltr' id='par_1_10' title="bbox 111 1467 1074 2655">
     <span class='ocr_line' id='line_1_20' title="bbox 198 1467 1074 1508; baseline -0.001 -9"><span class='ocrx_word' id='word_1_96' title='bbox 198 1468 295 1499; x_wconf 87' lang='lat' dir='ltr'>Dent.</span> <span class='ocrx_word' id='word_1_97' title='bbox 329 1467 382 1504; x_wconf 87' lang='lat'>10,</span> <span class='ocrx_word' id='word_1_98' title='bbox 415 1468 462 1498; x_wconf 86' lang='lat'>12.</span> <span class='ocrx_word' id='word_1_99' title='bbox 490 1468 581 1499; x_wconf 75' lang='lat' dir='ltr'>Nunc</span> <span class='ocrx_word' id='word_1_100' title='bbox 611 1478 688 1508; x_wconf 70' lang='lat' dir='ltr'>erqo.</span> <span class='ocrx_word' id='word_1_101' title='bbox 741 1468 916 1507; x_wconf 89' lang='lat' dir='ltr'>Postquam</span> <span class='ocrx_word' id='word_1_102' title='bbox 946 1467 1074 1507; x_wconf 82' lang='lat' dir='ltr'>singula</span> 
     </span>
     <span class='ocr_line' id='line_1_21' title="bbox 113 1510 1073 1552; baseline -0.002 -10"><span class='ocrx_word' id='word_1_103' title='bbox 113 1515 283 1552; x_wconf 84' lang='lat' dir='ltr'>praecepta</span> <span class='ocrx_word' id='word_1_104' title='bbox 301 1510 413 1541; x_wconf 88' lang='lat' dir='ltr'>ordine</span> <span class='ocrx_word' id='word_1_105' title='bbox 432 1511 648 1549; x_wconf 77' lang='lat' dir='ltr'>exposuimus,</span> <span class='ocrx_word' id='word_1_106' title='bbox 674 1510 846 1541; x_wconf 89' lang='lat' dir='ltr'>videndum</span> <span class='ocrx_word' id='word_1_107' title='bbox 867 1521 953 1541; x_wconf 89' lang='lat' dir='ltr'>nunc</span> <span class='ocrx_word' id='word_1_108' title='bbox 972 1514 1073 1541; x_wconf 86' lang='lat' dir='ltr'>restat</span> 
     </span>
     <span class='ocr_line' id='line_1_22' title="bbox 114 1553 1072 1594; baseline -0.001 -10"><span class='ocrx_word' id='word_1_109' title='bbox 114 1553 189 1594; x_wconf 89' lang='lat' dir='ltr'>quid</span> <span class='ocrx_word' id='word_1_110' title='bbox 221 1554 274 1584; x_wconf 81' lang='lat' dir='ltr'>lex</span> <span class='ocrx_word' id='word_1_111' title='bbox 305 1553 490 1584; x_wconf 77' lang='lat' dir='ltr'>summatim</span> <span class='ocrx_word' id='word_1_112' title='bbox 521 1554 698 1589; x_wconf 86' lang='lat' dir='ltr'>contineat,</span> <span class='ocrx_word' id='word_1_113' title='bbox 729 1558 761 1583; x_wconf 90' lang='lat' dir='ltr'>et</span> <span class='ocrx_word' id='word_1_114' title='bbox 785 1563 938 1592; x_wconf 83' lang='lat' dir='ltr'>quorsum</span> <span class='ocrx_word' id='word_1_115' title='bbox 962 1553 1072 1583; x_wconf 86' lang='lat' dir='ltr'>tendat</span> 
     </span>
     <span class='ocr_line' id='line_1_23' title="bbox 114 1594 1071 1635; baseline -0.002 -8"><span class='ocrx_word' id='word_1_116' title='bbox 114 1597 181 1627; x_wconf 84' lang='lat' dir='ltr'>eius</span> <span class='ocrx_word' id='word_1_117' title='bbox 218 1596 373 1627; x_wconf 85' lang='lat' dir='ltr'>doctrina.</span> <span class='ocrx_word' id='word_1_118' title='bbox 423 1594 506 1625; x_wconf 90' lang='lat' dir='ltr'>Nam</span> <span class='ocrx_word' id='word_1_119' title='bbox 541 1595 615 1626; x_wconf 90' lang='lat' dir='ltr'>inde</span> <span class='ocrx_word' id='word_1_120' title='bbox 652 1596 737 1626; x_wconf 89' lang='lat' dir='ltr'>elicit</span> <span class='ocrx_word' id='word_1_121' title='bbox 764 1595 887 1626; x_wconf 87' lang='lat' dir='ltr'>Paulus</span> <span class='ocrx_word' id='word_1_122' title='bbox 917 1594 958 1635; x_wconf 90' lang='lat'>(1.</span> <span class='ocrx_word' id='word_1_123' title='bbox 990 1596 1071 1626; x_wconf 80' lang='lat' dir='ltr'>Tim.</span> 
     </span>
     <span class='ocr_line' id='line_1_24' title="bbox 115 1637 1073 1680; baseline -0.002 -10"><span class='ocrx_word' id='word_1_124' title='bbox 115 1640 148 1677; x_wconf 88' lang='lat'>1,</span> <span class='ocrx_word' id='word_1_125' title='bbox 171 1639 203 1680; x_wconf 73' lang='lat'>5)</span> <span class='ocrx_word' id='word_1_126' title='bbox 227 1649 340 1670; x_wconf 83' lang='lat' dir='ltr'>verum</span> <span class='ocrx_word' id='word_1_127' title='bbox 365 1638 434 1668; x_wconf 85' lang='lat' dir='ltr'>eius</span> <span class='ocrx_word' id='word_1_128' title='bbox 457 1648 567 1675; x_wconf 88' lang='lat' dir='ltr'>usum,</span> <span class='ocrx_word' id='word_1_129' title='bbox 600 1638 655 1669; x_wconf 90' lang='lat' dir='ltr'>ubi</span> <span class='ocrx_word' id='word_1_130' title='bbox 679 1639 774 1669; x_wconf 88' lang='lat' dir='ltr'>finem</span> <span class='ocrx_word' id='word_1_131' title='bbox 799 1638 867 1668; x_wconf 87' lang='lat' dir='ltr'>eius</span> <span class='ocrx_word' id='word_1_132' title='bbox 890 1648 959 1668; x_wconf 86' lang='lat' dir='ltr'>esse</span> <span class='ocrx_word' id='word_1_133' title='bbox 983 1637 1073 1668; x_wconf 83' lang='lat' dir='ltr'>docet</span> 
     </span>
     <span class='ocr_line' id='line_1_25' title="bbox 113 1680 1073 1720; baseline -0.002 -8"><span class='ocrx_word' id='word_1_134' title='bbox 113 1681 279 1713; x_wconf 86' lang='lat' dir='ltr'>caritatem</span> <span class='ocrx_word' id='word_1_135' title='bbox 306 1692 346 1712; x_wconf 83' lang='lat' dir='ltr'>ex</span> <span class='ocrx_word' id='word_1_136' title='bbox 370 1680 463 1711; x_wconf 90' lang='lat' dir='ltr'>corde</span> <span class='ocrx_word' id='word_1_137' title='bbox 486 1691 581 1720; x_wconf 86' lang='lat' dir='ltr'>puro,</span> <span class='ocrx_word' id='word_1_138' title='bbox 611 1680 805 1711; x_wconf 78' lang='lat' dir='ltr'>conscientia</span> <span class='ocrx_word' id='word_1_139' title='bbox 828 1681 927 1717; x_wconf 81' lang='lat' dir='ltr'>bona,</span> <span class='ocrx_word' id='word_1_140' title='bbox 957 1685 989 1711; x_wconf 89' lang='lat' dir='ltr'>et</span> <span class='ocrx_word' id='word_1_141' title='bbox 1012 1680 1073 1711; x_wconf 89' lang='lat' dir='ltr'>fide</span> 
     </span>
     <span class='ocr_line' id='line_1_26' title="bbox 112 1723 1073 1763; baseline -0.002 -8"><span class='ocrx_word' id='word_1_142' title='bbox 112 1734 178 1755; x_wconf 89' lang='lat' dir='ltr'>non</span> <span class='ocrx_word' id='word_1_143' title='bbox 201 1724 284 1755; x_wconf 88' lang='lat' dir='ltr'>ficta.</span> <span class='ocrx_word' id='word_1_144' title='bbox 321 1723 427 1754; x_wconf 86' lang='lat' dir='ltr'>Erant</span> <span class='ocrx_word' id='word_1_145' title='bbox 449 1724 534 1753; x_wconf 89' lang='lat' dir='ltr'>enim</span> <span class='ocrx_word' id='word_1_146' title='bbox 558 1727 635 1754; x_wconf 90' lang='lat' dir='ltr'>tunc</span> <span class='ocrx_word' id='word_1_147' title='bbox 658 1723 800 1763; x_wconf 85' lang='lat' dir='ltr'>perversi</span> <span class='ocrx_word' id='word_1_148' title='bbox 824 1723 892 1754; x_wconf 92' lang='lat' dir='ltr'>eius</span> <span class='ocrx_word' id='word_1_149' title='bbox 915 1724 1073 1762; x_wconf 88' lang='lat' dir='ltr'>interpre-</span> 
     </span>
     <span class='ocr_line' id='line_1_27' title="bbox 113 1765 1071 1805; baseline -0.001 -8"><span class='ocrx_word' id='word_1_150' title='bbox 113 1771 177 1803; x_wconf 87' lang='lat' dir='ltr'>tes,</span> <span class='ocrx_word' id='word_1_151' title='bbox 201 1776 281 1805; x_wconf 85' lang='lat' dir='ltr'>quos</span> <span class='ocrx_word' id='word_1_152' title='bbox 304 1765 382 1796; x_wconf 88' lang='lat' dir='ltr'>dicit</span> <span class='ocrx_word' id='word_1_153' title='bbox 404 1765 442 1795; x_wconf 82' lang='lat' dir='ltr'>ad</span> <span class='ocrx_word' id='word_1_154' title='bbox 467 1765 688 1805; x_wconf 82' lang='lat' dir='ltr'>vaniloquium</span> <span class='ocrx_word' id='word_1_155' title='bbox 712 1765 897 1803; x_wconf 85' lang='lat' dir='ltr'>deflexisse,</span> <span class='ocrx_word' id='word_1_156' title='bbox 921 1766 1071 1805; x_wconf 89' lang='lat' dir='ltr'>quoniam</span> 
     </span>
     <span class='ocr_line' id='line_1_28' title="bbox 114 1807 1073 1847; baseline -0.002 -7"><span class='ocrx_word' id='word_1_157' title='bbox 114 1809 154 1840; x_wconf 85' lang='lat' dir='ltr'>ab</span> <span class='ocrx_word' id='word_1_158' title='bbox 190 1808 246 1839; x_wconf 90' lang='lat' dir='ltr'>illo</span> <span class='ocrx_word' id='word_1_159' title='bbox 282 1817 376 1847; x_wconf 81' lang='lat' dir='ltr'>scopo</span> <span class='ocrx_word' id='word_1_160' title='bbox 405 1808 643 1839; x_wconf 86' lang='lat' dir='ltr'>aberraverant.</span> <span class='ocrx_word' id='word_1_161' title='bbox 694 1808 796 1839; x_wconf 89' lang='lat' dir='ltr'>Porro</span> <span class='ocrx_word' id='word_1_162' title='bbox 826 1808 921 1838; x_wconf 87' lang='lat' dir='ltr'>sicuti</span> <span class='ocrx_word' id='word_1_163' title='bbox 950 1807 1073 1839; x_wconf 89' lang='lat' dir='ltr'>duabus</span> 
     </span>
     <span class='ocr_line' id='line_1_29' title="bbox 112 1850 1074 1891; baseline -0.001 -9"><span class='ocrx_word' id='word_1_164' title='bbox 112 1851 232 1882; x_wconf 85' lang='lat' dir='ltr'>tabulis</span> <span class='ocrx_word' id='word_1_165' title='bbox 262 1851 461 1888; x_wconf 80' lang='lat' dir='ltr'><strong>continetur,</strong></span> <span class='ocrx_word' id='word_1_166' title='bbox 491 1851 537 1880; x_wconf 87' lang='lat' dir='ltr'>ita</span> <span class='ocrx_word' id='word_1_167' title='bbox 568 1861 637 1881; x_wconf 87' lang='lat' dir='ltr'>cam</span> <span class='ocrx_word' id='word_1_168' title='bbox 668 1850 707 1881; x_wconf 85' lang='lat' dir='ltr'>ad</span> <span class='ocrx_word' id='word_1_169' title='bbox 737 1850 798 1881; x_wconf 93' lang='lat' dir='ltr'>dno</span> <span class='ocrx_word' id='word_1_170' title='bbox 828 1851 932 1890; x_wconf 83' lang='lat' dir='ltr'>capita</span> <span class='ocrx_word' id='word_1_171' title='bbox 955 1851 1074 1891; x_wconf 80' lang='lat' dir='ltr'><strong>redigit</strong></span> 
     </span>
     <span class='ocr_line' id='line_1_30' title="bbox 113 1892 1073 1933; baseline -0.002 -8"><span class='ocrx_word' id='word_1_172' title='bbox 113 1894 230 1931; x_wconf 81' lang='lat' dir='ltr'>Moses,</span> <span class='ocrx_word' id='word_1_173' title='bbox 253 1898 289 1924; x_wconf 87' lang='lat' dir='ltr'>ut</span> <span class='ocrx_word' id='word_1_174' title='bbox 311 1892 417 1924; x_wconf 89' lang='lat' dir='ltr'>Deum</span> <span class='ocrx_word' id='word_1_175' title='bbox 442 1892 611 1933; x_wconf 83' lang='lat' dir='ltr'>diligamus</span> <span class='ocrx_word' id='word_1_176' title='bbox 634 1904 674 1923; x_wconf 79' lang='lat' dir='ltr'>cx</span> <span class='ocrx_word' id='word_1_177' title='bbox 693 1897 759 1924; x_wconf 89' lang='lat' dir='ltr'>toto</span> <span class='ocrx_word' id='word_1_178' title='bbox 783 1893 886 1931; x_wconf 87' lang='lat' dir='ltr'>corde,</span> <span class='ocrx_word' id='word_1_179' title='bbox 911 1898 942 1924; x_wconf 87' lang='lat' dir='ltr'>et</span> <span class='ocrx_word' id='word_1_180' title='bbox 965 1893 1073 1933; x_wconf 82' lang='lat' dir='ltr'>proxi-</span> 
     </span>
     <span class='ocr_line' id='line_1_31' title="bbox 111 1935 1073 1975; baseline -0.001 -8"><span class='ocrx_word' id='word_1_181' title='bbox 111 1947 202 1967; x_wconf 87' lang='lat' dir='ltr'>mum</span> <span class='ocrx_word' id='word_1_182' title='bbox 225 1936 308 1967; x_wconf 88' lang='lat' dir='ltr'>sicut</span> <span class='ocrx_word' id='word_1_183' title='bbox 330 1945 387 1966; x_wconf 84' lang='lat' dir='ltr'>nos</span> <span class='ocrx_word' id='word_1_184' title='bbox 409 1935 504 1975; x_wconf 84' lang='lat' dir='ltr'>ipsos.</span> <span class='ocrx_word' id='word_1_185' title='bbox 549 1936 622 1967; x_wconf 84' lang='lat' dir='ltr'>Etsi</span> <span class='ocrx_word' id='word_1_186' title='bbox 644 1941 751 1966; x_wconf 88' lang='lat' dir='ltr'>autem</span> <span class='ocrx_word' id='word_1_187' title='bbox 774 1946 838 1966; x_wconf 88' lang='lat' dir='ltr'>non</span> <span class='ocrx_word' id='word_1_188' title='bbox 862 1946 926 1966; x_wconf 88' lang='lat' dir='ltr'>uno</span> <span class='ocrx_word' id='word_1_189' title='bbox 949 1936 982 1966; x_wconf 91' lang='lat' dir='ltr'>in</span> <span class='ocrx_word' id='word_1_190' title='bbox 1006 1936 1073 1967; x_wconf 89' lang='lat' dir='ltr'>loco</span> 
     </span>
     <span class='ocr_line' id='line_1_32' title="bbox 113 1978 1071 2018; baseline -0.001 -8"><span class='ocrx_word' id='word_1_191' title='bbox 113 1983 284 2018; x_wconf 89' lang='lat' dir='ltr'>utrumque</span> <span class='ocrx_word' id='word_1_192' title='bbox 297 1978 474 2018; x_wconf 87' lang='lat' dir='ltr'>coniungit,</span> <span class='ocrx_word' id='word_1_193' title='bbox 494 1978 643 2009; x_wconf 80' lang='lat' dir='ltr'>Christus</span> <span class='ocrx_word' id='word_1_194' title='bbox 663 1983 780 2015; x_wconf 86' lang='lat' dir='ltr'>tamen,</span> <span class='ocrx_word' id='word_1_195' title='bbox 802 1989 840 2009; x_wconf 83' lang='lat' dir='ltr'>ex</span> <span class='ocrx_word' id='word_1_196' title='bbox 854 1979 944 2009; x_wconf 86' lang='lat' dir='ltr'>cuius</span> <span class='ocrx_word' id='word_1_197' title='bbox 957 1979 1071 2018; x_wconf 83' lang='lat' dir='ltr'>spiritu</span> 
     </span>
     <span class='ocr_line' id='line_1_33' title="bbox 112 2020 1072 2061; baseline 0 -9"><span class='ocrx_word' id='word_1_198' title='bbox 112 2021 264 2061; x_wconf 79' lang='lat' dir='ltr'>loquutus</span> <span class='ocrx_word' id='word_1_199' title='bbox 282 2024 338 2058; x_wconf 89' lang='lat' dir='ltr'>est,</span> <span class='ocrx_word' id='word_1_200' title='bbox 362 2020 401 2051; x_wconf 87' lang='lat' dir='ltr'>ad</span> <span class='ocrx_word' id='word_1_201' title='bbox 421 2020 645 2060; x_wconf 79' lang='lat' dir='ltr'>explicandum</span> <span class='ocrx_word' id='word_1_202' title='bbox 655 2021 723 2051; x_wconf 86' lang='lat' dir='ltr'>eius</span> <span class='ocrx_word' id='word_1_203' title='bbox 739 2021 907 2051; x_wconf 89' lang='lat' dir='ltr'>consilium</span> <span class='ocrx_word' id='word_1_204' title='bbox 922 2022 1072 2052; x_wconf 87' lang='lat' dir='ltr'>sufficere</span> 
     </span>
     <span class='ocr_line' id='line_1_34' title="bbox 113 2062 1071 2103; baseline 0 -9"><span class='ocrx_word' id='word_1_205' title='bbox 113 2062 204 2095; x_wconf 87' lang='lat' dir='ltr'>nobis</span> <span class='ocrx_word' id='word_1_206' title='bbox 228 2063 329 2094; x_wconf 89' lang='lat' dir='ltr'>debet.</span> <span class='ocrx_word' id='word_1_207' title='bbox 353 2063 500 2103; x_wconf 79' lang='lat' dir='ltr'>Rogatus</span> <span class='ocrx_word' id='word_1_208' title='bbox 523 2068 628 2094; x_wconf 85' lang='lat' dir='ltr'>autem</span> <span class='ocrx_word' id='word_1_209' title='bbox 653 2063 733 2103; x_wconf 87' lang='lat' dir='ltr'>quod</span> <span class='ocrx_word' id='word_1_210' title='bbox 758 2069 839 2094; x_wconf 88' lang='lat' dir='ltr'>esset</span> <span class='ocrx_word' id='word_1_211' title='bbox 864 2064 1071 2103; x_wconf 88' lang='lat' dir='ltr'>praecipuum</span> 
     </span>
     <span class='ocr_line' id='line_1_35' title="bbox 112 2105 1072 2147; baseline 0.001 -11"><span class='ocrx_word' id='word_1_212' title='bbox 112 2106 192 2146; x_wconf 80' lang='lat' dir='ltr'>legis</span> <span class='ocrx_word' id='word_1_213' title='bbox 202 2106 405 2136; x_wconf 83' lang='lat' dir='ltr'>mandatum:</span> <span class='ocrx_word' id='word_1_214' title='bbox 418 2105 582 2145; x_wconf 86' lang='lat' dir='ltr'>respondit</span> <span class='ocrx_word' id='word_1_215' title='bbox 591 2105 721 2146; x_wconf 86' lang='lat' dir='ltr'>(Matth.</span> <span class='ocrx_word' id='word_1_216' title='bbox 732 2106 781 2141; x_wconf 87' lang='lat'>22,</span> <span class='ocrx_word' id='word_1_217' title='bbox 791 2106 844 2147; x_wconf 84' lang='lat'>37)</span> <span class='ocrx_word' id='word_1_218' title='bbox 854 2106 993 2146; x_wconf 86' lang='lat' dir='ltr'>primum</span> <span class='ocrx_word' id='word_1_219' title='bbox 1004 2107 1072 2146; x_wconf 93' lang='lat' dir='ltr'>qui—</span> 
     </span>
     <span class='ocr_line' id='line_1_36' title="bbox 114 2147 1070 2188; baseline 0.001 -10"><span class='ocrx_word' id='word_1_220' title='bbox 114 2147 186 2178; x_wconf 88' lang='lat' dir='ltr'>dem</span> <span class='ocrx_word' id='word_1_221' title='bbox 205 2159 273 2180; x_wconf 87' lang='lat' dir='ltr'>esse</span> <span class='ocrx_word' id='word_1_222' title='bbox 296 2152 331 2179; x_wconf 91' lang='lat' dir='ltr'>ut</span> <span class='ocrx_word' id='word_1_223' title='bbox 354 2148 507 2188; x_wconf 82' lang='lat' dir='ltr'>diligatur</span> <span class='ocrx_word' id='word_1_224' title='bbox 528 2147 628 2186; x_wconf 84' lang='lat' dir='ltr'>Deus,</span> <span class='ocrx_word' id='word_1_225' title='bbox 652 2148 788 2179; x_wconf 87' lang='lat' dir='ltr'>alterum</span> <span class='ocrx_word' id='word_1_226' title='bbox 813 2159 889 2180; x_wconf 75' lang='lat' dir='ltr'>vero</span> <span class='ocrx_word' id='word_1_227' title='bbox 913 2150 1008 2179; x_wconf 84' lang='lat' dir='ltr'>affine</span> <span class='ocrx_word' id='word_1_228' title='bbox 1033 2149 1070 2180; x_wconf 92' lang='lat' dir='ltr'>de</span> 
     </span>
     <span class='ocr_line' id='line_1_37' title="bbox 113 2190 1072 2232; baseline 0.001 -11"><span class='ocrx_word' id='word_1_229' title='bbox 113 2191 258 2230; x_wconf 84' lang='lat' dir='ltr'>proximo</span> <span class='ocrx_word' id='word_1_230' title='bbox 272 2191 445 2232; x_wconf 87' lang='lat' dir='ltr'>diligendo:</span> <span class='ocrx_word' id='word_1_231' title='bbox 470 2191 602 2230; x_wconf 83' lang='lat' dir='ltr'>perinde</span> <span class='ocrx_word' id='word_1_232' title='bbox 625 2200 661 2221; x_wconf 82' lang='lat' dir='ltr'>ac</span> <span class='ocrx_word' id='word_1_233' title='bbox 684 2191 709 2221; x_wconf 91' lang='lat' dir='ltr'>si</span> <span class='ocrx_word' id='word_1_234' title='bbox 734 2190 862 2229; x_wconf 86' lang='lat' dir='ltr'>diceret,</span> <span class='ocrx_word' id='word_1_235' title='bbox 887 2195 985 2222; x_wconf 88' lang='lat' dir='ltr'>totam</span> <span class='ocrx_word' id='word_1_236' title='bbox 1009 2192 1072 2222; x_wconf 87' lang='lat' dir='ltr'>ius-</span> 
     </span>
     <span class='ocr_line' id='line_1_38' title="bbox 111 2232 1069 2274; baseline 0.001 -11"><span class='ocrx_word' id='word_1_237' title='bbox 111 2232 200 2263; x_wconf 83' lang='lat' dir='ltr'>titiae</span> <span class='ocrx_word' id='word_1_238' title='bbox 220 2233 448 2273; x_wconf 80' lang='lat' dir='ltr'>perfectionem</span> <span class='ocrx_word' id='word_1_239' title='bbox 468 2244 548 2273; x_wconf 89' lang='lat' dir='ltr'>quac</span> <span class='ocrx_word' id='word_1_240' title='bbox 566 2233 599 2264; x_wconf 92' lang='lat' dir='ltr'>in</span> <span class='ocrx_word' id='word_1_241' title='bbox 620 2233 688 2274; x_wconf 82' lang='lat' dir='ltr'>lege</span> <span class='ocrx_word' id='word_1_242' title='bbox 708 2234 855 2272; x_wconf 80' lang='lat' dir='ltr'>traditur,</span> <span class='ocrx_word' id='word_1_243' title='bbox 884 2234 918 2264; x_wconf 93' lang='lat' dir='ltr'>in</span> <span class='ocrx_word' id='word_1_244' title='bbox 946 2234 1069 2265; x_wconf 86' lang='lat' dir='ltr'>duabus</span> 
     </span>
     <span class='ocr_line' id='line_1_39' title="bbox 111 2274 1068 2316; baseline 0.004 -12"><span class='ocrx_word' id='word_1_245' title='bbox 111 2274 257 2314; x_wconf 89' lang='lat' dir='ltr'>partibus</span> <span class='ocrx_word' id='word_1_246' title='bbox 279 2276 463 2316; x_wconf 74' lang='lat' dir='ltr'>consistere,</span> <span class='ocrx_word' id='word_1_247' title='bbox 486 2281 521 2306; x_wconf 90' lang='lat' dir='ltr'>ut</span> <span class='ocrx_word' id='word_1_248' title='bbox 544 2286 621 2307; x_wconf 82' lang='lat' dir='ltr'>vera</span> <span class='ocrx_word' id='word_1_249' title='bbox 643 2277 762 2316; x_wconf 89' lang='lat' dir='ltr'>pietate</span> <span class='ocrx_word' id='word_1_250' title='bbox 785 2277 891 2307; x_wconf 87' lang='lat' dir='ltr'>Deum</span> <span class='ocrx_word' id='word_1_251' title='bbox 915 2276 1068 2315; x_wconf 81' lang='lat' dir='ltr'>colamus,</span> 
     </span>
     <span class='ocr_line' id='line_1_40' title="bbox 111 2317 1069 2357; baseline 0.004 -11"><span class='ocrx_word' id='word_1_252' title='bbox 111 2320 143 2347; x_wconf 85' lang='lat' dir='ltr'>et</span> <span class='ocrx_word' id='word_1_253' title='bbox 162 2317 292 2348; x_wconf 80' lang='lat' dir='ltr'>innoxie</span> <span class='ocrx_word' id='word_1_254' title='bbox 314 2329 481 2349; x_wconf 82' lang='lat' dir='ltr'>versemur</span> <span class='ocrx_word' id='word_1_255' title='bbox 503 2324 575 2350; x_wconf 88' lang='lat' dir='ltr'>cum</span> <span class='ocrx_word' id='word_1_256' title='bbox 600 2318 793 2357; x_wconf 86' lang='lat' dir='ltr'>hominibus,</span> <span class='ocrx_word' id='word_1_257' title='bbox 818 2318 994 2350; x_wconf 80' lang='lat' dir='ltr'>secundnm</span> <span class='ocrx_word' id='word_1_258' title='bbox 1018 2330 1069 2350; x_wconf 88' lang='lat' dir='ltr'>ca-</span> 
     </span>
     <span class='ocr_line' id='line_1_41' title="bbox 111 2359 1068 2400; baseline 0.004 -11"><span class='ocrx_word' id='word_1_259' title='bbox 111 2359 217 2390; x_wconf 85' lang='lat' dir='ltr'>ritatis</span> <span class='ocrx_word' id='word_1_260' title='bbox 247 2360 398 2400; x_wconf 87' lang='lat' dir='ltr'>regulam.</span> <span class='ocrx_word' id='word_1_261' title='bbox 443 2361 533 2392; x_wconf 87' lang='lat' dir='ltr'>Idem</span> <span class='ocrx_word' id='word_1_262' title='bbox 564 2366 612 2391; x_wconf 84' lang='lat' dir='ltr'>cst</span> <span class='ocrx_word' id='word_1_263' title='bbox 634 2362 804 2393; x_wconf 90' lang='lat' dir='ltr'>verborum</span> <span class='ocrx_word' id='word_1_264' title='bbox 829 2361 923 2392; x_wconf 86' lang='lat' dir='ltr'>Pauli</span> <span class='ocrx_word' id='word_1_265' title='bbox 945 2372 1068 2400; x_wconf 85' lang='lat' dir='ltr'>sensus,</span> 
     </span>
     <span class='ocr_line' id='line_1_42' title="bbox 111 2401 1068 2444; baseline 0.003 -13"><span class='ocrx_word' id='word_1_266' title='bbox 111 2401 187 2441; x_wconf 83' lang='lat' dir='ltr'>quia</span> <span class='ocrx_word' id='word_1_267' title='bbox 208 2401 286 2432; x_wconf 88' lang='lat' dir='ltr'>fides</span> <span class='ocrx_word' id='word_1_268' title='bbox 308 2412 386 2441; x_wconf 83' lang='lat' dir='ltr'>quae</span> <span class='ocrx_word' id='word_1_269' title='bbox 404 2403 469 2434; x_wconf 86' lang='lat' dir='ltr'>illic</span> <span class='ocrx_word' id='word_1_270' title='bbox 499 2409 632 2435; x_wconf 85' lang='lat' dir='ltr'>vocatur</span> <span class='ocrx_word' id='word_1_271' title='bbox 661 2404 731 2435; x_wconf 85' lang='lat' dir='ltr'>fons</span> <span class='ocrx_word' id='word_1_272' title='bbox 754 2408 786 2435; x_wconf 91' lang='lat' dir='ltr'>et</span> <span class='ocrx_word' id='word_1_273' title='bbox 808 2405 896 2444; x_wconf 86' lang='lat' dir='ltr'>origo</span> <span class='ocrx_word' id='word_1_274' title='bbox 919 2405 1068 2442; x_wconf 83' lang='lat' dir='ltr'>caritatis,</span> 
     </span>
     <span class='ocr_line' id='line_1_43' title="bbox 112 2444 1067 2486; baseline 0.005 -13"><span class='ocrx_word' id='word_1_275' title='bbox 112 2444 315 2474; x_wconf 86' lang='lat' dir='ltr'>dilectionem</span> <span class='ocrx_word' id='word_1_276' title='bbox 339 2445 400 2475; x_wconf 88' lang='lat' dir='ltr'>Dei</span> <span class='ocrx_word' id='word_1_277' title='bbox 430 2446 465 2476; x_wconf 86' lang='lat' dir='ltr'>in</span> <span class='ocrx_word' id='word_1_278' title='bbox 495 2457 528 2477; x_wconf 92' lang='lat' dir='ltr'>se</span> <span class='ocrx_word' id='word_1_279' title='bbox 550 2446 785 2486; x_wconf 76' lang='lat' dir='ltr'>complectitur.</span> <span class='ocrx_word' id='word_1_280' title='bbox 831 2447 915 2477; x_wconf 78' lang='lat' dir='ltr'>Fixa.</span> <span class='ocrx_word' id='word_1_281' title='bbox 938 2447 1067 2486; x_wconf 90' lang='lat' dir='ltr'>quidem</span> 
     </span>
     <span class='ocr_line' id='line_1_44' title="bbox 112 2486 1067 2530; baseline 0.005 -15"><span class='ocrx_word' id='word_1_282' title='bbox 112 2490 241 2516; x_wconf 86' lang='lat' dir='ltr'>mancat</span> <span class='ocrx_word' id='word_1_283' title='bbox 254 2486 377 2517; x_wconf 78' lang='lat' dir='ltr'>Christi</span> <span class='ocrx_word' id='word_1_284' title='bbox 400 2489 564 2527; x_wconf 84' lang='lat' dir='ltr'>sententia,</span> <span class='ocrx_word' id='word_1_285' title='bbox 590 2489 671 2519; x_wconf 84' lang='lat' dir='ltr'>nihil</span> <span class='ocrx_word' id='word_1_286' title='bbox 695 2501 713 2520; x_wconf 84' lang='lat' dir='ltr'>a</span> <span class='ocrx_word' id='word_1_287' title='bbox 737 2489 827 2520; x_wconf 84' lang='lat' dir='ltr'>nobis</span> <span class='ocrx_word' id='word_1_288' title='bbox 849 2489 883 2519; x_wconf 92' lang='lat' dir='ltr'>in</span> <span class='ocrx_word' id='word_1_289' title='bbox 908 2489 977 2530; x_wconf 82' lang='lat' dir='ltr'>lege</span> <span class='ocrx_word' id='word_1_290' title='bbox 1001 2491 1067 2520; x_wconf 76' lang='lat' dir='ltr'>cxi-</span> 
     </span>
     <span class='ocr_line' id='line_1_45' title="bbox 112 2528 1069 2571; baseline 0.006 -14"><span class='ocrx_word' id='word_1_291' title='bbox 112 2529 159 2568; x_wconf 85' lang='lat' dir='ltr'>gi,</span> <span class='ocrx_word' id='word_1_292' title='bbox 190 2528 252 2559; x_wconf 90' lang='lat' dir='ltr'>nisi</span> <span class='ocrx_word' id='word_1_293' title='bbox 283 2534 319 2559; x_wconf 90' lang='lat' dir='ltr'>ut</span> <span class='ocrx_word' id='word_1_294' title='bbox 348 2528 455 2560; x_wconf 84' lang='lat' dir='ltr'>Deum</span> <span class='ocrx_word' id='word_1_295' title='bbox 484 2541 556 2562; x_wconf 89' lang='lat' dir='ltr'>cnm</span> <span class='ocrx_word' id='word_1_296' title='bbox 586 2531 741 2571; x_wconf 83' lang='lat' dir='ltr'>proximis</span> <span class='ocrx_word' id='word_1_297' title='bbox 770 2542 922 2563; x_wconf 86' lang='lat' dir='ltr'>amemus.</span> <span class='ocrx_word' id='word_1_298' title='bbox 974 2532 1069 2564; x_wconf 84' lang='lat' dir='ltr'>Unde</span> 
     </span>
     <span class='ocr_line' id='line_1_46' title="bbox 112 2570 1070 2614; baseline 0.005 -13"><span class='ocrx_word' id='word_1_299' title='bbox 112 2570 219 2602; x_wconf 85' lang='lat' dir='ltr'>brevis</span> <span class='ocrx_word' id='word_1_300' title='bbox 238 2574 270 2602; x_wconf 90' lang='lat' dir='ltr'>et</span> <span class='ocrx_word' id='word_1_301' title='bbox 287 2571 373 2601; x_wconf 80' lang='lat' dir='ltr'>clara</span> <span class='ocrx_word' id='word_1_302' title='bbox 391 2571 530 2603; x_wconf 87' lang='lat' dir='ltr'>definitio</span> <span class='ocrx_word' id='word_1_303' title='bbox 553 2575 635 2605; x_wconf 84' lang='lat' dir='ltr'>sumi</span> <span class='ocrx_word' id='word_1_304' title='bbox 659 2578 771 2614; x_wconf 86' lang='lat' dir='ltr'>potest,</span> <span class='ocrx_word' id='word_1_305' title='bbox 795 2575 833 2605; x_wconf 85' lang='lat' dir='ltr'>ad</span> <span class='ocrx_word' id='word_1_306' title='bbox 857 2575 937 2606; x_wconf 89' lang='lat' dir='ltr'>bene</span> <span class='ocrx_word' id='word_1_307' title='bbox 961 2575 1070 2606; x_wconf 86' lang='lat' dir='ltr'>viven-</span> 
     </span>
     <span class='ocr_line' id='line_1_47' title="bbox 112 2613 1068 2655; baseline 0.006 -11"><span class='ocrx_word' id='word_1_308' title='bbox 112 2613 190 2644; x_wconf 88' lang='lat' dir='ltr'>dum</span> <span class='ocrx_word' id='word_1_309' title='bbox 215 2613 297 2643; x_wconf 90' lang='lat' dir='ltr'>nihil</span> <span class='ocrx_word' id='word_1_310' title='bbox 320 2613 440 2653; x_wconf 78' lang='lat' dir='ltr'>requiri</span> <span class='ocrx_word' id='word_1_311' title='bbox 462 2615 522 2646; x_wconf 83' lang='lat' dir='ltr'>nisi</span> <span class='ocrx_word' id='word_1_312' title='bbox 545 2616 695 2655; x_wconf 85' lang='lat' dir='ltr'>pietatem</span> <span class='ocrx_word' id='word_1_313' title='bbox 720 2621 751 2648; x_wconf 86' lang='lat' dir='ltr'>et</span> <span class='ocrx_word' id='word_1_314' title='bbox 772 2618 936 2649; x_wconf 87' lang='lat' dir='ltr'>iustitiam.</span> <span class='ocrx_word' id='word_1_315' title='bbox 969 2618 1068 2649; x_wconf 89' lang='lat' dir='ltr'>Vide-</span> 
     </span>
    </p>

    <p class='ocr_par' dir='ltr' id='par_1_11' title="bbox 215 2662 659 2696">
     <span class='ocr_line' id='line_1_48' title="bbox 215 2662 659 2696; baseline 0.011 -8"><span class='ocrx_word' id='word_1_316' title='bbox 215 2662 325 2689; x_wconf 81' lang='lat' dir='ltr'>Calvim&#39;</span> <span class='ocrx_word' id='word_1_317' title='bbox 340 2670 431 2696; x_wconf 78' lang='lat' dir='ltr'>opera.</span> <span class='ocrx_word' id='word_1_318' title='bbox 470 2664 527 2691; x_wconf 84' lang='lat' dir='ltr'>Vol.</span> <span class='ocrx_word' id='word_1_319' title='bbox 547 2665 659 2694; x_wconf 89' lang='lat' dir='ltr'><strong><em>XXIV.</em></strong></span> 
     </span>
    </p>
   </div>
   <div class='ocr_carea' id='block_1_11' title="bbox 1097 719 1104 2659">
    <p class='ocr_par' dir='ltr' id='par_1_12' title="bbox 1097 719 1104 2659">
     <span class='ocr_line' id='line_1_49' title="bbox 1097 719 1104 2659; baseline 0 0"><span class='ocrx_word' id='word_1_320' title='bbox 1097 719 1104 2659; x_wconf 95' lang='lat' dir='ltr'> </span> 
     </span>
    </p>
   </div>
   <div class='ocr_carea' id='block_1_12' title="bbox 1120 490 2092 2694">
    <p class='ocr_par' dir='ltr' id='par_1_13' title="bbox 1120 490 2092 2694">
     <span class='ocr_line' id='line_1_50' title="bbox 1124 490 2090 532; baseline 0.002 -11"><span class='ocrx_word' id='word_1_321' title='bbox 1124 495 1176 521; x_wconf 87' lang='lat' dir='ltr'>tur</span> <span class='ocrx_word' id='word_1_322' title='bbox 1205 490 1332 529; x_wconf 88' lang='lat' dir='ltr'>quidem</span> <span class='ocrx_word' id='word_1_323' title='bbox 1357 491 1479 522; x_wconf 87' lang='lat' dir='ltr'>Paulus</span> <span class='ocrx_word' id='word_1_324' title='bbox 1503 490 1577 532; x_wconf 85' lang='lat' dir='ltr'>(Tit.</span> <span class='ocrx_word' id='word_1_325' title='bbox 1609 491 1644 527; x_wconf 87' lang='lat'>2,</span> <span class='ocrx_word' id='word_1_326' title='bbox 1678 490 1728 532; x_wconf 90' lang='lat'>12)</span> <span class='ocrx_word' id='word_1_327' title='bbox 1753 491 1883 521; x_wconf 82' lang='lat' dir='ltr'>tertium</span> <span class='ocrx_word' id='word_1_328' title='bbox 1909 491 2090 523; x_wconf 88' lang='lat' dir='ltr'>membrum</span> 
     </span>
     <span class='ocr_line' id='line_1_51' title="bbox 1124 532 2089 574; baseline 0.002 -11"><span class='ocrx_word' id='word_1_329' title='bbox 1124 532 1251 570; x_wconf 81' lang='lat' dir='ltr'>addere,</span> <span class='ocrx_word' id='word_1_330' title='bbox 1264 533 1317 564; x_wconf 92' lang='lat' dir='ltr'>ubi</span> <span class='ocrx_word' id='word_1_331' title='bbox 1332 533 1429 564; x_wconf 81' lang='lat' dir='ltr'>tradit</span> <span class='ocrx_word' id='word_1_332' title='bbox 1442 534 1629 573; x_wconf 71' lang='lat' dir='ltr'>apparuisse</span> <span class='ocrx_word' id='word_1_333' title='bbox 1643 532 1705 564; x_wconf 92' lang='lat' dir='ltr'>Dei</span> <span class='ocrx_word' id='word_1_334' title='bbox 1715 533 1861 573; x_wconf 78' lang='lat' dir='ltr'>gratiam,</span> <span class='ocrx_word' id='word_1_335' title='bbox 1875 539 1912 564; x_wconf 90' lang='lat' dir='ltr'>ut</span> <span class='ocrx_word' id='word_1_336' title='bbox 1928 534 2089 574; x_wconf 81' lang='lat' dir='ltr'>abnegata</span> 
     </span>
     <span class='ocr_line' id='line_1_52' title="bbox 1124 575 2091 617; baseline 0.001 -12"><span class='ocrx_word' id='word_1_337' title='bbox 1124 575 1288 614; x_wconf 80' lang='lat' dir='ltr'>impietate</span> <span class='ocrx_word' id='word_1_338' title='bbox 1312 580 1341 605; x_wconf 87' lang='lat' dir='ltr'>et</span> <span class='ocrx_word' id='word_1_339' title='bbox 1365 576 1538 607; x_wconf 71' lang='lat' dir='ltr'>mun-lanis</span> <span class='ocrx_word' id='word_1_340' title='bbox 1561 576 1837 615; x_wconf 80' lang='lat' dir='ltr'>concupiscentiis,</span> <span class='ocrx_word' id='word_1_341' title='bbox 1862 581 2091 617; x_wconf 79' lang='lat' dir='ltr'>temperanter,</span> 
     </span>
     <span class='ocr_line' id='line_1_53' title="bbox 1125 617 2090 659; baseline 0 -11"><span class='ocrx_word' id='word_1_342' title='bbox 1125 617 1175 656; x_wconf 88' lang='lat' dir='ltr'>pie</span> <span class='ocrx_word' id='word_1_343' title='bbox 1195 623 1226 648; x_wconf 86' lang='lat' dir='ltr'>et</span> <span class='ocrx_word' id='word_1_344' title='bbox 1248 618 1332 648; x_wconf 86' lang='lat' dir='ltr'>iuste</span> <span class='ocrx_word' id='word_1_345' title='bbox 1355 619 1504 649; x_wconf 79' lang='lat' dir='ltr'>vivamus</span> <span class='ocrx_word' id='word_1_346' title='bbox 1528 619 1559 649; x_wconf 90' lang='lat' dir='ltr'>in</span> <span class='ocrx_word' id='word_1_347' title='bbox 1583 618 1643 649; x_wconf 89' lang='lat' dir='ltr'>hoc</span> <span class='ocrx_word' id='word_1_348' title='bbox 1667 618 1809 649; x_wconf 83' lang='lat' dir='ltr'>saeculo:</span> <span class='ocrx_word' id='word_1_349' title='bbox 1834 629 1945 649; x_wconf 86' lang='lat' dir='ltr'>verum</span> <span class='ocrx_word' id='word_1_350' title='bbox 1971 630 2090 659; x_wconf 77' lang='grc' dir='ltr'><em>σωφρο-</em></span> 
     </span>
     <span class='ocr_line' id='line_1_54' title="bbox 1125 659 2090 700; baseline 0.003 -11"><span class='ocrx_word' id='word_1_351' title='bbox 1125 662 1195 697; x_wconf 73' lang='grc' dir='ltr'>σύνη</span> <span class='ocrx_word' id='word_1_352' title='bbox 1225 660 1290 691; x_wconf 90' lang='lat' dir='ltr'>illie</span> <span class='ocrx_word' id='word_1_353' title='bbox 1321 659 1450 691; x_wconf 85' lang='lat' dir='ltr'>additur</span> <span class='ocrx_word' id='word_1_354' title='bbox 1481 666 1630 700; x_wconf 86' lang='lat' dir='ltr'>tanquam</span> <span class='ocrx_word' id='word_1_355' title='bbox 1663 661 1904 691; x_wconf 82' lang='lat' dir='ltr'>condimentum</span> <span class='ocrx_word' id='word_1_356' title='bbox 1929 661 2033 692; x_wconf 86' lang='lat' dir='ltr'>iustae</span> <span class='ocrx_word' id='word_1_357' title='bbox 2057 666 2090 692; x_wconf 88' lang='lat' dir='ltr'>et</span> 
     </span>
     <span class='ocr_line' id='line_1_55' title="bbox 1126 702 2087 743; baseline 0.001 -10"><span class='ocrx_word' id='word_1_358' title='bbox 1126 702 1197 742; x_wconf 82' lang='lat' dir='ltr'>piae</span> <span class='ocrx_word' id='word_1_359' title='bbox 1229 703 1322 733; x_wconf 87' lang='lat' dir='ltr'>vitae.</span> <span class='ocrx_word' id='word_1_360' title='bbox 1368 703 1409 733; x_wconf 81' lang='lat' dir='ltr'>Et</span> <span class='ocrx_word' id='word_1_361' title='bbox 1435 708 1519 733; x_wconf 83' lang='lat' dir='ltr'>certe</span> <span class='ocrx_word' id='word_1_362' title='bbox 1543 703 1605 733; x_wconf 72' lang='lat' dir='ltr'>nisi</span> <span class='ocrx_word' id='word_1_363' title='bbox 1629 709 1713 734; x_wconf 82' lang='lat' dir='ltr'>caste</span> <span class='ocrx_word' id='word_1_364' title='bbox 1739 704 1934 743; x_wconf 84' lang='lat' dir='ltr'>honesteque</span> <span class='ocrx_word' id='word_1_365' title='bbox 1958 710 1990 734; x_wconf 88' lang='lat' dir='ltr'>et</span> <span class='ocrx_word' id='word_1_366' title='bbox 2013 713 2087 734; x_wconf 91' lang='lat' dir='ltr'>con-</span> 
     </span>
     <span class='ocr_line' id='line_1_56' title="bbox 1127 745 2087 785; baseline 0.001 -10"><span class='ocrx_word' id='word_1_367' title='bbox 1127 745 1268 776; x_wconf 85' lang='lat' dir='ltr'>tinenter</span> <span class='ocrx_word' id='word_1_368' title='bbox 1287 745 1433 783; x_wconf 83' lang='lat' dir='ltr'>vivendo,</span> <span class='ocrx_word' id='word_1_369' title='bbox 1457 756 1550 776; x_wconf 89' lang='lat' dir='ltr'>nemo</span> <span class='ocrx_word' id='word_1_370' title='bbox 1575 746 1722 785; x_wconf 80' lang='lat' dir='ltr'>probabit</span> <span class='ocrx_word' id='word_1_371' title='bbox 1745 747 1924 777; x_wconf 76' lang='lat' dir='ltr'>sanctitatis</span> <span class='ocrx_word' id='word_1_372' title='bbox 1949 751 1980 777; x_wconf 91' lang='lat' dir='ltr'>et</span> <span class='ocrx_word' id='word_1_373' title='bbox 2003 747 2087 776; x_wconf 92' lang='lat' dir='ltr'>intc-</span> 
     </span>
     <span class='ocr_line' id='line_1_57' title="bbox 1127 787 2090 828; baseline 0.001 -10"><span class='ocrx_word' id='word_1_374' title='bbox 1127 788 1252 828; x_wconf 82' lang='lat' dir='ltr'>gritatis</span> <span class='ocrx_word' id='word_1_375' title='bbox 1286 787 1393 819; x_wconf 90' lang='lat' dir='ltr'>studio</span> <span class='ocrx_word' id='word_1_376' title='bbox 1423 798 1456 818; x_wconf 87' lang='lat' dir='ltr'>sc</span> <span class='ocrx_word' id='word_1_377' title='bbox 1486 798 1553 818; x_wconf 82' lang='lat' dir='ltr'>esse</span> <span class='ocrx_word' id='word_1_378' title='bbox 1585 788 1757 819; x_wconf 75' lang='lat' dir='ltr'>addietum.</span> <span class='ocrx_word' id='word_1_379' title='bbox 1810 788 1998 823; x_wconf 83' lang='lat' dir='ltr'>Caeterum.</span> <span class='ocrx_word' id='word_1_380' title='bbox 2035 788 2090 819; x_wconf 89' lang='lat' dir='ltr'>nbi</span> 
     </span>
     <span class='ocr_line' id='line_1_58' title="bbox 1128 830 2091 871; baseline 0.001 -11"><span class='ocrx_word' id='word_1_381' title='bbox 1128 831 1300 869; x_wconf 84' lang='lat' dir='ltr'>praeterito</span> <span class='ocrx_word' id='word_1_382' title='bbox 1324 830 1387 860; x_wconf 89' lang='lat' dir='ltr'>Dei</span> <span class='ocrx_word' id='word_1_383' title='bbox 1418 830 1521 867; x_wconf 77' lang='lat' dir='ltr'>cultu,</span> <span class='ocrx_word' id='word_1_384' title='bbox 1553 830 1698 861; x_wconf 84' lang='lat' dir='ltr'>doctrina</span> <span class='ocrx_word' id='word_1_385' title='bbox 1729 831 1808 871; x_wconf 82' lang='lat' dir='ltr'>legis</span> <span class='ocrx_word' id='word_1_386' title='bbox 1832 831 1871 861; x_wconf 87' lang='lat' dir='ltr'>ad</span> <span class='ocrx_word' id='word_1_387' title='bbox 1894 832 1994 862; x_wconf 86' lang='lat' dir='ltr'>solam</span> <span class='ocrx_word' id='word_1_388' title='bbox 2019 841 2091 871; x_wconf 91' lang='lat' dir='ltr'>pro-</span> 
     </span>
     <span class='ocr_line' id='line_1_59' title="bbox 1128 872 2090 914; baseline 0.001 -11"><span class='ocrx_word' id='word_1_389' title='bbox 1128 873 1205 903; x_wconf 83' lang='lat' dir='ltr'>ximi</span> <span class='ocrx_word' id='word_1_390' title='bbox 1227 872 1431 903; x_wconf 80' lang='lat' dir='ltr'>dilectionem</span> <span class='ocrx_word' id='word_1_391' title='bbox 1452 872 1668 913; x_wconf 79' lang='lat' dir='ltr'>restringitur,</span> <span class='ocrx_word' id='word_1_392' title='bbox 1692 884 1754 904; x_wconf 90' lang='lat' dir='ltr'>non</span> <span class='ocrx_word' id='word_1_393' title='bbox 1776 878 1841 904; x_wconf 87' lang='lat' dir='ltr'>tam</span> <span class='ocrx_word' id='word_1_394' title='bbox 1861 874 2015 914; x_wconf 74' lang='lat' dir='ltr'>sepelitur</span> <span class='ocrx_word' id='word_1_395' title='bbox 2039 884 2090 904; x_wconf 90' lang='lat' dir='ltr'>re-</span> 
     </span>
     <span class='ocr_line' id='line_1_60' title="bbox 1128 915 2090 955; baseline 0.001 -10"><span class='ocrx_word' id='word_1_396' title='bbox 1128 915 1217 955; x_wconf 76' lang='lat' dir='ltr'>ligioy</span> <span class='ocrx_word' id='word_1_397' title='bbox 1253 926 1347 955; x_wconf 81' lang='lat' dir='ltr'>quam</span> <span class='ocrx_word' id='word_1_398' title='bbox 1382 915 1546 954; x_wconf 80' lang='lat' dir='ltr'>profertur</span> <span class='ocrx_word' id='word_1_399' title='bbox 1579 916 1646 946; x_wconf 88' lang='lat' dir='ltr'>eins</span> <span class='ocrx_word' id='word_1_400' title='bbox 1680 916 1900 947; x_wconf 84' lang='lat' dir='ltr'>testimonium</span> <span class='ocrx_word' id='word_1_401' title='bbox 1935 927 1975 947; x_wconf 83' lang='lat' dir='ltr'>ex</span> <span class='ocrx_word' id='word_1_402' title='bbox 2006 916 2090 946; x_wconf 88' lang='lat' dir='ltr'>serio</span> 
     </span>
     <span class='ocr_line' id='line_1_61' title="bbox 1128 958 2090 997; baseline 0.001 -9"><span class='ocrx_word' id='word_1_403' title='bbox 1128 959 1285 988; x_wconf 80' lang='lat' dir='ltr'>examine.</span> <span class='ocrx_word' id='word_1_404' title='bbox 1331 958 1413 988; x_wconf 85' lang='lat' dir='ltr'>Nam</span> <span class='ocrx_word' id='word_1_405' title='bbox 1438 968 1536 996; x_wconf 84' lang='lat' dir='ltr'>quum</span> <span class='ocrx_word' id='word_1_406' title='bbox 1561 958 1740 997; x_wconf 62' lang='lat' dir='ltr'>hypocritis</span> <span class='ocrx_word' id='word_1_407' title='bbox 1762 969 1830 989; x_wconf 83' lang='lat' dir='ltr'>mos</span> <span class='ocrx_word' id='word_1_408' title='bbox 1853 959 1911 997; x_wconf 81' lang='lat' dir='ltr'>sit,</span> <span class='ocrx_word' id='word_1_409' title='bbox 1935 959 2011 989; x_wconf 80' lang='lat' dir='ltr'>(lum</span> <span class='ocrx_word' id='word_1_410' title='bbox 2036 969 2090 989; x_wconf 89' lang='lat' dir='ltr'>su-</span> 
     </span>
     <span class='ocr_line' id='line_1_62' title="bbox 1127 1000 2090 1042; baseline 0.001 -11"><span class='ocrx_word' id='word_1_411' title='bbox 1127 1001 1237 1040; x_wconf 88' lang='lat' dir='ltr'>perbia</span> <span class='ocrx_word' id='word_1_412' title='bbox 1266 1005 1414 1040; x_wconf 84' lang='lat' dir='ltr'>turgent,</span> <span class='ocrx_word' id='word_1_413' title='bbox 1446 1000 1621 1039; x_wconf 78' lang='lat' dir='ltr'>rapacitate</span> <span class='ocrx_word' id='word_1_414' title='bbox 1642 1008 1671 1030; x_wconf 87' lang='lat' dir='ltr'>et</span> <span class='ocrx_word' id='word_1_415' title='bbox 1697 1001 1833 1032; x_wconf 85' lang='lat' dir='ltr'>avaritia</span> <span class='ocrx_word' id='word_1_416' title='bbox 1856 1002 2012 1042; x_wconf 78' lang='lat' dir='ltr'>flagrant⁷</span> <span class='ocrx_word' id='word_1_417' title='bbox 2041 1011 2090 1032; x_wconf 83' lang='lat' dir='ltr'>re—</span> 
     </span>
     <span class='ocr_line' id='line_1_63' title="bbox 1127 1042 2090 1083; baseline 0.002 -10"><span class='ocrx_word' id='word_1_418' title='bbox 1127 1043 1199 1073; x_wconf 87' lang='lat' dir='ltr'>ferti</span> <span class='ocrx_word' id='word_1_419' title='bbox 1230 1048 1305 1074; x_wconf 85' lang='lat' dir='ltr'>suut</span> <span class='ocrx_word' id='word_1_420' title='bbox 1327 1042 1448 1073; x_wconf 83' lang='lat' dir='ltr'>invidia</span> <span class='ocrx_word' id='word_1_421' title='bbox 1471 1049 1502 1072; x_wconf 86' lang='lat' dir='ltr'>et</span> <span class='ocrx_word' id='word_1_422' title='bbox 1525 1042 1754 1080; x_wconf 81' lang='lat' dir='ltr'>aemulatione,</span> <span class='ocrx_word' id='word_1_423' title='bbox 1778 1044 2001 1075; x_wconf 84' lang='lat' dir='ltr'>crudelitatem</span> <span class='ocrx_word' id='word_1_424' title='bbox 2025 1044 2090 1083; x_wconf 91' lang='lat' dir='ltr'>spi-</span> 
     </span>
     <span class='ocr_line' id='line_1_64' title="bbox 1128 1085 2092 1126; baseline 0.001 -10"><span class='ocrx_word' id='word_1_425' title='bbox 1128 1091 1203 1116; x_wconf 85' lang='lat' dir='ltr'>rant</span> <span class='ocrx_word' id='word_1_426' title='bbox 1224 1090 1255 1116; x_wconf 84' lang='lat' dir='ltr'>et</span> <span class='ocrx_word' id='word_1_427' title='bbox 1278 1086 1393 1123; x_wconf 79' lang='lat' dir='ltr'>minas,</span> <span class='ocrx_word' id='word_1_428' title='bbox 1416 1085 1455 1115; x_wconf 83' lang='lat' dir='ltr'>ad</span> <span class='ocrx_word' id='word_1_429' title='bbox 1479 1085 1586 1116; x_wconf 80' lang='lat' dir='ltr'>foedas</span> <span class='ocrx_word' id='word_1_430' title='bbox 1609 1085 1758 1115; x_wconf 74' lang='lat' dir='ltr'>libidines</span> <span class='ocrx_word' id='word_1_431' title='bbox 1781 1091 1856 1117; x_wconf 86' lang='lat' dir='ltr'>sunt</span> <span class='ocrx_word' id='word_1_432' title='bbox 1875 1087 2015 1126; x_wconf 88' lang='lat' dir='ltr'>proiecti,</span> <span class='ocrx_word' id='word_1_433' title='bbox 2038 1086 2092 1117; x_wconf 93' lang='lat' dir='ltr'>ob-</span> 
     </span>
     <span class='ocr_line' id='line_1_65' title="bbox 1128 1128 2091 1161; baseline 0.003 -3"><span class='ocrx_word' id='word_1_434' title='bbox 1128 1128 1259 1158; x_wconf 80' lang='lat' dir='ltr'>tendere</span> <span class='ocrx_word' id='word_1_435' title='bbox 1275 1133 1383 1158; x_wconf 89' lang='lat' dir='ltr'>tamen</span> <span class='ocrx_word' id='word_1_436' title='bbox 1408 1128 1532 1158; x_wconf 86' lang='lat' dir='ltr'>larvam</span> <span class='ocrx_word' id='word_1_437' title='bbox 1555 1129 1783 1159; x_wconf 74' lang='lat' dir='ltr'>sanctimoniae</span> <span class='ocrx_word' id='word_1_438' title='bbox 1808 1130 1839 1159; x_wconf 90' lang='lat' dir='ltr'>in</span> <span class='ocrx_word' id='word_1_439' title='bbox 1863 1130 2091 1161; x_wconf 84' lang='lat' dir='ltr'>eaeremoniis:</span> 
     </span>
     <span class='ocr_line' id='line_1_66' title="bbox 1129 1170 2087 1211; baseline 0.003 -10"><span class='ocrx_word' id='word_1_440' title='bbox 1129 1171 1209 1201; x_wconf 85' lang='lat' dir='ltr'>tales</span> <span class='ocrx_word' id='word_1_441' title='bbox 1247 1171 1472 1201; x_wconf 84' lang='lat' dir='ltr'>ostentationis</span> <span class='ocrx_word' id='word_1_442' title='bbox 1509 1170 1642 1201; x_wconf 86' lang='lat' dir='ltr'>nebulas</span> <span class='ocrx_word' id='word_1_443' title='bbox 1678 1175 1715 1201; x_wconf 90' lang='lat' dir='ltr'>ut</span> <span class='ocrx_word' id='word_1_444' title='bbox 1745 1171 1897 1203; x_wconf 86' lang='lat' dir='ltr'>discutiat</span> <span class='ocrx_word' id='word_1_445' title='bbox 1926 1172 2087 1211; x_wconf 78' lang='lat' dir='ltr'>Christus,</span> 
     </span>
     <span class='ocr_line' id='line_1_67' title="bbox 1129 1212 2088 1253; baseline 0.002 -9"><span class='ocrx_word' id='word_1_446' title='bbox 1129 1214 1246 1244; x_wconf 86' lang='lat' dir='ltr'>clamat</span> <span class='ocrx_word' id='word_1_447' title='bbox 1280 1214 1452 1253; x_wconf 88' lang='lat' dir='ltr'>praecipua</span> <span class='ocrx_word' id='word_1_448' title='bbox 1484 1212 1565 1253; x_wconf 78' lang='lat' dir='ltr'>legis</span> <span class='ocrx_word' id='word_1_449' title='bbox 1593 1214 1699 1252; x_wconf 81' lang='lat' dir='ltr'>capita</span> <span class='ocrx_word' id='word_1_450' title='bbox 1726 1224 1794 1244; x_wconf 86' lang='lat' dir='ltr'>csso</span> <span class='ocrx_word' id='word_1_451' title='bbox 1826 1215 2088 1253; x_wconf 83' lang='lat' dir='ltr'>misericordiam,</span> 
     </span>
     <span class='ocr_line' id='line_1_68' title="bbox 1129 1255 2091 1298; baseline 0.003 -12"><span class='ocrx_word' id='word_1_452' title='bbox 1129 1255 1293 1291; x_wconf 83' lang='lat' dir='ltr'>iudicium,</span> <span class='ocrx_word' id='word_1_453' title='bbox 1317 1262 1349 1286; x_wconf 88' lang='lat' dir='ltr'>et</span> <span class='ocrx_word' id='word_1_454' title='bbox 1369 1255 1555 1286; x_wconf 76' lang='lat' dir='ltr'>fidelitatem</span> <span class='ocrx_word' id='word_1_455' title='bbox 1569 1255 1700 1297; x_wconf 80' lang='lat' dir='ltr'>(Matth.</span> <span class='ocrx_word' id='word_1_456' title='bbox 1720 1257 1768 1295; x_wconf 69' lang='lat'>23,</span> <span class='ocrx_word' id='word_1_457' title='bbox 1792 1257 1854 1298; x_wconf 73' lang='lat'>23).</span> <span class='ocrx_word' id='word_1_458' title='bbox 1886 1258 1930 1288; x_wconf 78' lang='lat' dir='ltr'>Et</span> <span class='ocrx_word' id='word_1_459' title='bbox 1952 1258 2027 1289; x_wconf 76' lang='lat' dir='ltr'>alibi</span> <span class='ocrx_word' id='word_1_460' title='bbox 2051 1257 2091 1289; x_wconf 80' lang='lat' dir='ltr'>de</span> 
     </span>
     <span class='ocr_line' id='line_1_69' title="bbox 1129 1298 2089 1338; baseline 0.003 -10"><span class='ocrx_word' id='word_1_461' title='bbox 1129 1299 1251 1329; x_wconf 81' lang='lat' dir='ltr'>institia</span> <span class='ocrx_word' id='word_1_462' title='bbox 1271 1299 1350 1338; x_wconf 80' lang='lat' dir='ltr'>legis</span> <span class='ocrx_word' id='word_1_463' title='bbox 1370 1298 1540 1334; x_wconf 81' lang='lat' dir='ltr'>disserens,</span> <span class='ocrx_word' id='word_1_464' title='bbox 1564 1299 1686 1329; x_wconf 88' lang='lat' dir='ltr'>nullam</span> <span class='ocrx_word' id='word_1_465' title='bbox 1706 1300 1822 1338; x_wconf 87' lang='lat' dir='ltr'>prioris</span> <span class='ocrx_word' id='word_1_466' title='bbox 1846 1300 1973 1331; x_wconf 85' lang='lat' dir='ltr'>tabulae</span> <span class='ocrx_word' id='word_1_467' title='bbox 1996 1311 2089 1331; x_wconf 86' lang='lat' dir='ltr'>men—</span> 
     </span>
     <span class='ocr_line' id='line_1_70' title="bbox 1129 1340 2090 1381; baseline 0.003 -11"><span class='ocrx_word' id='word_1_468' title='bbox 1129 1341 1246 1371; x_wconf 88' lang='lat' dir='ltr'>tionem</span> <span class='ocrx_word' id='word_1_469' title='bbox 1267 1341 1340 1371; x_wconf 77' lang='lat' dir='ltr'>facit</span> <span class='ocrx_word' id='word_1_470' title='bbox 1354 1340 1482 1381; x_wconf 80' lang='lat' dir='ltr'>(Matth.</span> <span class='ocrx_word' id='word_1_471' title='bbox 1502 1341 1550 1378; x_wconf 84' lang='lat'>19,</span> <span class='ocrx_word' id='word_1_472' title='bbox 1576 1341 1639 1381; x_wconf 77' lang='lat'>18).</span> <span class='ocrx_word' id='word_1_473' title='bbox 1675 1341 1796 1372; x_wconf 79' lang='lat' dir='ltr'>Eodem</span> <span class='ocrx_word' id='word_1_474' title='bbox 1820 1343 1953 1373; x_wconf 89' lang='lat' dir='ltr'>consilio</span> <span class='ocrx_word' id='word_1_475' title='bbox 1967 1343 2090 1374; x_wconf 87' lang='lat' dir='ltr'>Paulus</span> 
     </span>
     <span class='ocr_line' id='line_1_71' title="bbox 1127 1383 2090 1423; baseline 0.002 -9"><span class='ocrx_word' id='word_1_476' title='bbox 1127 1383 1294 1414; x_wconf 82' lang='lat' dir='ltr'>caritatem</span> <span class='ocrx_word' id='word_1_477' title='bbox 1323 1388 1414 1414; x_wconf 88' lang='lat' dir='ltr'>vocat</span> <span class='ocrx_word' id='word_1_478' title='bbox 1443 1384 1521 1423; x_wconf 79' lang='lat' dir='ltr'>legis</span> <span class='ocrx_word' id='word_1_479' title='bbox 1544 1384 1830 1423; x_wconf 82' lang='lat' dir='ltr'>complementum,</span> <span class='ocrx_word' id='word_1_480' title='bbox 1863 1390 1898 1415; x_wconf 90' lang='lat' dir='ltr'>nt</span> <span class='ocrx_word' id='word_1_481' title='bbox 1920 1385 1995 1416; x_wconf 85' lang='lat' dir='ltr'>alibi</span> <span class='ocrx_word' id='word_1_482' title='bbox 2021 1386 2090 1416; x_wconf 79' lang='lat' dir='ltr'>vin-</span> 
     </span>
     <span class='ocr_line' id='line_1_72' title="bbox 1127 1425 2091 1469; baseline 0.003 -14"><span class='ocrx_word' id='word_1_483' title='bbox 1127 1426 1234 1456; x_wconf 88' lang='lat' dir='ltr'>culum</span> <span class='ocrx_word' id='word_1_484' title='bbox 1265 1426 1469 1465; x_wconf 80' lang='lat' dir='ltr'>perfectionis</span> <span class='ocrx_word' id='word_1_485' title='bbox 1492 1425 1597 1467; x_wconf 75' lang='lat' dir='ltr'>(Rom.</span> <span class='ocrx_word' id='word_1_486' title='bbox 1625 1427 1677 1464; x_wconf 84' lang='lat'>13,</span> <span class='ocrx_word' id='word_1_487' title='bbox 1708 1427 1735 1457; x_wconf 80' lang='lat' dir='ltr'>S.</span> <span class='ocrx_word' id='word_1_488' title='bbox 1772 1428 1838 1458; x_wconf 55' lang='lat'>(101.</span> <span class='ocrx_word' id='word_1_489' title='bbox 1863 1427 1897 1466; x_wconf 82' lang='lat'>3,</span> <span class='ocrx_word' id='word_1_490' title='bbox 1930 1428 1991 1469; x_wconf 84' lang='lat'>14).</span> <span class='ocrx_word' id='word_1_491' title='bbox 2037 1428 2091 1458; x_wconf 90' lang='lat' dir='ltr'>In-</span> 
     </span>
     <span class='ocr_line' id='line_1_73' title="bbox 1127 1468 2089 1509; baseline 0.004 -11"><span class='ocrx_word' id='word_1_492' title='bbox 1127 1473 1214 1499; x_wconf 80' lang='lat' dir='ltr'>terea</span> <span class='ocrx_word' id='word_1_493' title='bbox 1249 1468 1329 1499; x_wconf 89' lang='lat' dir='ltr'>nihil</span> <span class='ocrx_word' id='word_1_494' title='bbox 1358 1469 1465 1499; x_wconf 89' lang='lat' dir='ltr'>minus</span> <span class='ocrx_word' id='word_1_495' title='bbox 1494 1469 1556 1499; x_wconf 84' lang='lat' dir='ltr'>fuit</span> <span class='ocrx_word' id='word_1_496' title='bbox 1584 1469 1647 1499; x_wconf 87' lang='lat' dir='ltr'>illis</span> <span class='ocrx_word' id='word_1_497' title='bbox 1676 1471 1874 1509; x_wconf 80' lang='lat' dir='ltr'>propositum</span> <span class='ocrx_word' id='word_1_498' title='bbox 1905 1481 1999 1509; x_wconf 83' lang='lat' dir='ltr'>quani</span> <span class='ocrx_word' id='word_1_499' title='bbox 2031 1481 2089 1502; x_wconf 87' lang='lat' dir='ltr'>nos</span> 
     </span>
     <span class='ocr_line' id='line_1_74' title="bbox 1126 1511 2090 1548; baseline 0.003 -7"><span class='ocrx_word' id='word_1_500' title='bbox 1126 1511 1283 1542; x_wconf 86' lang='lat' dir='ltr'>abducere</span> <span class='ocrx_word' id='word_1_501' title='bbox 1306 1521 1324 1541; x_wconf 84' lang='lat' dir='ltr'>a</span> <span class='ocrx_word' id='word_1_502' title='bbox 1348 1512 1461 1542; x_wconf 88' lang='lat' dir='ltr'>timore</span> <span class='ocrx_word' id='word_1_503' title='bbox 1485 1512 1561 1548; x_wconf 86' lang='lat' dir='ltr'>Dei,</span> <span class='ocrx_word' id='word_1_504' title='bbox 1586 1516 1621 1542; x_wconf 87' lang='lat' dir='ltr'>ut</span> <span class='ocrx_word' id='word_1_505' title='bbox 1644 1512 1749 1542; x_wconf 80' lang='lat' dir='ltr'>officia</span> <span class='ocrx_word' id='word_1_506' title='bbox 1772 1518 1881 1543; x_wconf 86' lang='lat' dir='ltr'>nostra</span> <span class='ocrx_word' id='word_1_507' title='bbox 1904 1513 2090 1544; x_wconf 81' lang='lat' dir='ltr'>hominibus</span> 
     </span>
     <span class='ocr_line' id='line_1_75' title="bbox 1127 1554 2088 1594; baseline 0.004 -11"><span class='ocrx_word' id='word_1_508' title='bbox 1127 1554 1326 1584; x_wconf 83' lang='lat' dir='ltr'>addicerent:</span> <span class='ocrx_word' id='word_1_509' title='bbox 1357 1554 1450 1584; x_wconf 86' lang='lat' dir='ltr'>sicuti</span> <span class='ocrx_word' id='word_1_510' title='bbox 1481 1554 1543 1584; x_wconf 84' lang='lat' dir='ltr'>iam</span> <span class='ocrx_word' id='word_1_511' title='bbox 1573 1565 1612 1585; x_wconf 85' lang='lat' dir='ltr'>ex</span> <span class='ocrx_word' id='word_1_512' title='bbox 1643 1555 1705 1585; x_wconf 88' lang='lat' dir='ltr'>alio</span> <span class='ocrx_word' id='word_1_513' title='bbox 1734 1555 1799 1586; x_wconf 89' lang='lat' dir='ltr'>loco</span> <span class='ocrx_word' id='word_1_514' title='bbox 1829 1557 1971 1594; x_wconf 87' lang='lat' dir='ltr'>ostendi,</span> <span class='ocrx_word' id='word_1_515' title='bbox 2011 1555 2088 1588; x_wconf 86' lang='lat' dir='ltr'>dum</span> 
     </span>
     <span class='ocr_line' id='line_1_76' title="bbox 1126 1596 2088 1637; baseline 0.004 -11"><span class='ocrx_word' id='word_1_516' title='bbox 1126 1596 1229 1636; x_wconf 80' lang='lat' dir='ltr'>legem</span> <span class='ocrx_word' id='word_1_517' title='bbox 1257 1597 1415 1636; x_wconf 79' lang='lat' dir='ltr'>integram</span> <span class='ocrx_word' id='word_1_518' title='bbox 1446 1597 1633 1637; x_wconf 79' lang='lat' dir='ltr'>perstringit</span> <span class='ocrx_word' id='word_1_519' title='bbox 1655 1597 1816 1635; x_wconf 81' lang='lat' dir='ltr'>Christus⁷</span> <span class='ocrx_word' id='word_1_520' title='bbox 1849 1599 2017 1630; x_wconf 79' lang='lat' dir='ltr'>exordium</span> <span class='ocrx_word' id='word_1_521' title='bbox 2042 1600 2088 1630; x_wconf 85' lang='lat' dir='ltr'>fa-</span> 
     </span>
     <span class='ocr_line' id='line_1_77' title="bbox 1126 1638 2087 1674; baseline 0.004 -5"><span class='ocrx_word' id='word_1_522' title='bbox 1126 1649 1196 1670; x_wconf 85' lang='lat' dir='ltr'>cere</span> <span class='ocrx_word' id='word_1_523' title='bbox 1227 1638 1265 1669; x_wconf 84' lang='lat' dir='ltr'>ab</span> <span class='ocrx_word' id='word_1_524' title='bbox 1296 1649 1404 1669; x_wconf 84' lang='lat' dir='ltr'>amore</span> <span class='ocrx_word' id='word_1_525' title='bbox 1427 1638 1499 1670; x_wconf 82' lang='lat' dir='ltr'>Dei.</span> <span class='ocrx_word' id='word_1_526' title='bbox 1545 1640 1588 1670; x_wconf 85' lang='lat' dir='ltr'>Et</span> <span class='ocrx_word' id='word_1_527' title='bbox 1616 1640 1737 1670; x_wconf 84' lang='lat' dir='ltr'>Paulus</span> <span class='ocrx_word' id='word_1_528' title='bbox 1767 1640 1819 1670; x_wconf 88' lang='lat' dir='ltr'>ubi</span> <span class='ocrx_word' id='word_1_529' title='bbox 1851 1651 1908 1672; x_wconf 83' lang='lat' dir='ltr'>nos</span> <span class='ocrx_word' id='word_1_530' title='bbox 1938 1642 2087 1674; x_wconf 86' lang='lat' dir='ltr'>omnibus</span> 
     </span>
     <span class='ocr_line' id='line_1_78' title="bbox 1127 1681 2087 1725; baseline 0.005 -14"><span class='ocrx_word' id='word_1_531' title='bbox 1127 1682 1268 1712; x_wconf 86' lang='lat' dir='ltr'>numeris</span> <span class='ocrx_word' id='word_1_532' title='bbox 1291 1681 1464 1721; x_wconf 89' lang='lat' dir='ltr'>completos</span> <span class='ocrx_word' id='word_1_533' title='bbox 1487 1692 1556 1713; x_wconf 87' lang='lat' dir='ltr'>esse</span> <span class='ocrx_word' id='word_1_534' title='bbox 1579 1682 1685 1719; x_wconf 78' lang='lat' dir='ltr'>docet,</span> <span class='ocrx_word' id='word_1_535' title='bbox 1709 1683 1734 1713; x_wconf 88' lang='lat' dir='ltr'>si</span> <span class='ocrx_word' id='word_1_536' title='bbox 1760 1682 1837 1714; x_wconf 84' lang='lat' dir='ltr'>fides</span> <span class='ocrx_word' id='word_1_537' title='bbox 1860 1684 1891 1714; x_wconf 93' lang='lat' dir='ltr'>in</span> <span class='ocrx_word' id='word_1_538' title='bbox 1916 1684 2006 1715; x_wconf 91' lang='lat' dir='ltr'>nobis</span> <span class='ocrx_word' id='word_1_539' title='bbox 2029 1696 2087 1725; x_wconf 88' lang='lat' dir='ltr'>per</span> 
     </span>
     <span class='ocr_line' id='line_1_79' title="bbox 1126 1724 2088 1766; baseline 0.005 -12"><span class='ocrx_word' id='word_1_540' title='bbox 1126 1724 1292 1755; x_wconf 81' lang='lat' dir='ltr'>caritatem</span> <span class='ocrx_word' id='word_1_541' title='bbox 1321 1728 1487 1763; x_wconf 86' lang='lat' dir='ltr'>operatur,</span> <span class='ocrx_word' id='word_1_542' title='bbox 1522 1735 1585 1755; x_wconf 91' lang='lat' dir='ltr'>non</span> <span class='ocrx_word' id='word_1_543' title='bbox 1615 1726 1735 1755; x_wconf 84' lang='lat' dir='ltr'>omittit</span> <span class='ocrx_word' id='word_1_544' title='bbox 1763 1736 1891 1756; x_wconf 83' lang='lat' dir='ltr'>eausam</span> <span class='ocrx_word' id='word_1_545' title='bbox 1921 1727 2024 1766; x_wconf 85' lang='lat' dir='ltr'>ipsam</span> <span class='ocrx_word' id='word_1_546' title='bbox 2054 1732 2088 1759; x_wconf 83' lang='lat' dir='ltr'>et</span> 
     </span>
     <span class='ocr_line' id='line_1_80' title="bbox 1126 1766 2087 1809; baseline 0.005 -12"><span class='ocrx_word' id='word_1_547' title='bbox 1126 1767 1318 1806; x_wconf 88' lang='lat' dir='ltr'>principium</span> <span class='ocrx_word' id='word_1_548' title='bbox 1349 1766 1430 1797; x_wconf 81' lang='lat' dir='ltr'>bene</span> <span class='ocrx_word' id='word_1_549' title='bbox 1459 1767 1590 1798; x_wconf 86' lang='lat' dir='ltr'>vivendi</span> <span class='ocrx_word' id='word_1_550' title='bbox 1614 1767 1701 1808; x_wconf 71' lang='lat' dir='ltr'>(Gal.</span> <span class='ocrx_word' id='word_1_551' title='bbox 1733 1769 1766 1806; x_wconf 80' lang='lat'>5,</span> <span class='ocrx_word' id='word_1_552' title='bbox 1799 1767 1859 1809; x_wconf 82' lang='lat'>14).</span> <span class='ocrx_word' id='word_1_553' title='bbox 1906 1769 2011 1809; x_wconf 86' lang='lat' dir='ltr'>Atque</span> <span class='ocrx_word' id='word_1_554' title='bbox 2040 1770 2087 1802; x_wconf 82' lang='lat' dir='ltr'>ita</span> 
     </span>
     <span class='ocr_line' id='line_1_81' title="bbox 1126 1809 2088 1850; baseline 0.004 -11"><span class='ocrx_word' id='word_1_555' title='bbox 1126 1809 1336 1840; x_wconf 84' lang='lat' dir='ltr'>conciliantur</span> <span class='ocrx_word' id='word_1_556' title='bbox 1359 1819 1441 1849; x_wconf 80' lang='lat' dir='ltr'>quae</span> <span class='ocrx_word' id='word_1_557' title='bbox 1464 1809 1567 1840; x_wconf 87' lang='lat' dir='ltr'>videri</span> <span class='ocrx_word' id='word_1_558' title='bbox 1592 1815 1723 1849; x_wconf 84' lang='lat' dir='ltr'>possent</span> <span class='ocrx_word' id='word_1_559' title='bbox 1744 1811 1776 1841; x_wconf 89' lang='lat' dir='ltr'>in</span> <span class='ocrx_word' id='word_1_560' title='bbox 1801 1811 1938 1850; x_wconf 87' lang='lat' dir='ltr'>speciem</span> <span class='ocrx_word' id='word_1_561' title='bbox 1963 1816 2088 1844; x_wconf 89' lang='lat' dir='ltr'>contra-</span> 
     </span>
     <span class='ocr_line' id='line_1_82' title="bbox 1126 1852 2087 1891; baseline 0.004 -9"><span class='ocrx_word' id='word_1_562' title='bbox 1126 1852 1188 1889; x_wconf 84' lang='lat' dir='ltr'>ria,</span> <span class='ocrx_word' id='word_1_563' title='bbox 1220 1852 1327 1891; x_wconf 89' lang='lat' dir='ltr'>perfici</span> <span class='ocrx_word' id='word_1_564' title='bbox 1359 1852 1643 1883; x_wconf 85' lang='lat' dir='ltr'>sanctificationem</span> <span class='ocrx_word' id='word_1_565' title='bbox 1668 1853 1703 1883; x_wconf 90' lang='lat' dir='ltr'>in</span> <span class='ocrx_word' id='word_1_566' title='bbox 1727 1854 1841 1884; x_wconf 88' lang='lat' dir='ltr'>timore</span> <span class='ocrx_word' id='word_1_567' title='bbox 1866 1854 1927 1884; x_wconf 91' lang='lat' dir='ltr'>Dci</span> <span class='ocrx_word' id='word_1_568' title='bbox 1952 1855 2003 1885; x_wconf 89' lang='lat' dir='ltr'>nbi</span> <span class='ocrx_word' id='word_1_569' title='bbox 2028 1866 2087 1887; x_wconf 87' lang='lat' dir='ltr'>nos</span> 
     </span>
     <span class='ocr_line' id='line_1_83' title="bbox 1126 1894 2087 1936; baseline 0.004 -11"><span class='ocrx_word' id='word_1_570' title='bbox 1126 1894 1318 1925; x_wconf 83' lang='lat' dir='ltr'>mundamur</span> <span class='ocrx_word' id='word_1_571' title='bbox 1337 1894 1375 1924; x_wconf 85' lang='lat' dir='ltr'>ab</span> <span class='ocrx_word' id='word_1_572' title='bbox 1395 1894 1483 1925; x_wconf 92' lang='lat' dir='ltr'>omni</span> <span class='ocrx_word' id='word_1_573' title='bbox 1505 1894 1751 1935; x_wconf 79' lang='lat' dir='ltr'>inquinamento</span> <span class='ocrx_word' id='word_1_574' title='bbox 1774 1896 1880 1926; x_wconf 88' lang='lat' dir='ltr'>carnis</span> <span class='ocrx_word' id='word_1_575' title='bbox 1900 1901 1930 1926; x_wconf 88' lang='lat' dir='ltr'>ct</span> <span class='ocrx_word' id='word_1_576' title='bbox 1953 1897 2087 1936; x_wconf 74' lang='lat' dir='ltr'>spiritus</span> 
     </span>
     <span class='ocr_line' id='line_1_84' title="bbox 1125 1936 2085 1978; baseline 0.004 -11"><span class='ocrx_word' id='word_1_577' title='bbox 1125 1936 1165 1978; x_wconf 87' lang='lat'>(2.</span> <span class='ocrx_word' id='word_1_578' title='bbox 1185 1937 1257 1968; x_wconf 84' lang='lat' dir='ltr'>Cor.</span> <span class='ocrx_word' id='word_1_579' title='bbox 1283 1937 1310 1975; x_wconf 77' lang='lat'>7,</span> <span class='ocrx_word' id='word_1_580' title='bbox 1336 1936 1379 1978; x_wconf 89' lang='lat'>1):</span> <span class='ocrx_word' id='word_1_581' title='bbox 1403 1941 1435 1967; x_wconf 87' lang='lat' dir='ltr'>et</span> <span class='ocrx_word' id='word_1_582' title='bbox 1457 1941 1558 1968; x_wconf 82' lang='lat' dir='ltr'>totam</span> <span class='ocrx_word' id='word_1_583' title='bbox 1584 1938 1686 1978; x_wconf 85' lang='lat' dir='ltr'>legem</span> <span class='ocrx_word' id='word_1_584' title='bbox 1711 1939 1861 1978; x_wconf 86' lang='lat' dir='ltr'>compleri</span> <span class='ocrx_word' id='word_1_585' title='bbox 1885 1950 1947 1969; x_wconf 91' lang='lat' dir='ltr'>uuo</span> <span class='ocrx_word' id='word_1_586' title='bbox 1971 1940 2085 1972; x_wconf 86' lang='lat' dir='ltr'>verbo:</span> 
     </span>
     <span class='ocr_line' id='line_1_85' title="bbox 1126 1980 2081 2024; baseline 0.003 -14"><span class='ocrx_word' id='word_1_587' title='bbox 1126 1980 1249 2019; x_wconf 83' lang='lat' dir='ltr'>Diliges</span> <span class='ocrx_word' id='word_1_588' title='bbox 1264 1980 1445 2019; x_wconf 83' lang='lat' dir='ltr'>proximum</span> <span class='ocrx_word' id='word_1_589' title='bbox 1466 1983 1556 2010; x_wconf 89' lang='lat' dir='ltr'>tuum</span> <span class='ocrx_word' id='word_1_590' title='bbox 1576 1980 1702 2012; x_wconf 85' lang='lat' dir='ltr'>sicutte</span> <span class='ocrx_word' id='word_1_591' title='bbox 1723 1982 1825 2020; x_wconf 88' lang='lat' dir='ltr'>ipsum</span> <span class='ocrx_word' id='word_1_592' title='bbox 1839 1980 1944 2021; x_wconf 86' lang='lat' dir='ltr'>(Rom.</span> <span class='ocrx_word' id='word_1_593' title='bbox 1966 1982 2012 2018; x_wconf 84' lang='lat'>13,</span> <span class='ocrx_word' id='word_1_594' title='bbox 2034 1983 2081 2024; x_wconf 87' lang='lat'>9):</span> 
     </span>
     <span class='ocr_line' id='line_1_86' title="bbox 1125 2022 2083 2064; baseline 0.005 -12"><span class='ocrx_word' id='word_1_595' title='bbox 1125 2032 1256 2061; x_wconf 85' lang='lat' dir='ltr'>nempe:</span> <span class='ocrx_word' id='word_1_596' title='bbox 1286 2022 1360 2061; x_wconf 84' lang='lat' dir='ltr'>quia</span> <span class='ocrx_word' id='word_1_597' title='bbox 1390 2032 1453 2052; x_wconf 90' lang='lat' dir='ltr'>nou</span> <span class='ocrx_word' id='word_1_598' title='bbox 1484 2022 1577 2053; x_wconf 87' lang='lat' dir='ltr'>aliter</span> <span class='ocrx_word' id='word_1_599' title='bbox 1606 2028 1692 2054; x_wconf 89' lang='lat' dir='ltr'>certo</span> <span class='ocrx_word' id='word_1_600' title='bbox 1717 2024 1936 2063; x_wconf 85' lang='lat' dir='ltr'>experimento</span> <span class='ocrx_word' id='word_1_601' title='bbox 1959 2023 2083 2064; x_wconf 88' lang='lat' dir='ltr'>liquere</span> 
     </span>
     <span class='ocr_line' id='line_1_87' title="bbox 1125 2065 2084 2104; baseline 0.003 -9"><span class='ocrx_word' id='word_1_602' title='bbox 1125 2070 1229 2104; x_wconf 85' lang='lat' dir='ltr'>potest</span> <span class='ocrx_word' id='word_1_603' title='bbox 1248 2071 1355 2095; x_wconf 86' lang='lat' dir='ltr'>nostra</span> <span class='ocrx_word' id='word_1_604' title='bbox 1380 2065 1490 2104; x_wconf 84' lang='lat' dir='ltr'>pietas,</span> <span class='ocrx_word' id='word_1_605' title='bbox 1514 2066 1574 2096; x_wconf 85' lang='lat' dir='ltr'>nisi</span> <span class='ocrx_word' id='word_1_606' title='bbox 1595 2065 1670 2096; x_wconf 89' lang='lat' dir='ltr'>dum</span> <span class='ocrx_word' id='word_1_607' title='bbox 1694 2066 1777 2097; x_wconf 85' lang='lat' dir='ltr'>iuste</span> <span class='ocrx_word' id='word_1_608' title='bbox 1801 2070 1832 2096; x_wconf 90' lang='lat' dir='ltr'>et</span> <span class='ocrx_word' id='word_1_609' title='bbox 1854 2067 1986 2097; x_wconf 77' lang='lat' dir='ltr'>innoxie</span> <span class='ocrx_word' id='word_1_610' title='bbox 2010 2078 2084 2099; x_wconf 88' lang='lat' dir='ltr'>cum</span> 
     </span>
     <span class='ocr_line' id='line_1_88' title="bbox 1125 2108 2084 2148; baseline 0.004 -10"><span class='ocrx_word' id='word_1_611' title='bbox 1125 2108 1307 2138; x_wconf 85' lang='lat' dir='ltr'>homiuibus</span> <span class='ocrx_word' id='word_1_612' title='bbox 1342 2117 1528 2138; x_wconf 85' lang='lat' dir='ltr'>versamur:</span> <span class='ocrx_word' id='word_1_613' title='bbox 1565 2108 1680 2139; x_wconf 90' lang='lat' dir='ltr'>deinde</span> <span class='ocrx_word' id='word_1_614' title='bbox 1710 2109 1783 2148; x_wconf 86' lang='lat' dir='ltr'>qnia</span> <span class='ocrx_word' id='word_1_615' title='bbox 1812 2108 1850 2138; x_wconf 90' lang='lat' dir='ltr'>ad</span> <span class='ocrx_word' id='word_1_616' title='bbox 1883 2108 1990 2140; x_wconf 89' lang='lat' dir='ltr'>Deum</span> <span class='ocrx_word' id='word_1_617' title='bbox 2019 2121 2084 2142; x_wconf 89' lang='lat' dir='ltr'>non</span> 
     </span>
     <span class='ocr_line' id='line_1_89' title="bbox 1123 2150 2083 2190; baseline 0.004 -10"><span class='ocrx_word' id='word_1_618' title='bbox 1123 2150 1271 2190; x_wconf 84' lang='lat' dir='ltr'>pervenit</span> <span class='ocrx_word' id='word_1_619' title='bbox 1295 2154 1403 2180; x_wconf 82' lang='lat' dir='ltr'>nostra</span> <span class='ocrx_word' id='word_1_620' title='bbox 1427 2150 1652 2187; x_wconf 83' lang='lat' dir='ltr'>beneficentia,</span> <span class='ocrx_word' id='word_1_621' title='bbox 1683 2151 1753 2182; x_wconf 90' lang='lat' dir='ltr'>ideo</span> <span class='ocrx_word' id='word_1_622' title='bbox 1776 2151 1808 2181; x_wconf 88' lang='lat' dir='ltr'>in</span> <span class='ocrx_word' id='word_1_623' title='bbox 1833 2152 1945 2182; x_wconf 85' lang='lat' dir='ltr'>officiis</span> <span class='ocrx_word' id='word_1_624' title='bbox 1968 2162 2083 2184; x_wconf 87' lang='lat' dir='ltr'>secuu-</span> 
     </span>
     <span class='ocr_line' id='line_1_90' title="bbox 1124 2192 2084 2231; baseline 0.004 -9"><span class='ocrx_word' id='word_1_625' title='bbox 1124 2193 1181 2223; x_wconf 87' lang='lat' dir='ltr'>dae</span> <span class='ocrx_word' id='word_1_626' title='bbox 1205 2192 1332 2223; x_wconf 82' lang='lat' dir='ltr'>tabulae</span> <span class='ocrx_word' id='word_1_627' title='bbox 1355 2192 1489 2231; x_wconf 87' lang='lat' dir='ltr'>perspici</span> <span class='ocrx_word' id='word_1_628' title='bbox 1512 2193 1615 2231; x_wconf 86' lang='lat' dir='ltr'>qualis</span> <span class='ocrx_word' id='word_1_629' title='bbox 1638 2194 1681 2224; x_wconf 90' lang='lat' dir='ltr'>sit</span> <span class='ocrx_word' id='word_1_630' title='bbox 1703 2194 1828 2224; x_wconf 82' lang='lat' dir='ltr'>animus</span> <span class='ocrx_word' id='word_1_631' title='bbox 1853 2198 1975 2225; x_wconf 85' lang='lat' dir='ltr'>noster:</span> <span class='ocrx_word' id='word_1_632' title='bbox 2000 2195 2084 2227; x_wconf 86' lang='lat' dir='ltr'>sicut</span> 
     </span>
     <span class='ocr_line' id='line_1_91' title="bbox 1123 2234 2082 2276; baseline 0.004 -11"><span class='ocrx_word' id='word_1_633' title='bbox 1123 2235 1238 2266; x_wconf 88' lang='lat' dir='ltr'>dicitur</span> <span class='ocrx_word' id='word_1_634' title='bbox 1266 2236 1299 2265; x_wconf 93' lang='lat' dir='ltr'>in</span> <span class='ocrx_word' id='word_1_635' title='bbox 1323 2234 1451 2265; x_wconf 83' lang='lat' dir='ltr'>Psalmo</span> <span class='ocrx_word' id='word_1_636' title='bbox 1481 2234 1548 2275; x_wconf 83' lang='lat'>(16,</span> <span class='ocrx_word' id='word_1_637' title='bbox 1579 2235 1625 2276; x_wconf 75' lang='lat'>2):</span> <span class='ocrx_word' id='word_1_638' title='bbox 1658 2236 1786 2267; x_wconf 89' lang='lat' dir='ltr'>Bonum</span> <span class='ocrx_word' id='word_1_639' title='bbox 1810 2246 1915 2266; x_wconf 87' lang='lat' dir='ltr'>mcum</span> <span class='ocrx_word' id='word_1_640' title='bbox 1940 2237 2020 2268; x_wconf 83' lang='lat' dir='ltr'>nihil</span> <span class='ocrx_word' id='word_1_641' title='bbox 2042 2238 2082 2269; x_wconf 87' lang='lat' dir='ltr'>ad</span> 
     </span>
     <span class='ocr_line' id='line_1_92' title="bbox 1123 2277 2082 2317; baseline 0.003 -9"><span class='ocrx_word' id='word_1_642' title='bbox 1123 2283 1169 2315; x_wconf 87' lang='lat' dir='ltr'>te,</span> <span class='ocrx_word' id='word_1_643' title='bbox 1198 2277 1252 2309; x_wconf 81' lang='lat' dir='ltr'>sed</span> <span class='ocrx_word' id='word_1_644' title='bbox 1284 2277 1323 2307; x_wconf 88' lang='lat' dir='ltr'>ad</span> <span class='ocrx_word' id='word_1_645' title='bbox 1347 2282 1473 2308; x_wconf 87' lang='lat' dir='ltr'>sanctos</span> <span class='ocrx_word' id='word_1_646' title='bbox 1497 2279 1551 2317; x_wconf 88' lang='lat' dir='ltr'>qui</span> <span class='ocrx_word' id='word_1_647' title='bbox 1577 2278 1723 2309; x_wconf 87' lang='lat' dir='ltr'>habitant</span> <span class='ocrx_word' id='word_1_648' title='bbox 1746 2279 1777 2308; x_wconf 91' lang='lat' dir='ltr'>in</span> <span class='ocrx_word' id='word_1_649' title='bbox 1803 2283 1904 2316; x_wconf 82' lang='lat' dir='ltr'>terra,</span> <span class='ocrx_word' id='word_1_650' title='bbox 1932 2280 2082 2312; x_wconf 85' lang='lat' dir='ltr'>voluntas</span> 
     </span>
     <span class='ocr_line' id='line_1_93' title="bbox 1121 2319 2083 2359; baseline 0.004 -8"><span class='ocrx_word' id='word_1_651' title='bbox 1121 2331 1201 2351; x_wconf 85' lang='lat' dir='ltr'>mea.</span> <span class='ocrx_word' id='word_1_652' title='bbox 1247 2319 1413 2358; x_wconf 84' lang='lat' dir='ltr'>Quomodo</span> <span class='ocrx_word' id='word_1_653' title='bbox 1442 2320 1541 2356; x_wconf 88' lang='lat' dir='ltr'>enim,</span> <span class='ocrx_word' id='word_1_654' title='bbox 1573 2325 1609 2351; x_wconf 92' lang='lat' dir='ltr'>ut</span> <span class='ocrx_word' id='word_1_655' title='bbox 1639 2320 1715 2352; x_wconf 89' lang='lat' dir='ltr'>dicit</span> <span class='ocrx_word' id='word_1_656' title='bbox 1745 2321 1922 2359; x_wconf 87' lang='lat' dir='ltr'>Iohannes,</span> <span class='ocrx_word' id='word_1_657' title='bbox 1950 2322 2083 2355; x_wconf 83' lang='lat' dir='ltr'>iactabit</span> 
     </span>
     <span class='ocr_line' id='line_1_94' title="bbox 1121 2362 2081 2405; baseline 0.003 -11"><span class='ocrx_word' id='word_1_658' title='bbox 1121 2364 1286 2403; x_wconf 88' lang='lat' dir='ltr'>quisquam</span> <span class='ocrx_word' id='word_1_659' title='bbox 1302 2363 1406 2392; x_wconf 90' lang='lat' dir='ltr'>Deum</span> <span class='ocrx_word' id='word_1_660' title='bbox 1425 2372 1458 2393; x_wconf 84' lang='lat' dir='ltr'>se</span> <span class='ocrx_word' id='word_1_661' title='bbox 1479 2362 1612 2403; x_wconf 86' lang='lat' dir='ltr'>diligere</span> <span class='ocrx_word' id='word_1_662' title='bbox 1635 2374 1728 2403; x_wconf 88' lang='lat' dir='ltr'>quem</span> <span class='ocrx_word' id='word_1_663' title='bbox 1753 2374 1815 2394; x_wconf 90' lang='lat' dir='ltr'>nou</span> <span class='ocrx_word' id='word_1_664' title='bbox 1840 2364 1936 2401; x_wconf 77' lang='lat' dir='ltr'>videt,</span> <span class='ocrx_word' id='word_1_665' title='bbox 1959 2365 1985 2395; x_wconf 89' lang='lat' dir='ltr'>si</span> <span class='ocrx_word' id='word_1_666' title='bbox 2009 2376 2081 2405; x_wconf 88' lang='lat' dir='ltr'>pro-</span> 
     </span>
     <span class='ocr_line' id='line_1_95' title="bbox 1120 2404 2082 2449; baseline 0.003 -13"><span class='ocrx_word' id='word_1_667' title='bbox 1120 2406 1243 2436; x_wconf 85' lang='lat' dir='ltr'>ximum</span> <span class='ocrx_word' id='word_1_668' title='bbox 1272 2405 1322 2436; x_wconf 92' lang='lat' dir='ltr'>cui</span> <span class='ocrx_word' id='word_1_669' title='bbox 1352 2404 1553 2435; x_wconf 84' lang='lat' dir='ltr'>familiariter</span> <span class='ocrx_word' id='word_1_670' title='bbox 1576 2406 1765 2437; x_wconf 87' lang='lat' dir='ltr'>coniunctus</span> <span class='ocrx_word' id='word_1_671' title='bbox 1788 2410 1851 2443; x_wconf 76' lang='lat' dir='ltr'>est,</span> <span class='ocrx_word' id='word_1_672' title='bbox 1885 2417 1950 2437; x_wconf 88' lang='lat' dir='ltr'>non</span> <span class='ocrx_word' id='word_1_673' title='bbox 1975 2407 2082 2449; x_wconf 85' lang='lat' dir='ltr'>diligit</span> 
     </span>
     <span class='ocr_line' id='line_1_96' title="bbox 1120 2447 2081 2489; baseline 0.004 -11"><span class='ocrx_word' id='word_1_674' title='bbox 1120 2448 1161 2489; x_wconf 91' lang='lat'>(1.</span> <span class='ocrx_word' id='word_1_675' title='bbox 1191 2448 1278 2478; x_wconf 85' lang='lat' dir='ltr'>Ioan.</span> <span class='ocrx_word' id='word_1_676' title='bbox 1309 2447 1343 2485; x_wconf 81' lang='lat'>4·</span> <span class='ocrx_word' id='word_1_677' title='bbox 1376 2447 1450 2488; x_wconf 79' lang='lat'>20)?</span> <span class='ocrx_word' id='word_1_678' title='bbox 1504 2447 1590 2486; x_wconf 78' lang='lat' dir='ltr'>Quia</span> <span class='ocrx_word' id='word_1_679' title='bbox 1621 2459 1696 2489; x_wconf 83' lang='lat' dir='ltr'>ergo</span> <span class='ocrx_word' id='word_1_680' title='bbox 1725 2448 1799 2479; x_wconf 91' lang='lat' dir='ltr'>hinc</span> <span class='ocrx_word' id='word_1_681' title='bbox 1828 2449 2081 2488; x_wconf 84' lang='lat' dir='ltr'>deprehenditur</span> 
     </span>
     <span class='ocr_line' id='line_1_97' title="bbox 1121 2490 2080 2532; baseline 0.004 -11"><span class='ocrx_word' id='word_1_682' title='bbox 1121 2490 1336 2521; x_wconf 87' lang='lat' dir='ltr'>mendacium:</span> <span class='ocrx_word' id='word_1_683' title='bbox 1368 2490 1457 2520; x_wconf 87' lang='lat' dir='ltr'>Deus</span> <span class='ocrx_word' id='word_1_684' title='bbox 1488 2490 1520 2520; x_wconf 91' lang='lat' dir='ltr'>in</span> <span class='ocrx_word' id='word_1_685' title='bbox 1552 2496 1664 2521; x_wconf 86' lang='lat' dir='ltr'>mutua</span> <span class='ocrx_word' id='word_1_686' title='bbox 1695 2491 1828 2522; x_wconf 82' lang='lat' dir='ltr'>caritate</span> <span class='ocrx_word' id='word_1_687' title='bbox 1858 2491 1896 2521; x_wconf 87' lang='lat' dir='ltr'>ad</span> <span class='ocrx_word' id='word_1_688' title='bbox 1927 2493 2080 2532; x_wconf 86' lang='lat' dir='ltr'>pietatem</span> 
     </span>
     <span class='ocr_line' id='line_1_98' title="bbox 1120 2532 2080 2575; baseline 0.003 -11"><span class='ocrx_word' id='word_1_689' title='bbox 1120 2532 1345 2574; x_wconf 84' lang='lat' dir='ltr'>praestandam</span> <span class='ocrx_word' id='word_1_690' title='bbox 1377 2543 1435 2563; x_wconf 90' lang='lat' dir='ltr'>nos</span> <span class='ocrx_word' id='word_1_691' title='bbox 1464 2538 1600 2564; x_wconf 80' lang='lat' dir='ltr'>exercet.</span> <span class='ocrx_word' id='word_1_692' title='bbox 1643 2534 1729 2565; x_wconf 86' lang='lat' dir='ltr'>Hinc</span> <span class='ocrx_word' id='word_1_693' title='bbox 1757 2533 1878 2573; x_wconf 85' lang='lat' dir='ltr'>colligit</span> <span class='ocrx_word' id='word_1_694' title='bbox 1906 2534 2080 2575; x_wconf 88' lang='lat' dir='ltr'>Iohannes,</span> 
     </span>
     <span class='ocr_line' id='line_1_99' title="bbox 1121 2574 2080 2619; baseline 0.004 -13"><span class='ocrx_word' id='word_1_695' title='bbox 1121 2575 1305 2606; x_wconf 88' lang='lat' dir='ltr'>mandatum</span> <span class='ocrx_word' id='word_1_696' title='bbox 1331 2575 1421 2605; x_wconf 86' lang='lat' dir='ltr'>nobis</span> <span class='ocrx_word' id='word_1_697' title='bbox 1446 2574 1529 2612; x_wconf 85' lang='lat' dir='ltr'>dari,</span> <span class='ocrx_word' id='word_1_698' title='bbox 1553 2580 1588 2606; x_wconf 88' lang='lat' dir='ltr'>ut</span> <span class='ocrx_word' id='word_1_699' title='bbox 1612 2576 1666 2615; x_wconf 89' lang='lat' dir='ltr'>qui</span> <span class='ocrx_word' id='word_1_700' title='bbox 1689 2575 1795 2617; x_wconf 84' lang='lat' dir='ltr'>diligit</span> <span class='ocrx_word' id='word_1_701' title='bbox 1818 2575 1939 2615; x_wconf 85' lang='lat' dir='ltr'>Deum,</span> <span class='ocrx_word' id='word_1_702' title='bbox 1965 2577 2080 2619; x_wconf 81' lang='lat' dir='ltr'>diligat</span> 
     </span>
     <span class='ocr_line' id='line_1_100' title="bbox 1120 2616 2080 2661; baseline 0.003 -11"><span class='ocrx_word' id='word_1_703' title='bbox 1120 2623 1153 2650; x_wconf 82' lang='lat' dir='ltr'>et</span> <span class='ocrx_word' id='word_1_704' title='bbox 1182 2619 1313 2649; x_wconf 84' lang='lat' dir='ltr'>fratrem</span> <span class='ocrx_word' id='word_1_705' title='bbox 1336 2627 1429 2648; x_wconf 84' lang='lat' dir='ltr'>suum</span> <span class='ocrx_word' id='word_1_706' title='bbox 1452 2616 1494 2658; x_wconf 89' lang='lat'>(1.</span> <span class='ocrx_word' id='word_1_707' title='bbox 1518 2618 1586 2649; x_wconf 82' lang='lat' dir='ltr'>Iob.</span> <span class='ocrx_word' id='word_1_708' title='bbox 1610 2618 1642 2657; x_wconf 79' lang='lat'>3,</span> <span class='ocrx_word' id='word_1_709' title='bbox 1674 2617 1736 2659; x_wconf 90' lang='lat'>11).</span> <span class='ocrx_word' id='word_1_710' title='bbox 1780 2619 1883 2650; x_wconf 92' lang='lat' dir='ltr'>Porro</span> <span class='ocrx_word' id='word_1_711' title='bbox 1906 2625 2080 2661; x_wconf 82' lang='lat' dir='ltr'>antequam</span> 
     </span>
     <span class='ocr_line' id='line_1_101' title="bbox 1838 2669 1870 2694; baseline 0 0"><span class='ocrx_word' id='word_1_712' title='bbox 1838 2669 1870 2694; x_wconf 82' lang='lat'>46</span> 
     </span>
    </p>
   </div>
  </div>
 </body>
</html>
