2304 3034
215 211 278 242 343

216 305 337 336 culum:
359 303 434 341 quia
445 301 593 337 ruminat,
618 302 644 331 et
662 300 810 340 unqulam
824 310 885 331 non
903 300 1026 337 dividit,
1049 301 1185 331 immun-

217 348 277 379 dus
298 346 355 376 erit
377 345 467 375 vobis.
513 343 541 374 6.
565 342 607 373 Et
630 342 776 382 leporem:
807 343 889 382 quia·
904 343 1059 378 ruminat,
1083 346 1109 374 et
1130 354 1186 374 un-

215 390 319 430 qulam
350 398 406 418 non
440 386 566 422 dividit,
598 385 778 416 immundus
810 386 867 416 erit
895 385 990 416 vobis.
1039 385 1065 416 7.
1093 385 1186 417 Sucm

215 440 347 471 quoquc:
375 429 451 468 quia
473 428 586 459 dividit
607 428 770 468 unqulam,
802 430 827 459 et
848 428 941 466 findit
960 428 1109 467 fissuram
1131 440 1186 459 *un-

213 474 318 514 qulae‚
352 472 415 511 ipse
447 482 514 501 vero
544 481 600 501 non
624 472 779 508 ruminat,
811 471 991 502 immundus
1013 471 1070 501 erit
1093 472 1183 502 vobis.

215 517 243 547 8.
268 515 316 546 De
327 524 418 546 carne
439 524 543 545 eorum
557 524 615 544 non
631 514 800 551 comedetis,
822 524 918 553 neque
928 514 1059 544 cadaver
1081 524 1185 545 eorum

215 558 360 598 tunqctis:
383 557 546 588 innnunda
568 559 659 587 erunt
680 557 771 588 vobis.
818 556 846 588 9.
874 556 939 587 Hoc
968 559 1071 587 autem
1093 566 1185 588 come-

214 602 293 632 detis
315 610 351 631 ex
374 599 517 630 omnibus
538 610 616 639 quae
639 602 711 630 sunt
741 600 775 630 in
805 599 912 639 aquis:
942 599 1045 630 omnia
1074 599 1184 638 quibus

212 646 285 674 sunt
298 643 417 682 pinnae
437 645 464 673 et
486 652 635 681 squamae
658 643 691 673 in
715 643 807 681 aquis
819 642 928 678 maris,
953 644 979 672 et
1002 643 1036 672 in
1044 642 1184 680 flumini-

214 686 279 724 bus,
306 685 360 717 illa
383 685 549 717 comedetis.
593 686 641 716 10.
670 685 783 716 Omnia
806 695 875 716 vero
898 684 1008 724 quibus
1029 695 1090 716 non
1112 688 1184 716 sunt

206 730 328 768 pinnae
350 731 375 759 et
397 738 546 767 squamae
567 729 600 758 in
623 728 715 765 mari,
740 730 766 759 et
791 728 822 759 in
841 727 1039 766 fluminibuS,
1062 730 1124 759 tam
1146 729 1184 760 de

213 772 296 803 omni
318 771 420 811 reptili
444 771 593 810 aquatili,
628 781 723 810 quam
751 770 787 802 de
817 771 900 801 omni
929 770 1037 801 anima
1067 771 1183 802 vivente

213 825 291 854 quae
313 817 356 845 cst
381 815 411 845 in
435 814 540 852 aquis.-
569 813 756 845 abominatio
779 816 870 844 erunt
891 813 983 844 vobis.
1030 813 1079 844 11.
1104 813 1183 844 Abo-

213 857 357 894 minatio,
387 857 528 895 inquam,
557 859 648 888 erunt
673 857 774 888 vobis:
805 857 841 887 de
870 866 961 887 carne
990 866 1094 887 eorum
1122 867 1183 888 non

214 900 381 936 comedetis,
406 903 433 930 et
456 900 587 931 cadaver
599 910 705 936 eorum
717 899 982 930 abominabimini.
1020 899 1067 930 12.
1086 899 1180 938 Quid-

213 944 290 982 quid
312 952 370 973 non
393 942 481 973 babet
498 943 619 981 pinnas
649 945 675 973 et
696 952 845 982 squamas
872 943 906 972 in
928 942 1033 981 aquis,
1069 941 1181 973 abomi-

214 987 298 1017 natio
320 986 377 1016 erit
399 984 491 1016 vobis.
539 986 587 1016 13.
612 985 699 1016 Haec
728 988 831 1016 autem
861 984 1115 1016 abominabimini
1144 995 1181 1016 ex

215 1028 407 1065 volatilibus,
439 1027 511 1069 (non
535 1029 739 1059 comedentur:
773 1028 849 1067 quia
869 1027 1057 1058 abominatio
1079 1027 1181 1069 sunt):

213 1071 362 1111 aquilam,
386 1074 413 1102 et
431 1071 595 1111 yryplium,
617 1074 643 1102 et
661 1071 854 1102 haliaeetum.
890 1071 937 1101 14.
961 1070 1004 1101 Et
1022 1070 1181 1108 vulturem,

214 1117 241 1146 et
263 1114 391 1145 milvum
414 1114 582 1145 secundum
609 1115 739 1153 speciem
769 1124 868 1145 suam.
916 1113 964 1144 15.
997 1113 1039 1144 Et
1066 1123 1181 1144 omnem

215 1167 341 1190 corvum
364 1157 531 1188 secundum
553 1159 683 1196 speciem
706 1167 806 1188 suam.
844 1157 892 1187 16.
914 1156 958 1187 Et
977 1156 1077 1195 filiam
1100 1158 1180 1187 stru-

213 1201 336 1237 thionis,
359 1202 386 1231 et
404 1202 552 1237 noctuam,
576 1203 602 1230 et
625 1200 745 1231 larum:
770 1202 795 1229 et
818 1200 994 1239 accipitrem
1016 1199 1182 1230 secundum

213 1244 343 1283 speciem
365 1253 464 1273 suam.
512 1243 560 1274 17.
586 1242 629 1273 Et
651 1243 877 1282 nycticoracem,
903 1245 929 1272 ct
951 1242 1131 1282 merqulum,
1156 1244 1182 1272 et

214 1286 288 1317 ibin.
338 1286 384 1317 18.
410 1285 454 1316 Et
472 1285 718 1324 porphyrionem,
742 1289 768 1316 et
784 1286 971 1324 pelicanum,
995 1288 1021 1316 et
1043 1294 1179 1325 cyqnum.

216 1330 265 1361 19.
280 1329 322 1360 Et
335 1329 493 1365 ciconiam,
518 1328 722 1359 charadrium
743 1329 911 1360 secundum
930 1328 1060 1366 speciem
1081 1338 1180 1364 suam,

214 1375 241 1403 et
263 1382 412 1411 upupam,
436 1374 463 1402 et
485 1372 738 1410 vespertilionem.
784 1371 834 1403 20.
863 1371 957 1402 Omne
984 1371 1090 1409 reptile
1118 1370 1182 1401 ala-

213 1419 278 1447 tum
302 1415 467 1446 ambulans
494 1425 588 1453 super
618 1417 751 1453 quatuor
772 1415 882 1454 pedes,
914 1414 1098 1445 abominatio
1124 1414 1182 1444 erit

212 1459 305 1490 vobis.
352 1458 402 1488 21.
435 1457 652 1488 Verumtamen
683 1457 735 1488 lioc
758 1458 920 1489 comedetis
942 1467 980 1488 ea:
1002 1457 1085 1488 omni
1107 1466 1174 1495 rep-

213 1502 263 1532 tili
286 1501 367 1532 alato
386 1501 465 1540 quod
486 1500 649 1540 qradietur
666 1510 760 1539 super
773 1503 906 1539 quatuor
913 1500 1016 1539 pedes,
1040 1499 1090 1530 cui
1110 1502 1181 1530 sunt

213 1554 307 1575 crura
328 1554 422 1583 super
438 1543 534 1583 pedes
556 1553 637 1581 suos,
662 1543 773 1583 quibus
795 1543 914 1574 saliant
941 1553 1035 1582 super
1056 1545 1179 1573 terram.

213 1588 263 1618 22.
290 1587 374 1617 Haec
399 1597 436 1617 ex
459 1585 524 1617 illis
553 1587 725 1623 comedetis,
757 1586 904 1617 locustam
935 1586 1024 1616 iuxta
1052 1585 1181 1625 speciem

213 1641 311 1667 suant,
336 1632 362 1660 et
386 1632 521 1660 attacum
533 1629 623 1660 iuxta
635 1630 765 1669 speciem
777 1640 876 1666 suam,
903 1631 929 1660 et
950 1628 1181 1668 ophiomacleum

212 1673 380 1705 secundum
402 1672 533 1712 speciem
555 1683 654 1710 suam,
679 1676 705 1704 et
717 1672 863 1703 bruelium
875 1671 1040 1703 secundum
1053 1671 1180 1710 speciem

213 1727 313 1748 suam.
359 1715 408 1746 23.
437 1714 533 1745 Omne
556 1718 657 1746 autem
687 1715 841 1755 reliquum
863 1715 970 1754 reptile
991 1714 1106 1745 alatum
1129 1714 1181 1744 cui

212 1762 284 1791 sunt
306 1762 437 1798 quatuor
452 1758 557 1796 pedeS,
580 1758 767 1789 abominatio
789 1759 846 1788 erit
868 1758 961 1789 vobis.
1006 1757 1055 1788 24.
1079 1755 1121 1787 Et
1132 1756 1181 1787 liis

207 1802 357 1842 polluetis
378 1812 443 1832 vos:
466 1801 636 1840 quicunque
665 1801 795 1841 tetiqerit
820 1802 951 1832 cadaver
980 1810 1095 1837 eorum,
1125 1800 1179 1829 im>

213 1845 349 1876 mundus
372 1845 429 1875 erit
451 1854 547 1883 usque
569 1844 611 1874 ad
639 1855 809 1884 vesperam.
855 1844 905 1875 25.
938 1842 980 1874 Et
1009 1843 1180 1882 quicunque

207 1888 384 1929 portaverit
395 1887 548 1917 cadavera
561 1897 672 1923 eorum,
687 1887 805 1918 lavabit
816 1888 992 1918 vestimenta
1005 1896 1072 1921 sua,
1085 1888 1112 1916 et
1123 1886 1179 1915 im-

214 1931 350 1962 mundus
362 1931 420 1961 erit
432 1940 528 1968 usque
540 1930 581 1961 ad
594 1940 764 1969 vesperam.
789 1930 839 1961 26.
857 1930 951 1961 Omne
963 1928 1083 1960 animal
1100 1928 1180 1967 quod

213 1974 325 2005 dividit
347 1973 503 2013 unqulam,
528 1975 554 2003 et
572 1974 722 2011 fissuram
746 1984 802 2003 non
823 1973 928 2012 findit,
951 1975 976 2003 ct
998 1982 1058 2002 non
1079 1971 1178 2001 rumi-

213 2020 274 2053 nat,
310 2016 472 2047 immunda
506 2019 595 2046 erunt
628 2016 728 2047 vobis:
766 2018 939 2055 quicunque
969 2014 1098 2054 tetiqerit
1133 2024 1177 2050 ea,

214 2060 396 2090 immundus
418 2059 483 2089 erit.
530 2058 579 2089 27.
606 2058 647 2089 Et
669 2059 823 2099 quidquid
843 2059 991 2099 yraditur
1013 2067 1106 2096 super
1127 2066 1178 2087 vo-

214 2104 263 2134 las
290 2112 366 2133 suas
397 2102 478 2132 inter
506 2111 608 2132 omnes
634 2102 721 2141 feras
748 2112 828 2141 qacic
861 2101 1052 2141 qradiuntur
1086 2109 1179 2138 super

214 2148 347 2186 quatuor
364 2145 475 2184 pedes,
502 2145 662 2175 immunda
686 2148 773 2175 erunt
798 2145 895 2175 vobis.-
924 2144 1093 2183 quicunque
1116 2143 1179 2172 teti-

213 2190 290 2229 qerit
330 2188 481 2219 cadavera
519 2197 637 2223 eorum,
688 2188 867 2218 immundus
907 2187 964 2217 erit
1002 2194 1097 2224 usque
1137 2184 1178 2215 ad

214 2241 382 2270 vesperam.
441 2229 490 2260 28.
523 2229 564 2260 Et
600 2231 654 2268 qni
676 2231 850 2269 portaverit
881 2230 1030 2261 cadavera
1065 2237 1177 2264 eorum,

214 2274 328 2305 lavabit
351 2273 536 2310 vestimenta,
560 2273 797 2312 immundusque
819 2273 877 2304 crit
899 2282 993 2311 usque
1016 2271 1055 2301 ad
1078 2280 1177 2308 vespe-

212 2327 298 2348 ram:
323 2316 482 2346 immunda
510 2319 599 2346 erunt
627 2316 718 2347 vobis.
766 2316 815 2347 29.
841 2316 882 2346 Et
912 2315 984 2346 baec
1012 2313 1095 2344 vobis
1122 2313 1179 2343 im-

213 2360 331 2390 munda
354 2361 443 2389 crunt
468 2359 546 2388 inter
569 2358 693 2397 reptilia
706 2369 783 2398 quae
805 2360 925 2398 reptant
947 2366 1039 2395 super
1055 2358 1178 2392 terram,

213 2402 363 2440 mustella,
387 2404 413 2431 et
438 2412 519 2437 nius,
551 2404 577 2432 et
600 2402 703 2432 rubeta
725 2402 894 2432 secundum
922 2400 1050 2439 speciem
1078 2408 1177 2428 suam.

213 2446 264 2476 30.
280 2445 321 2475 Et
332 2445 460 2484 myqalc,
474 2447 500 2474 ct
511 2444 711 2479 chamaeleon,
723 2447 749 2475 et
761 2444 869 2481 stellio,
889 2446 914 2474 et
932 2443 1044 2473 lacerta
1057 2443 1083 2472 et
1094 2440 1178 2478 talpa

214 2488 263 2519 31.
295 2487 362 2517 Ista
393 2487 555 2517 immunda
584 2490 655 2518 sunt
681 2487 765 2518 vobis
801 2488 879 2517 inter
907 2485 1010 2516 omnia
1040 2483 1180 2522 reptilia.-
1205 2515 1206 2527 χ
1663 2524 1666 2528 ι
1702 2524 1711 2553 l

1206 2539 1207 2542 ¹
1231 2528 1364 2563 vestrone,
1389 2528 1416 2555 et
1437 2534 1563 2563 capram
1592 2533 1773 2561 rupicouni.

213 2531 385 2569 quicunque
397 2531 526 2569 tetiqerit
539 2530 595 2561 illa
603 2533 767 2569 postquam
778 2532 897 2560 mortua
909 2528 1035 2566 suerint,
1049 2527 1180 2556 immun-

215 2574 274 2603 dus
303 2574 359 2603 crit
389 2583 485 2612 usque
515 2573 556 2603 ad
585 2583 751 2611 vesperam.

215 2616 295 2654 quod
314 2616 452 2646 ceciderit
471 2615 593 2654 aliquid
611 2627 647 2646 ei·
665 2617 710 2646 eis
727 2618 894 2654 postquam
914 2615 1037 2644 mortua
1054 2611 1178 2650 fuerint,

214 2658 407 2688 immundum
437 2659 508 2695 crit,
538 2662 600 2688 tam
629 2670 686 2689 vas
715 2659 850 2698 liqneum
872 2666 965 2696 quam
988 2655 1095 2693 vestis,
1126 2656 1180 2684 aut
1206 2669 1207 2683 ι

954 207 1140 239 PRIMUM
1163 206 1485 239 PRAEOEPTUM.

1204 2451 1206 2466 ε
1231 2440 1357 2470 haedum
1380 2448 1553 2478 caprarum.

804 2572 854 2603 32.
886 2571 927 2602 Et
964 2579 1047 2601 omne
1088 2570 1207 2607 super?

1206 2626 1207 2636 ι
1231 2611 1396 2641 ruminans
1419 2610 1497 2640 inter
1519 2609 1684 2643 animalia,
1709 2609 1788 2640 illud
1811 2610 1977 2640 comedetis.
2013 2609 2039 2640 7.
2071 2609 2198 2640 Verum-

2140 205 2202 235 344

1234 300 1339 341 pellis,
1365 302 1418 330 aut
1440 308 1562 329 saccus.-
1592 308 1677 328 omne
1699 308 1756 328 vas
1778 298 1812 328 in
1838 308 1895 337 quo
1920 298 1991 337 sieri
2020 300 2093 331 solet
2115 309 2200 338 opuS,

1239 344 1273 373 in
1313 352 1427 381 aquam
1467 342 1617 377 mittetur,
1656 343 1682 371 et
1716 341 1910 371 immundum
1943 342 2001 372 erit
2033 352 2127 382 usque
2160 343 2201 373 ad

1238 395 1412 424 vesperam,
1441 386 1467 414 et
1495 383 1705 414 mundabitur.
1751 383 1801 413 33.
1837 383 1931 414 Omne
1957 387 2119 423 praeterea
2145 395 2200 416 vas

1237 431 1399 459 testaceum
1424 427 1505 457 intra
1528 426 1607 465 quod
1636 426 1776 456 ceciderit
1803 426 1926 465 aliquid
1955 437 1993 457 ex
2026 428 2083 464 eis,
2112 429 2200 468 quid-

1236 471 1312 510 quid
1334 471 1391 501 erit
1413 470 1446 500 in
1470 469 1522 500 illo
1547 468 1741 499 immundum
1763 469 1828 505 erit,
1853 471 1879 499 et
1901 469 2004 509 ipsum
2033 471 2200 512 confr-inqe-

1236 515 1283 544 tis.
1330 513 1379 543 34.
1408 512 1516 543 Omnis
1538 511 1624 542 cibus
1646 512 1700 550 qui
1722 511 1897 549 comeditur,
1921 523 2013 551 super
2035 523 2124 551 quem
2151 526 2198 546 ve-

1236 556 1315 587 nerit
1337 566 1429 595 aqua,
1453 554 1633 585 immundus
1656 554 1721 591 erit,
1745 556 1770 584 et
1793 555 1893 585 omnis
1910 558 2004 594 potus
2031 566 2088 595 quo
2114 560 2200 596 pota-

1235 601 1286 629 tur
1316 599 1349 629 in
1379 598 1460 629 omni
1490 606 1562 627 vase
1588 597 1725 635 impuro,
1754 597 1935 628 immundus
1962 599 2028 629 erit.
2079 599 2128 630 35.
2159 599 2201 630 Et

1235 651 1322 672 omne
1334 651 1427 680 super
1439 640 1518 679 quod
1530 639 1671 670 ceciderit
1682 639 1853 678 quidquam
1865 641 1901 671 de
1922 641 2068 673 cadavere
2089 652 2199 682 eorum,

1235 684 1429 714 immundum
1463 683 1535 713 erit:
1570 682 1711 713 clibanus
1746 685 1772 712 et
1800 683 1992 723 chytropodes
2026 684 2199 724 diruentur,

1236 727 1395 757 immunda
1418 728 1499 762 sunt,
1522 727 1547 756 et
1570 725 1732 755 immunda
1754 728 1843 756 erunt
1864 726 1954 757 vobis.
1990 726 2040 758 36.
2074 727 2200 759 Verum-

1234 772 1334 800 tamen
1361 769 1431 809 fons
1461 771 1487 799 et
1517 768 1651 798 cisterna
1684 769 1925 808 conqreqationis
1954 780 2108 809 aquarum
2142 772 2201 803 erit

1234 812 1366 843 munda:
1396 813 1428 841 at
1450 811 1529 850 quod
1552 811 1681 850 tetigerit
1703 811 1835 842 cadaver
1858 822 1975 849 eorum,
2007 813 2200 845 immundum

1234 855 1299 886 erit.
1334 855 1383 885 37.
1406 853 1571 885 Praeterea
1594 854 1623 884 si
1645 853 1785 884 ceciderit
1807 854 1977 893 quidquam
1998 856 2035 886 de
2055 856 2200 888 cadavere

1234 908 1338 928 eorum
1360 907 1452 937 super
1474 896 1600 935 aliquod
1621 906 1721 927 semen
1743 899 1861 934 satum,
1886 898 1966 936 quod
1987 899 2198 938 seminabitur,

1233 941 1382 971 mund-um
1406 940 1471 971 erit.
1518 939 1567 970 38.
1593 939 1637 969 At
1658 949 1752 978 quum
1774 940 1849 979 fusa
1871 940 1968 979 fuerit
1994 951 2079 981 aqua
2108 952 2200 981 super

1233 993 1341 1020 semen,
1366 986 1391 1014 et
1413 982 1552 1014 ceciderit
1569 982 1739 1021 quidquam
1761 983 1798 1013 de
1816 983 1960 1014 cadavere
1982 993 2085 1015 eorum
2107 995 2201 1024 super

1233 1026 1321 1061 illud,
1334 1026 1527 1057 immundum
1540 1025 1595 1055 erit
1620 1024 1710 1056 vobis.
1745 1025 1795 1056 39.
1812 1026 1912 1064 Quum
1928 1029 2029 1057 autem
2047 1030 2201 1059 mortuum

1231 1068 1327 1108 fuerit
1350 1069 1476 1108 aliquod
1499 1068 1619 1099 animal
1648 1068 1727 1106 quod
1755 1069 1796 1099 sit
1828 1069 1910 1100 vobis
1938 1070 1971 1099 in
2000 1069 2115 1108 cibum,
2146 1071 2200 1110 qui

1234 1112 1362 1151 teliqerit
1375 1112 1505 1143 cadaver
1517 1111 1591 1147 eius,
1616 1111 1797 1142 immundus
1806 1112 1862 1142 erit
1873 1121 1969 1151 usque
1981 1112 2022 1142 ad
2033 1123 2198 1152 vesperam.

1234 1154 1283 1185 40.
1309 1154 1351 1185 Et
1374 1155 1427 1193 qui
1449 1154 1609 1185 comederit
1630 1154 1666 1184 de
1689 1154 1836 1185 cadavere
1859 1155 1941 1193 eius,
1971 1155 2086 1186 lavabit
2113 1157 2197 1188 vesti-

1233 1200 1334 1228 menta
1357 1208 1433 1233 sua,
1458 1197 1696 1236 immundusque
1718 1197 1775 1228 erit
1797 1207 1893 1236 usque
1916 1198 1958 1228 ad
1975 1208 2148 1237 vesperam:
2170 1199 2199 1231 is

1234 1250 1351 1279 quoque
1370 1241 1424 1279 qui
1446 1240 1589 1271 extulerit
1612 1240 1759 1277 cadaver,
1788 1240 1902 1270 lavabit
1924 1241 2102 1272 vestimenta
2130 1252 2198 1280 sua,

1235 1286 1324 1322 atque
1352 1283 1530 1313 ‘immundus
1561 1284 1621 1313 erit
1656 1293 1753 1322 usque
1780 1283 1822 1314 ad
1858 1293 2023 1323 vesperam.
2076 1284 2126 1315 41.
2157 1284 2201 1316 Et

1234 1336 1319 1357 omne
1349 1326 1453 1364 reptile
1480 1328 1606 1365 reptans
1642 1336 1736 1364 super
1764 1328 1892 1363 terram,
1926 1325 2114 1358 abominatio
2148 1330 2200 1365 cst,

1235 1378 1294 1399 non
1328 1369 1503 1400 comedetur.
1557 1369 1607 1400 42.
1642 1368 1800 1408 Quidquid
1830 1369 1900 1399 item
1935 1369 2081 1408 qraditur
2107 1380 2200 1410 super

1229 1414 1345 1450 pectus,
1368 1414 1395 1443 et
1417 1412 1569 1451 quidquid
1592 1412 1705 1443 incedit
1731 1421 1826 1450 super
1853 1414 1986 1450 quatuor
2015 1415 2068 1442 aut
2091 1413 2200 1452 plures

1230 1455 1323 1493 pedes
1346 1455 1425 1485 inter
1447 1455 1550 1486 omnia
1572 1454 1698 1494 reptilia
1720 1464 1799 1494 quae
1817 1457 1941 1493 reptant
1961 1464 2055 1494 super
2075 1457 2198 1494 terram,

1234 1508 1294 1528 non
1317 1498 1489 1528 comedetis.-
1518 1498 1593 1537 quia
1616 1497 1801 1528 abominatio
1826 1499 1906 1527 sunt.
1951 1497 2001 1528 43.
2027 1497 2075 1528 Ne
2096 1498 2199 1541 impu-

1233 1550 1288 1570 ras
1321 1541 1458 1571 reddatis
1491 1542 1616 1572 animas
1648 1543 1767 1572 vestras
1799 1540 1832 1570 in
1865 1540 1948 1571 omni
1982 1540 2086 1579 reptili
2118 1541 2200 1581 quod

1233 1586 1341 1621 reptat,
1366 1593 1417 1614 nec
1435 1583 1586 1623 polluatis
1607 1594 1659 1614 vos
1681 1583 1714 1613 in
1737 1583 1789 1619 eis,
1813 1593 1907 1622 neque
1930 1583 2131 1622 coinquinetis
2148 1594 2200 1615 vos

1230 1637 1288 1665 per
1309 1637 1353 1657 ea.
1387 1626 1437 1657 44.
1466 1627 1547 1666 Quia
1569 1637 1620 1667 eqo
1644 1625 1757 1657 Ieliova
1776 1625 1865 1656 Deus
1883 1628 1993 1657 vester:
2014 1626 2200 1666 sanctificate

1233 1679 1301 1709 erqo
1330 1680 1396 1705 vos.
1426 1672 1452 1699 et
1480 1672 1568 1701 estote
1595 1669 1708 1706 sancti,
1738 1669 1814 1708 quia
1842 1671 1967 1700 sanctus
1994 1679 2078 1700 sum:
2107 1672 2135 1701 et
2161 1680 2199 1700 ne

1226 1712 1378 1750 polluatis
1400 1712 1525 1744 animas
1545 1715 1665 1744 vestras
1682 1722 1742 1750 per
1764 1712 1873 1751 aliqua
1896 1711 2019 1750 reptilia
2032 1722 2110 1751 quae
2131 1723 2198 1752 rep—

1231 1758 1296 1785 tant
1318 1766 1410 1794 super
1439 1758 1563 1786 terram.
1609 1755 1659 1786 45.
1686 1754 1753 1795 qu
1783 1755 1863 1785 enim
1891 1764 1962 1785 sum
1985 1754 2114 1793 Iebova,
2144 1755 2198 1794 qui

1231 1799 1324 1829 eduxi
1346 1809 1398 1829 vos
1419 1808 1433 1829 e
1451 1801 1534 1830 terra
1558 1799 1707 1838 Aeqypti,
1738 1800 1771 1829 ut
1792 1807 1886 1828 essem
1914 1797 2000 1828 vobis
2031 1799 2062 1828 in
2084 1797 2197 1835 Deum,

1231 1844 1258 1871 ct
1280 1841 1384 1871 essetis
1407 1842 1513 1877 sancti,
1539 1842 1612 1880 quia
1635 1843 1761 1872 sanctus
1783 1850 1861 1871 sum.
1907 1839 1958 1871 46.
1984 1840 2068 1872 Haec
2090 1843 2133 1872 est
2150 1840 2199 1871 lex

1231 1884 1417 1914 animalium
1440 1885 1645 1922 terrestrium,
1675 1887 1702 1915 et
1732 1882 1915 1922 volatilium,
1946 1885 2036 1922 atque
2063 1884 2199 1914 omnium

1231 1926 1416 1957 animalium
1437 1928 1601 1958 viventium
1613 1937 1691 1966 quae
1712 1929 1840 1966 reptant,
1864 1929 1891 1956 et
1902 1927 2038 1957 omnium
2057 1927 2198 1957 animan-

1230 1971 1308 2000 tium
1336 1971 1524 2008 reptantium
1552 1980 1646 2008 super
1671 1975 1795 2007 terram,
1839 1969 1890 2000 47.
1921 1969 1976 2000 Ad
2006 1969 2196 2009 distinquen-

1230 2013 1305 2043 dum
1335 2013 1412 2043 inter
1445 2013 1636 2043 immundum
1663 2015 1690 2043 et
1723 2012 1888 2049 mundum,
1926 2014 1952 2042 et
1980 2012 2059 2042 inter
2087 2011 2198 2043 bestias

1230 2066 1307 2094 quae
1339 2056 1454 2086 comedi
1484 2059 1629 2095 possunt,
1664 2057 1691 2085 et
1728 2054 1843 2085 bestias
1875 2065 1954 2093 quae
1988 2054 2103 2085 comedi
2142 2064 2202 2085 non

1225 2101 1364 2137 possunt.

1546 2267 1610 2299 EX
1634 2266 1766 2298 DEUT.
1792 2266 1885 2297 XIV.

1316 2355 1343 2385 3.
1371 2354 1441 2385 Non
1465 2354 1597 2385 comedes
1625 2353 1720 2383 ullam
1751 2351 2016 2383 abominationem.
2062 2353 2090 2384 4.
2115 2351 2200 2384 Haec

1230 2400 1301 2428 sunt
1321 2398 1475 2428 (mimalia
1493 2406 1571 2435 quac
1589 2396 1761 2426 comedetis:
1786 2396 1894 2434 bovem,
1915 2405 2029 2435 aqnum
2045 2395 2154 2432 ovium,
2174 2398 2201 2427 et

1599 2438 1627 2469 5.
1655 2438 1800 2471 Corvum.
1832 2440 1858 2468 et
1879 2449 2031 2478 capream,
2061 2441 2087 2469 et
2109 2438 2200 2470 buba-

1231 2484 1303 2518 lum,
1328 2486 1355 2513 et
1378 2483 1499 2513 liircum
1521 2481 1703 2520 sylvestrem,
1734 2484 1761 2511 ct
1782 2481 1922 2517 (lamani,
1957 2484 1983 2512 ct
2012 2481 2112 2512 bovem
2139 2481 2199 2521 syl-

1818 2524 1845 2555 6.
1875 2524 1970 2555 Omne
1999 2524 2119 2558 animal
2138 2525 2198 2563 fin-

1231 2569 1305 2599 dens
1328 2568 1483 2607 unqulam,
1507 2569 1535 2597 et
1555 2566 1676 2604 findens
1697 2566 1836 2605 fissuram
1852 2567 1989 2598 duarum
2001 2566 2198 2606 unyularum,

1231 2656 1331 2684 tamen
1354 2653 1406 2683 lzoc
1420 2663 1478 2683 non
1489 2652 1647 2683 comedetis
1659 2662 1695 2682 cs
1708 2653 1935 2683 ruminantibus
1958 2654 1983 2683 et
2001 2662 2037 2683 ex
2053 2651 2198 2690 findenti-
