2304 3034
153 198 215 230 299

151 291 300 332 frontalia
326 291 402 321 inter
423 287 522 319 oculos
544 289 626 318 tuos:
653 285 729 325 quia
752 285 785 316 in
802 284 983 324 fortitudine
1005 294 1118 315 manus

153 335 258 366 edm-it
281 343 333 365 nos
355 331 512 363 Dominus
535 339 571 360 er
593 330 740 369 Aeyypto.

449 500 512 532 EX
536 498 631 530 EXO
638 499 684 529 DI
708 498 825 529 XXII.

237 588 278 619 29
294 587 324 628 ¹).
353 586 595 626 Primoyenitunz
616 584 756 623 filiorum
779 587 901 615 tuorum
923 583 1014 615 dabis
1034 583 1120 615 milii.

154 633 202 663 30.
226 631 275 661 Sic
298 630 397 670 facies
420 629 456 660 de
478 628 548 659 bove
571 630 636 665 tuo,
664 630 692 658 et
714 627 751 657 de
768 627 885 666 pecude
914 629 983 657 tua:
1010 630 1122 666 septem

153 674 257 706 diebus
279 674 337 704 erit
359 683 428 704 cum
458 674 555 702 matre
585 680 661 706 sua,
693 669 743 700 die
774 672 874 700 autem
905 672 1006 701 octavo
1033 670 1123 701 dabis

152 727 219 749 eum
242 716 327 747 mihi.

427 885 491 916 EX
516 885 663 917 EXODI
686 885 854 917 XXXIV.

240 971 288 1003 19.
317 971 476 1010 Quidquid
499 971 600 1010 aperit
623 971 754 1007 vulcam,
778 981 880 1002 meum
903 973 960 1005 est,
991 972 1018 1001 et
1040 981 1125 1002 omne

149 1025 244 1056 pecus
264 1017 351 1045 tuum
370 1015 452 1054 quod
469 1014 690 1045 memorabitur
712 1015 791 1044 inter
808 1013 1016 1054 primoyenita
1038 1013 1125 1044 boum

154 1061 180 1089 et
210 1058 320 1088 ovium.
367 1057 416 1089 2Ο.
442 1059 487 1088 At
511 1057 752 1097 primoqeniium
781 1057 867 1087 asini
896 1057 1029 1087 redimes
1058 1067 1126 1088 ove:

155 1101 234 1140 qaod
255 1101 284 1132 si
314 1111 373 1131 non
401 1100 581 1135 redemeris,
613 1102 682 1131 tunc
711 1100 855 1131 cervicem
881 1099 1042 1140 praecides
1063 1100 1127 1131 illi:

156 1153 241 1175 omne
258 1144 501 1184 primogenitum
521 1142 661 1182 filiorum
684 1143 825 1174 redimes.

435 1313 500 1344 EX
524 1312 674 1344 LEVI'P.
698 1312 847 1344 XXVII.

243 1398 293 1430 26.
332 1398 547 1430 Verumtamen
579 1398 820 1438 primoyenitum
851 1398 931 1438 quod
964 1399 1032 1430 iure
1059 1399 1128 1439 pri-

158 1442 367 1482 moyeniturae
403 1441 525 1472 debetur
556 1441 686 1472 Ielzovae
722 1442 802 1472 inter
839 1441 1009 1477 animalia,
1044 1452 1129 1473 nemo

159 1484 359 1517 consecrabit:
380 1485 445 1516 sive
468 1484 529 1522 bos,
550 1485 615 1515 sive
638 1484 713 1520 ovis,
738 1484 868 1516 Zeliovae
890 1487 943 1516 est.

486 1655 551 1686 EX
574 1654 707 1686 DEUT.
732 1654 808 1685 XV.

250 1741 298 1772 19.
326 1740 420 1772 Omne
426 1740 669 1781 prinzoyenitum
682 1740 762 1779 quod
774 1742 918 1771 nascetur
940 1741 973 1771 in
987 1742 1131 1777 armento,

164 1786 217 1816 aut
248 1784 282 1814 in
313 1794 404 1823 φερε
443 1786 507 1818 tuo,
548 1783 721 1814 masculum
760 1783 966 1821 sanctificabis
1005 1782 1134 1814 Ielzovae

164 1827 231 1858 Deo
252 1829 318 1857 tuo:
340 1837 398 1856 non
412 1826 508 1857 uteris
531 1837 621 1866 opera
630 1827 832 1865 prinzoyeniti
855 1826 939 1858 bovis
962 1827 1017 1864 tui,
1040 1836 1134 1865 neque

163 1870 298 1901 tondebis
321 1869 529 1909 primoyenila
555 1869 658 1909 yreyis
686 1870 741 1900 lui.
794 1869 844 1900 ⁴20.
880 1869 991 1900 Coram
1022 1867 1134 1900 Ieliova

165 1913 231 1944 Deo
253 1915 304 1943 tuo
324 1912 467 1943 comedes*
480 1922 549 1942 eum
572 1913 736 1943 annuatim
758 1912 791 1942 in
814 1912 876 1943 loco
899 1923 987 1951 quem
1016 1911 1134 1952 eleyerit

167 1956 288 1993 Ieliova,
311 1957 342 1985 tu
366 1958 393 1986 et
413 1954 539 1994 fcwnilia
558 1957 622 1986 tua.

252 2040 358 2071 Exodi
382 2040 430 2077 13,
474 2040 502 2071 2.
538 2040 703 2079 Βανιοίὶβεα
731 2040 810 2072 mihi
839 2050 924 2072 omne
947 2040 1134 2080 primogeni-

166 2086 238 2114 tum,
285 2083 357 2113 Hoc
380 2094 505 2123 quoque
529 2083 567 2114 ad
593 2085 731 2122 primum
757 2091 962 2124 praeceptum
989 2083 1133 2122 respicit:

168 2126 250 2166 quod
273 2126 361 2157 Deus
380 2126 439 2156 sibi
460 2127 508 2156 ius
532 2127 563 2156 in
584 2127 808 2166 primogenitis
833 2127 990 2159 vendicat,
1016 2137 1055 2156 ne
1075 2136 1133 2156 nn-

168 2180 264 2209 quam
295 2168 467 2199 intercidat
496 2169 728 2210 redemptionis
759 2170 923 2201 memoria.
970 2169 1024 2200 Sic
1048 2169 1134 2199 enim

169 2212 325 2242 admoniti
349 2212 480 2242 fuerunt
494 2212 660 2243 Israelitae
683 2212 853 2243 colendum
867 2213 927 2243 sibi
947 2222 1016 2243 esse
1030 2212 1134 2242 Deum

170 2255 261 2285 illum
306 2254 397 2286 cuius
438 2255 543 2295 gratia
584 2255 665 2286 salvi
705 2262 877 2286 evaserant
915 2266 933 2286 a
972 2254 1135 2285 communi

172 2298 313 2338 Aegypti
337 2297 442 2328 clade:
473 2298 589 2328 deinde
612 2298 770 2335 singulari
802 2298 973 2338 privilegio
1002 2308 1035 2328 se
1064 2296 1135 2327 ideo

171 2341 269 2370 fuisse
300 2347 427 2379 ereptos
464 2348 497 2371 ut
532 2352 565 2371 se
602 2341 764 2371 liberatori
797 2341 868 2371 Deo
901 2347 1135 2371 consecrarent.

172 2383 255 2413 Nam
269 2383 385 2414 oblatio
409 2394 503 2422 quani
519 2383 569 2414 liic
584 2384 719 2420 flagitat,
745 2391 818 2415 nota
842 2384 902 2414 fuit
924 2383 1137 2422 separationis

173 2426 259 2456 inter
281 2427 367 2465 ipsos
391 2433 420 2456 et
446 2428 594 2466 profanas
617 2434 740 2467 gentes.
788 2427 919 2457 Primus
949 2426 1053 2456 foetus
1081 2436 1136 2455 vo-

174 2477 264 2499 catur
287 2469 409 2508 apertio
441 2470 564 2505 vulvae,
596 2471 671 2508 quia
701 2470 894 2509 principium
927 2475 972 2499 est
1004 2478 1137 2508 genera-

175 2512 279 2541 tionis.
326 2511 420 2550 Quod
445 2519 550 2542 autem
577 2512 711 2543 dicitur:
736 2513 774 2543 In
800 2513 874 2543 filiis
898 2511 1014 2546 lsrael,
1039 2521 1137 2550 quum

175 2565 278 2584 sermo
302 2555 356 2584 fiat
381 2562 445 2585 tam
470 2555 507 2585 de
533 2555 635 2586 brutis
659 2555 853 2586 animalibus
880 2565 975 2595 quam
1004 2553 1042 2585 de
1066 2565 1138 2594 pro-

261 2648 286 2678 1)
305 2648 386 2673 Hem.
406 2648 446 2679 es,
468 2649 508 2674 29.

878 189 1066 222 PRIMUM
1089 190 1410 222 PRAEGEPTUM.

2076 188 2139 220 300

1173 285 1267 325 genie
1291 290 1324 315 et
1347 283 1464 319 liberis,
1489 282 1550 314 hac
1579 288 1655 313 nota
1682 283 1765 313 feras
1791 283 1908 313 bestias
1937 293 1956 313 a
1984 283 2139 315 iumentis

1174 328 1311 367 aliisque
1344 326 1504 357 cicuribus
1528 336 1563 356 ac
1588 326 1772 356 domesticis
1796 325 1988 356 animalibus
2019 327 2139 358 discer-

1175 370 1231 401 nit.
1278 370 1348 400 Etsi
1380 376 1488 399 autem
1520 369 1751 408 primogenitos
1780 368 1813 398 in
1839 378 1957 407 genere
1991 369 2140 400 Abrahae

1173 413 1232 443 sibi
1257 413 1364 443 offerri
1389 412 1487 449 iubet,
1512 422 1574 441 non
1600 411 1731 441 dubium
1757 417 1866 441 tamen
1897 416 1944 441 est
1974 412 2049 450 quin
2081 412 2141 442 hoc

1175 455 1214 486 ad
1249 456 1346 485 totins
1385 455 1493 494 populi
1530 454 1815 484 sanctificationem
1850 454 1982 484 extendi
2017 453 2140 486 debeat.

1174 498 1397 538 primogenitu
1422 504 1529 527 autem
1551 496 1629 527 dicit
1641 507 1700 527 sua
1719 507 1796 533 esse,
1821 497 1896 535 quia
1913 507 2024 527 eorum
2049 507 2141 536 prae-

1174 543 1267 581 cipue
1280 541 1416 571 saluten]
1442 539 1602 570 debebant
1625 540 1695 571 eius
1720 539 1958 570 misericordiae
1977 545 2142 578 acceptam

1175 585 1274 614 ferre:
1299 583 1353 614 sed
1379 582 1489 612 eadem
1509 583 1630 612 ratione
1655 582 1941 619 signifieatomnes
1964 592 2034 613 esse
2057 592 2142 614 suos.

1262 626 1310 657 11.
1339 626 1498 665 Quumque
1520 625 1729 655 introduxerit
1750 628 1785 656 tr).
1821 625 2035 664 Prosequitur
2058 623 2144 664 qnod

1176 669 1267 699 initio
1303 669 1417 708 capitis
1448 669 1609 703 attingere
1645 674 1810 707 coeperat,
1844 667 1883 698 de
1916 667 2144 699 consecrandis

1177 712 1410 753 primogenitis,
1435 718 1470 741 ut
1495 711 1554 741 hoc
1583 710 1677 741 modo
1708 717 1868 741 testentur
1898 710 2058 750 singulari
2083 710 2145 741 Dei

1177 756 1328 786 beneficio
1376 765 1408 784 se
1456 764 1525 784 esse
1573 753 1694 788 salvos,
1743 753 1870 793 qnando
1922 753 2146 793 primogenitis

1178 798 1354 838 Aegyptios
1389 797 1524 827 orbavit.
1583 796 1747 826 Animalia
1781 804 1889 826 autem
1929 795 1990 827 sibi
2029 795 2146 827 adduci

1176 841 1265 871 iubet
1296 846 1331 871 nt
1361 840 1482 870 scilicet
1513 846 1699 870 mactentur
1736 840 1768 869 iu
1807 838 2031 870 tabernaculo:
2070 839 2146 870 trita

1176 885 1290 923 figura,
1315 894 1376 922 qua
1399 883 1474 912 olim
1503 882 1692 912 dicebantur
1715 881 1825 912 fideles
1856 893 1890 912 se
1919 887 1952 912 et
1982 891 2040 912 sua
2063 881 2147 912 dona.

1177 928 1209 957 in
1233 933 1442 965 conspectum
1469 924 1530 955 Dei
1555 925 1677 958 sistere,
1703 935 1801 964 quum
1827 924 1866 954 ad
1898 924 2147 955 tabernaculum

1177 969 1374 1000 accederent.
1416 968 1511 1007 Quod
1537 967 1642 998 Exodi
1666 967 1716 998 22.
1737 967 1892 998 iubentur
1914 967 2000 998 alere
2022 973 2148 1008 septem

1177 1011 1290 1043 dicbus
1305 1011 1529 1051 primogenita,
1556 1011 1695 1050 positum
1719 1021 1789 1041 esse
1812 1011 2010 1049 interpretor
2033 1016 2069 1040 ut
2091 1009 2147 1040 ob-

1179 1056 1264 1085 viam
1301 1054 1466 1085 fraudibus
1501 1061 1607 1084 eatur:
1651 1054 1726 1092 qnia
1760 1054 1785 1083 si
1828 1053 1930 1084 foetus
1971 1053 2148 1084 teneriores

1179 1098 1282 1128 avulsi
1308 1098 1347 1127 ab
1374 1097 1524 1127 uberibus
1556 1102 1696 1126 matrum
1729 1097 1838 1127 statim
1871 1096 2008 1127 fuissent
2037 1095 2149 1126 traditi

1179 1140 1416 1176 sacerdotibus,
1454 1139 1579 1170 inutilis
1609 1140 1722 1170 fuisset
1765 1138 1892 1170 oblatio.
1953 1138 2149 1178 Quanquam

1181 1194 1244 1214 non
1269 1183 1380 1213 dubito
1403 1182 1487 1213 diem
1511 1190 1659 1214 octavum
1686 1183 1782 1213 fuisse
1813 1182 1961 1220 electum,
1991 1182 2065 1221 quia
2087 1182 2149 1212 cir-

1181 1226 1369 1257 cumcisioni
1392 1226 1608 1265 praescriptus
1632 1232 1710 1256 erat.
1759 1224 1901 1255 Additur
1923 1225 2085 1264 exceptio,
2113 1228 2150 1255 ut

1182 1280 1239 1309 pro
1263 1271 1351 1299 asino
1377 1269 1514 1308 pretinm
1538 1268 1694 1305 solvatur,
1718 1269 1808 1299 cuius
1838 1267 2008 1298 immunda
2038 1267 2151 1298 fuisset

1181 1312 1309 1343 oblatio.
1356 1311 1523 1349 Quantum
1550 1311 1587 1341 ad
1613 1311 1729 1342 liberos
1759 1321 1870 1341 eorum
1901 1310 2032 1345 attinet,
2063 1310 2151 1350 ipsos

1182 1365 1308 1395 quoqne
1332 1353 1445 1385 redimi
1467 1355 1623 1394 oportuit:
1649 1354 1723 1393 quia
1743 1364 1799 1384 nec
1819 1358 1969 1393 poterant
1987 1353 2098 1383 offerri
2116 1353 2151 1384 in

1183 1397 1385 1431 sacrificium,
1412 1407 1468 1427 nec
1492 1398 1560 1428 fieri
1585 1397 1777 1427 sacerdotes.

1272 1440 1374 1470 Exodi
1394 1440 1443 1476 34,
1465 1440 1513 1471 19.
1542 1439 1698 1479 Quidquid
1717 1439 1816 1479 aperit
1833 1438 1957 1470 vulvam
1979 1448 2082 1469 meum
2101 1439 2152 1470 est.

1185 1484 1309 1515 Definit
1339 1483 1399 1514 hoc
1429 1483 1496 1513 loco
1520 1483 1624 1522 qualis
1649 1483 1763 1513 debeat
1787 1492 1856 1512 esse
1879 1482 2011 1518 oblatio,
2036 1491 2152 1521 nempe

1184 1533 1221 1557 ut
1244 1532 1309 1556 tam
1335 1526 1451 1561 liberos
1476 1536 1552 1556 suos
1582 1536 1677 1565 quam
1709 1525 1879 1555 immunda
1902 1524 2057 1555 animalia
2080 1534 2153 1563 pre-

1184 1570 1227 1599 tio
1262 1568 1438 1598 redimant:
1474 1568 1557 1608 quod
1591 1575 1698 1599 antem
1734 1568 1767 1598 in
1808 1567 2002 1598 sacrificium
2043 1567 2152 1597 offerri

1184 1618 1301 1652 potest,
1324 1611 1355 1642 id
1380 1611 1543 1642 adducant
1566 1611 1604 1641 ad
1630 1611 1885 1642 tabernaculum.
1927 1610 2026 1641 Porro
2050 1609 2153 1641 homi-

1186 1665 1243 1685 nes
1266 1655 1326 1685 sibi
1352 1654 1441 1684 Deus
1464 1655 1645 1685 consecrari
1671 1653 1790 1690 uoluit,
1825 1654 1900 1693 qnia
1930 1653 2049 1684 tribum
2073 1652 2152 1683 levi-

1187 1698 1281 1728 ticam
1306 1697 1462 1736 elegerat,
1493 1704 1528 1727 nt
1550 1696 1625 1727 alibi
1651 1697 1841 1727 videbimus.
1888 1696 1998 1727 Liberi
2021 1706 2097 1736 ergo
2121 1699 2153 1726 et

1186 1742 1234 1771 sui
1256 1741 1335 1770 iuris
1357 1740 1529 1770 manebant
1549 1739 1684 1771 masculi
1704 1740 1965 1779 compensatione
1989 1739 2152 1779 pecuniae.

1185 1783 1361 1814 Iminunda
1384 1794 1461 1813 vcro
1484 1783 1637 1813 animalia
1662 1782 1772 1812 eodem
1803 1781 1895 1812 modo
1918 1781 2154 1813 accommodari

1187 1832 1337 1866 poterant
1372 1826 1404 1855 iu
1440 1837 1533 1856 usum
1571 1826 1798 1859 domesticum,
1835 1835 1951 1864 nempe
1985 1831 2153 1863 postquam

1187 1869 1266 1905 Deo,
1291 1869 1381 1899 cuius
1404 1874 1497 1899 crant
1521 1868 1666 1908 propria,
1691 1874 1722 1898 et
1741 1868 1794 1907 qui
1815 1878 1852 1898 en
1871 1867 1930 1898 sibi
1952 1867 2153 1905 vendicabat,

1186 1912 1325 1942 solutum
1351 1914 1455 1941 fuerat
1474 1913 1622 1950 pretium.
1670 1910 1705 1942 Si
1737 1911 1808 1949 quis
1837 1916 1947 1940 tamen
1977 1921 2039 1940 non
2070 1910 2154 1941 tanti

1186 1955 1373 1985 aestimaret
1408 1955 1550 1991 asinum,
1584 1953 1636 1984 vol
1671 1953 1758 1983 alind
1794 1953 1997 1983 immundum
2033 1952 2155 1983 animal

1186 2003 1281 2036 caput
1311 1996 1454 2027 abscindi
1487 1997 1537 2027 lex
1564 1997 1673 2033 iussit,
1697 1997 1770 2035 quia
1795 1996 1913 2035 alioqui
1948 1995 2154 2036 sacrilegium

1186 2041 1300 2070 fuisset
1319 2040 1490 2070 utilitatem
1510 2041 1676 2079 percipere
1696 2050 1734 2069 ex
1752 2038 1813 2068 Dei
1833 2038 1964 2077 peculio,
1990 2038 2038 2068 vel
2056 2037 2154 2079 (quod

1186 2083 1271 2113 idem
1296 2082 1356 2123 est)
1380 2091 1490 2122 aptare
1514 2083 1545 2113 in
1571 2083 1732 2122 privatum
1754 2092 1847 2112 usum
1868 2080 1953 2120 quod
1980 2081 2067 2112 Deus
2094 2080 2156 2112 sibi

1187 2126 1439 2156 adiudicaverat.

1275 2169 1378 2199 Levit.
1404 2168 1453 2203 27,
1474 2168 1523 2198 26.
1564 2167 1777 2198 Verumtamen
1797 2166 2044 2205 primoycnitum.
2091 2166 2155 2198 Hic

1188 2211 1407 2250 interponitur
1430 2222 1495 2241 una
1525 2210 1642 2245 cautio,
1671 2220 1710 2240 ne
1739 2210 1809 2248 quis
1833 2209 1947 2239 offerat
1976 2208 2058 2248 quod
2091 2209 2155 2240 iam

1189 2260 1237 2284 est
1261 2254 1292 2283 in
1318 2255 1417 2293 ipsius
1444 2253 1502 2283 Dei
1529 2253 1695 2291 mancipio
1743 2252 1824 2282 Natu
1849 2252 1923 2290 quia
1945 2251 2091 2283 homines
2118 2256 2156 2283 ut

1190 2297 1363 2336 plurimum
1389 2296 1427 2326 ad
1452 2296 1701 2326 ostentationem
1726 2294 1877 2333 propensi
1902 2300 1990 2330 sunt,
2023 2304 2058 2325 ac
2082 2305 2155 2334 pro-

1190 2339 1264 2369 inde
1296 2340 1326 2369 in
1358 2338 1507 2369 testanda
1533 2339 1650 2377 pietate
1674 2348 1737 2367 una
1763 2337 1867 2367 tidelia
1892 2337 2043 2367 dealbant
2074 2337 2155 2368 duos

1190 2382 1329 2422 parietes
1359 2380 1408 2421 (ut
1439 2388 1484 2411 est
1509 2381 1542 2410 in
1568 2379 1766 2420 proverbio),
1804 2380 1878 2410 huic
1906 2380 1983 2410 vitio
2017 2381 2156 2411 occurrit

1196 2427 1290 2461 nous,
1311 2425 1526 2464 primogenita
1557 2424 1616 2453 sibi
1641 2424 1748 2453 offerri
1773 2430 1900 2459 vetans,
1932 2423 2007 2461 quia
2031 2423 2061 2453 id
2084 2427 2154 2453 erat

1191 2468 1304 2497 offerre
1328 2478 1366 2497 ex
1392 2467 1506 2506 rupina
1541 2465 1675 2497 Summa
1694 2473 1751 2505 ost⁷
1773 2477 1813 2496 ne
1832 2465 2048 2496 consecrando
2072 2465 2156 2505 quod

1192 2512 1254 2540 iam
1288 2510 1357 2540 Deo
1387 2510 1537 2548 debetur,
1568 2511 1640 2539 tii-ta
1665 2509 1855 2539 liberalitato
1886 2508 2026 2539 alienum
2051 2514 2082 2539 et
2105 2519 2156 2539 sa-

1192 2564 1281 2583 crum
1312 2553 1468 2582 fui-entur.
1522 2552 1587 2582 Not·
1627 2552 1782 2581 miremur
1814 2552 1895 2581 lianc
1926 2551 2027 2591 legem
2058 2551 2156 2582 fuisse

1194 2596 1305 2626 latam:
1330 2596 1404 2635 quia
1428 2594 1576 2625 omnibns
1600 2595 1665 2624 fere
1685 2594 1828 2629 inu-enim
1847 2601 1895 2625 est
1916 2595 1993 2625 haec
2013 2594 2155 2633 ambitio,

1194 2644 1230 2669 nt
1264 2639 1352 2669 inani
1388 2637 1568 2668 donationis
1597 2638 1701 2677 specie
1733 2638 1838 2668 Deum
1866 2637 2066 2677 obstringere
2100 2647 2155 2668 cu-
