2304 3034
72 219 133 251 393

73 313 172 344 mitti:
204 319 296 346 ΠΞἭΠ
326 317 433 344 autem
468 312 561 343 simul
597 311 718 342 versari
755 311 788 340 in
824 309 971 341 dextram
1002 315 1034 340 et

73 356 236 386 sinistram
263 360 402 396 partem:
434 363 615 394 quanquam
640 353 692 383 alii
717 358 834 392 putant
857 353 1032 392 circumagi

74 398 113 429 ad
137 404 275 437 quatuor
298 399 409 429 mundi
433 398 553 437 plagas.
588 395 680 426 Inter
702 401 778 426 vota
801 400 832 425 et
856 400 1033 435 spontanea

72 441 228 472 sacrificia
243 440 404 471 distinctio
424 445 479 475 est,
500 438 583 478 quod
603 438 731 469 tametsi
751 443 860 468 votum
881 437 919 467 ab
939 437 1032 468 initio

71 488 186 524 sponte
217 484 411 523 concipitur,
440 486 545 522 potest
575 486 682 511 tamen
714 480 823 511 offerri
854 480 937 519 quod
968 490 1031 510 non

72 527 230 558 vovimus.
277 526 325 556 De
348 524 573 565 primogenitis
595 524 658 553 iam
682 528 757 553 ante
781 522 899 553 dictum
925 522 995 553 fuit.

158 569 186 599 7.
212 568 435 606 Comedetisque
464 566 514 597 ibi.
558 565 729 602 Videmus,
753 565 971 595 sanctuarium
996 565 1029 595 in

71 622 133 651 quo
156 622 190 642 se
208 612 296 642 Deus
318 609 552 645 manifestabat,
577 608 684 639 vocari
709 608 776 638 eius
800 607 923 638 faciem.
959 607 1029 638 Etsi

71 654 157 685 enim
190 652 336 684 fidelibus
372 652 566 691 praecipitur
595 654 631 681 ut
660 661 801 690 semper,
839 659 1029 689 quocunque

70 697 102 727 in
139 696 207 728 loco
242 695 406 732 habitent,
440 704 547 725 coram
576 694 646 724 Deo
676 693 857 724 ambulent:
896 692 1028 731 propius

71 746 179 770 tamen
200 743 230 769 et
250 737 381 778 speciali
404 736 640 776 quodammodo
664 735 824 767 sistebant
846 745 879 765 se
902 735 934 765 in
959 735 1029 765 eius

68 786 274 821 conspectum
298 790 396 820 quum
420 778 460 810 ad
483 779 701 810 sanctuarium
724 776 921 809 accederent.
967 779 1026 808 At—

69 835 129 864 que
153 824 211 855 bac
235 822 385 863 loquendi
408 822 511 853 forma
534 822 698 862 pigritiam
723 820 773 851 vel
798 819 953 851 desidiam
976 829 1027 859 po-

68 867 136 907 puli
155 867 274 897 excitat
286 865 384 898 Deus.
398 875 438 895 ne
458 864 627 895 molestum
648 865 689 895 sit
707 861 908 894 sacrificandi
931 872 1028 893 causa

67 909 107 940 ad
127 920 233 940 arcam
252 908 388 939 foederis
409 907 526 944 venire,
550 907 623 947 quia
643 906 783 937 laborem
805 911 836 936 et
859 910 1025 944 sumptum

67 951 191 983 itineris
210 950 443 981 inaestimabile
462 949 546 981 istud
571 950 687 980 bonum
711 952 903 988 compenset.
939 947 1026 978 Alibi

67 998 174 1025 autem
207 993 314 1029 docui,
346 993 399 1024 ubi
428 1002 532 1023 coram
559 991 624 1022 Deo
647 991 771 1031 epulari
796 991 947 1022 dicuntur
971 990 1025 1020 ho-

65 1037 185 1073 mines,
217 1036 275 1067 hac
306 1041 380 1066 nota
404 1035 541 1066 discerni
564 1044 671 1065 sacras
695 1034 804 1073 epulas
829 1044 846 1063 a
869 1032 1026 1072 quotidia-

65 1080 115 1110 nis
138 1080 260 1115 coenis‚
293 1078 342 1109 vel
365 1077 518 1117 prandiis.
564 1077 642 1107 Fuit
665 1077 750 1107 enim
775 1075 852 1107 haec
876 1075 1024 1106 sacrificii

65 1121 213 1159 accessio,
237 1120 320 1160 quod
345 1119 509 1151 residuum
533 1125 600 1150 erat
623 1130 662 1150 ex
686 1119 817 1150 victima
841 1117 1022 1149 comedere:

64 1170 97 1196 et
119 1164 179 1195 hoc
202 1163 295 1194 modo
318 1162 438 1194 fiebant
461 1163 617 1193 convivae
640 1161 810 1193 oblationis
834 1160 1022 1200 participes:

64 1217 159 1247 quem
188 1216 310 1236 morem
340 1206 482 1236 imitatae
504 1210 580 1236 sunt
603 1205 698 1235 etiam
722 1204 875 1244 profanae
898 1208 1021 1243 gentes,

63 1249 118 1281 sed
147 1258 326 1289 perperam.
372 1248 500 1278 Rursus
530 1248 664 1278 comiter
692 1257 744 1278 eos
773 1246 890 1277 invitat
919 1246 1020 1283 Deus,

61 1302 161 1332 quum
180 1290 268 1322 dicit:
284 1290 501 1321 Laetabimini
520 1290 553 1320 in
573 1290 660 1320 omni
680 1289 893 1329 applicatione
906 1298 1021 1319 manus

62 1340 197 1365 vestrae.
232 1333 296 1364 Pro
315 1343 378 1373 quo
398 1333 450 1363 alii
470 1332 623 1363 reddunt:
644 1332 684 1362 In
703 1332 792 1363 omni
812 1341 845 1362 re
864 1329 903 1361 ad
923 1341 1019 1370 quam

60 1376 212 1408 miseritis
231 1386 362 1407 manum
382 1381 533 1406 vestram.
559 1375 609 1406 Ad
630 1374 765 1406 verbum
786 1378 846 1406 est:
868 1373 907 1404 In
926 1373 1019 1404 emis-

60 1419 149 1451 sione
188 1428 313 1449 manus.
368 1418 407 1449 In
441 1429 538 1449 sensu
572 1417 660 1448 nulla
694 1416 901 1457 ambiguitas:
943 1415 1019 1456 quia

59 1472 157 1502 opera
185 1461 345 1501 significat
372 1471 453 1501 quae
477 1466 600 1491 motum
623 1466 655 1491 et
679 1460 924 1500 applicationem
950 1469 1016 1489 ma-

58 1515 159 1536 nuum
193 1504 371 1543 requirunt.
428 1503 530 1534 Paulo
564 1508 635 1543 post
668 1503 721 1534 ubi
756 1502 854 1533 verti:
891 1501 1017 1540 Quibus

58 1546 278 1585 benedixerit,
300 1546 448 1577 inserunt
471 1546 741 1586 praepositionem
764 1545 819 1583 In,
844 1550 875 1575 et
898 1543 1016 1575 subau—

60 1589 151 1620 diunt
170 1589 251 1620 Tibi.
284 1589 407 1619 Verum
427 1589 546 1629 optime
569 1588 730 1625 convenit,
754 1587 861 1618 Deum
885 1585 1015 1618 benedi-

58 1643 130 1664 cere
159 1631 324 1671 operibus,
351 1641 534 1671 quanquam
563 1636 594 1662 et
622 1631 660 1662 de
685 1631 814 1662 familiis
837 1634 943 1670 potest
965 1629 1014 1659 in-

58 1675 159 1715 telligi
172 1674 204 1716 ¹).
240 1673 336 1713 Quod
354 1674 493 1705 decimas
512 1673 633 1705 comedi
654 1673 741 1705 iubet
765 1674 799 1704 in
822 1673 890 1704 loco
914 1682 1013 1709 sacrO,

56 1728 121 1749 non
140 1717 277 1748 extendo
297 1716 337 1747 ad
360 1727 462 1756 genus
484 1717 604 1757 ipsum:
629 1717 704 1756 quia
726 1717 858 1747 minime
881 1725 1014 1747 consen-

56 1764 186 1791 taneum
216 1759 327 1790 fuisset
356 1760 476 1791 victum
500 1770 611 1790 eorum
635 1759 689 1799 qui
712 1770 770 1799 per
792 1758 939 1789 diversas
962 1767 1015 1788 ur-

56 1802 112 1834 bes
140 1802 242 1842 sparsi
273 1807 365 1832 erant
392 1802 426 1832 in
459 1802 601 1833 alienum
631 1801 736 1833 locum
766 1801 950 1838 transferri,
981 1803 1016 1830 ut

56 1845 161 1877 esurie
179 1844 336 1885 perirent:
359 1844 414 1876 sed
438 1844 634 1885 interpretor
658 1844 696 1875 de
716 1843 865 1876 secundis
884 1842 1016 1874 decimis

55 1898 135 1928 quas
158 1887 348 1927 separabant
361 1887 498 1918 Levitae
520 1893 556 1918 ut
579 1892 687 1918 essent
709 1897 799 1918 sacra
822 1892 854 1917 et
877 1885 1015 1926 peculia-

56 1930 102 1961 ris
131 1930 260 1961 oblatio.
306 1929 391 1960 Alibi
422 1930 507 1960 enim
540 1929 718 1961 videbimus
743 1929 826 1969 quod
851 1928 1015 1960 residuum

57 1977 126 2004 erat
137 1973 304 2004 transiisse
316 1973 348 2003 in
364 1977 512 2003 naturam
526 1973 706 2004 communis
719 1977 912 2012 proventus:
933 1981 969 2002 ac
988 1971 1015 2001 si

56 2015 192 2046 Levitae
203 2026 242 2046 ex
255 2016 320 2046 suis
333 2016 589 2055 possessionibus
602 2023 787 2055 perceptum
801 2013 1013 2045 comederent.

142 2058 169 2089 8.
196 2058 264 2089 Non
282 2058 403 2097 facietis
420 2058 586 2089 secundum
609 2058 722 2089 omnia.
757 2058 825 2088 Iam
847 2063 923 2088 tunc
946 2057 1014 2096 qui-

59 2098 129 2130 dem
141 2101 238 2131 ritum
251 2100 451 2132 sacrificandi
466 2112 484 2131 a
496 2101 640 2140 patribus
654 2101 808 2131 traditum
829 2099 1014 2131 servabant:

59 2141 113 2172 sed
143 2143 216 2182 quia
243 2142 347 2174 adhuc
376 2143 527 2174 errabant
549 2143 581 2173 in
609 2143 749 2181 deserto,
783 2143 872 2174 licuit
895 2142 1014 2182 passim

59 2183 171 2230 altaria
193 2190 368 2223 exstruere,
393 2185 492 2217 donec
511 2197 622 2216 eorum
642 2185 895 2226 peregrinationi
915 2186 1014 2224 impo-

60 2231 140 2256 situs
173 2232 255 2258 essct
288 2229 370 2259 finis.
426 2228 470 2259 Et
504 2229 563 2259 hoc
595 2229 691 2259 etiam
726 2228 844 2259 diserte
874 2227 1016 2267 explicat

60 2267 176 2307 Moses,
192 2271 313 2301 ratione
334 2270 450 2308 addita,
474 2270 557 2310 quod
576 2270 717 2302 nondum
742 2271 878 2311 ingressi
898 2270 962 2301 sint
982 2269 1014 2299 in

60 2310 202 2349 requiem
225 2322 320 2350 quam
343 2312 433 2344 Deus
456 2313 518 2345 illis
542 2314 743 2354 promiserat.
780 2314 882 2345 Docet
905 2313 1014 2353 igitur,

61 2352 116 2382 ubi
143 2353 311 2393 contigerit
333 2356 505 2395 tranquilla
529 2361 633 2387 terrae
658 2357 827 2396 possessio.
862 2366 925 2386 non
949 2356 1015 2386 fore

61 2393 198 2441 amplius
230 2398 426 2442 excusationi
460 2399 582 2435 locum,
616 2399 643 2430 si
673 2399 857 2439 ubicunque
887 2398 1013 2429 libitum

60 2436 165 2483 fuerit·
181 2438 368 2469 sacrificent.
401 2440 487 2481 Ergo
511 2441 563 2471 ubi
589 2441 705 2473 dicitur
729 2453 780 2473 eos
804 2447 881 2472 tunc
904 2441 1015 2472 fecisse

61 2484 95 2527 ut.
114 2489 248 2518 qulsque
268 2486 387 2511 rectum
406 2485 539 2521 putavit,
564 2495 625 2515 non
646 2484 833 2515 extenditur
856 2483 896 2514 ad
919 2493 1015 2523 quae-

62 2521 140 2552 libet
172 2523 326 2560 figmenta
356 2533 435 2562 quae
463 2525 521 2556 sibi
550 2527 839 2558 comminiscuntur
869 2526 1016 2558 homines

129 2621 158 2660 i)
178 2621 321 2653 Princeps:
344 2625 567 2656 praepositionem
594 2628 635 2660 iu⁷
666 2637 696 2653 ac
721 2629 743 2653 si
768 2636 857 2654 sermo
885 2633 957 2654 esset
984 2629 1017 2654 de

61 2656 200 2690 operibus.
220 2664 268 2688 ego
287 2659 374 2682 autem
393 2657 425 2682 de
443 2659 548 2685 familiis
567 2662 655 2694 potius
674 2663 846 2695 interpretor.

758 217 1009 249 SECUNDUM
1034 217 1352 252 PRAECEPTUM.

1982 222 2044 253 394

1084 311 1115 341 iu
1147 312 1277 343 colendo
1302 313 1383 344 Deo:
1417 316 1471 345 sed
1503 319 1629 345 tantum
1654 319 1786 345 notatur
1809 315 1937 346 liberior
1962 316 2042 346 ratio

1085 359 1116 384 et
1150 355 1250 385 formu
1286 356 1483 387 exercendae
1512 357 1653 397 pietatis,
1693 362 1864 397 antequam
1895 362 2043 389 ostensus

1085 400 1166 427 esset
1190 397 1278 428 locus
1301 398 1355 428 ubi
1378 400 1476 439 figere
1499 399 1612 439 pedem
1638 400 1777 431 decebat.

1173 440 1217 470 10.
1246 440 1345 479 Quum
1366 451 1434 472 vcro
1453 442 1642 473 1‘11111,s1'1r·itis
1655 443 1828 474 Iordanem.
1860 441 2043 474 Confirmat

1084 480 1134 512 hic
1165 492 1277 512 versus
1306 484 1387 522 quod
1417 492 1491 514 ante
1524 486 1607 514 uixi:
1645 485 1779 516 Iudaeos
1810 485 1967 523 obstringi
2001 485 2039 517 ad

1083 528 1201 571 certam
1226 525 1389 564 regulam,
1420 526 1555 558 simulac
1579 528 1781 558 constiterint
1804 528 1836 558 in
1860 532 1945 558 terra
1968 539 2039 567 pro-

1083 576 1193 596 missa:
1217 573 1249 596 et
1268 574 1375 598 tamen
1396 568 1499 600 locum
1524 570 1556 599 in
1579 580 1640 609 quo
1664 575 1818 610 perpetua
1841 575 1923 601 esset
1948 581 2040 602 arcae

1082 609 1194 645 statio,
1219 620 1282 640 non
1305 611 1453 650 protinus
1478 611 1546 642 fore
1568 612 1785 643 manifestum.
1831 612 1925 651 Quod
1951 614 2037 644 enim

1081 651 1273 690 exprimitur
1295 653 1327 682 in
1352 653 1414 683 fine
1439 664 1559 691 versus,
1584 654 1688 686 Deum
1714 656 1745 686 in
1768 655 1903 686 circuitu
1927 666 2038 695 pacem

1081 691 1232 724 daturum
1259 699 1294 725 ut
1324 705 1433 726 secure
1458 696 1619 734 habitent,
1648 708 1682 728 re
1706 697 1776 737 ipsa
1798 708 1860 728 non
1882 698 1943 728 fuit
1966 709 2038 738 per-

1081 735 1160 766 fecte
1180 736 1357 768 exhibitum
1380 743 1453 769 ante
1472 743 1600 779 tempus
1615 740 1756 771 Davidis.
1792 739 1904 771 Voluit
1928 746 2037 771 tamen

1082 777 1186 816 Deus,
1215 779 1348 811 simulac
1371 785 1457 811 terra
1480 781 1679 819 fruerentur,
1713 782 1853 822 undique
1876 783 1972 813 etiam
1996 794 2036 814 ex

1080 821 1210 851 remotis
1245 822 1364 853 finibus
1397 823 1482 862 ipsos
1516 834 1705 856 concurrere
1734 825 1771 856 ad
1804 825 2036 858 sanctuarium.

1080 862 1211 902 Species
1240 865 1393 903 quasdam
1424 865 1619 897 oblationum
1651 867 1689 898 de
1718 868 1833 907 quibus
1861 878 1963 908 nuper
1991 868 2036 899 lo-

1079 911 1198 944 quutus
1218 907 1330 946 fuerat,
1350 908 1475 945 omittit,
1499 914 1531 939 et
1549 919 1605 948 pro
1628 910 1711 941 votis
1734 910 1826 950 ponit
1848 910 2036 942 electionem

1078 953 1238 987 votorum,
1262 959 1320 989 pro
1344 960 1406 989 quo
1430 951 1483 981 alii
1507 958 1637 982 vertunt
1659 952 1852 983 electissima
1875 958 1958 990 vota,
1983 953 2033 985 vcl

1078 991 1249 1030 praecipua
1276 992 1308 1022 in
1339 993 1438 1031 votis,
1469 993 1552 1033 quod
1583 1005 1645 1025 nou
1670 995 1818 1035 repudio:
1850 1005 2034 1035 quanquam

1077 1034 1253 1073 simplicior
1271 1040 1319 1065 est
1339 1035 1419 1066 alter
1438 1046 1560 1074 sensus,
1585 1042 1657 1068 vota
1676 1038 1782 1068 omnia
1806 1038 2034 1077 comprehendi

1076 1086 1157 1115 quae
1192 1075 1288 1107 [ibero
1324 1076 1440 1108 iudicio
1464 1084 1493 1109 et
1518 1079 1640 1110 delectu
1676 1081 1807 1120 quisque
1837 1085 2032 1121 susceperat.

1076 1118 1178 1149 Paulo
1212 1125 1285 1159 post
1319 1125 1458 1151 mentem
1494 1132 1583 1152 suam
1617 1122 1734 1153 clarius
1768 1123 1914 1162 exponit,
1958 1123 2033 1154 dum

1075 1161 1227 1200 prohibet
1262 1173 1301 1193 ne
1338 1172 1394 1193 suo
1424 1162 1555 1193 arbitrio
1584 1165 1614 1194 in
1648 1165 1724 1195 locis
1754 1175 1833 1205 quae
1864 1166 2034 1197 arriserint

1074 1204 1212 1234 offerant
1232 1205 1395 1236 sacrificia.
1430 1205 1512 1236 Nam
1537 1206 1639 1237 locum
1665 1208 1815 1246 aspicere,
1840 1207 2032 1240 tantundem

1075 1246 1127 1277 hic
1151 1247 1237 1278 valet
1259 1252 1353 1287 atque
1377 1248 1452 1278 ferri
1476 1249 1637 1280 oculorum
1663 1260 1769 1287 sensu,
1793 1255 1828 1280 ut
1852 1251 2030 1290 pulchritu—

1075 1289 1142 1319 dini
1167 1295 1198 1320 et
1222 1290 1342 1321 formae
1366 1290 1515 1330 affigatur
1536 1292 1648 1331 religio
1671 1296 1703 1322 et
1723 1293 1885 1324 sanctitas.

1160 1332 1387 1363 Deuteronom.
1426 1333 1473 1371 12,
1507 1333 1548 1364 26
1585 1334 1781 1373 Sanetificata
1808 1338 1872 1368 tua.
1923 1336 2030 1368 Locus

1073 1373 1125 1405 hic
1156 1375 1273 1406 clarius
1306 1375 1445 1415 explicat
1474 1377 1547 1416 quid
1579 1377 1639 1408 sibi
1670 1378 1832 1408 voluerint
1865 1379 2030 1418 superiora

1073 1422 1257 1458 praecepta:
1296 1428 1412 1457 nempe
1446 1424 1479 1449 ut
1514 1419 1599 1450 locus
1633 1430 1716 1450 unus
1750 1431 1839 1451 sacer
1873 1426 1956 1452 esset
1990 1421 2030 1452 ad

1073 1460 1272 1500 peragendos
1291 1471 1397 1492 sacros
1416 1461 1511 1492 ritus:
1532 1472 1572 1492 ne
1591 1462 1616 1493 si
1637 1462 1768 1502 quisque
1787 1463 1914 1493 offerret
1935 1467 2029 1503 prout

1072 1509 1155 1534 esset
1175 1503 1311 1539 libitum,
1336 1503 1504 1534 vitiaretur
1527 1505 1648 1545 religio⁷
1672 1509 1703 1535 et
1726 1505 1879 1544 paulatim
1899 1505 2028 1537 diversa

1071 1545 1185 1576 altaria
1205 1545 1339 1576 totidem
1358 1546 1528 1586 gignerent
1549 1546 1633 1578 deos.
1665 1547 1759 1578 Iubet
1781 1558 1856 1588 ergo
1880 1548 2027 1580 victimas

1070 1597 1182 1660 fomnes
1206 1589 1378 1620 sacrificari
1402 1599 1498 1628 super
1522 1600 1621 1620 unum
1646 1590 1755 1626 altare,
1780 1590 1873 1621 modo
1897 1591 2027 1631 sanguis

1083 1631 1234 1662 undatur.

1384 1776 1447 1806 EX
1468 1775 1600 1807 DEUT.
1625 1775 1718 1806 XIV.

1152 1843 1202 1874 23.
1232 1843 1274 1874 Et
1302 1843 1434 1875 comedes
1462 1853 1563 1874 coram
1592 1843 1702 1874 Iehova
1732 1842 1799 1875 Deo
1828 1846 1878 1875 tuo
1908 1845 1941 1875 in
1966 1845 2028 1877 loco

1067 1896 1154 1925 quem
1178 1886 1296 1926 eleyerit
1318 1889 1351 1917 ut
1373 1886 1510 1917 habitare
1531 1886 1628 1925 faciat
1652 1896 1757 1916 nomen
1779 1896 1871 1917 suum
1893 1886 1951 1923 ibi,
1978 1888 2027 1919 de-

1067 1929 1177 1959 cimam
1200 1929 1345 1968 frumenti
1367 1930 1429 1966 tui,
1453 1929 1518 1959 virzi
1541 1929 1600 1963 tui„
1625 1931 1650 1959 et
1672 1928 1728 1959 olei
1750 1929 1810 1963 tui,
1834 1931 1860 1959 ct
1871 1930 2027 1970 primoge—

1067 1972 1133 2002 nita
1162 1971 1249 2002 boum
1275 1975 1412 2008 tuorum,
1450 1974 1475 2002 et
1502 1971 1652 2008 pecudum
1682 1973 1823 2002 tuarum:
1858 1974 1890 2001 ut
1922 1973 2027 2003 discas

1067 2015 1173 2045 timere
1189 2014 1330 2045 Iehovam
1344 2013 1446 2045 Deum
1465 2017 1550 2044 tuum
1570 2013 1707 2044 omnibus
1726 2013 1837 2044 diebus.
1868 2013 1918 2044 24.
1942 2015 2028 2053 Quod

1067 2058 1095 2087 ssi
1126 2057 1243 2097 lonyior
1270 2057 1364 2096 fuerit
1396 2058 1446 2087 ria
1474 2066 1567 2095 qnam
1594 2059 1626 2086 ut
1648 2067 1707 2095 per
1734 2066 1802 2087 eam
1822 2056 1905 2095 ferre
1921 2057 2026 2095 possis

1067 2100 1157 2137 illas,
1183 2100 1262 2138 quod
1289 2100 1378 2130 distet
1401 2110 1419 2130 α
1443 2101 1470 2130 te
1487 2099 1568 2130 locus
1591 2098 1641 2130 ille
1664 2109 1750 2137 quem
1773 2098 1892 2138 elegerit
1914 2099 2027 2130 Ielzova

1069 2142 1155 2174 Deus
1178 2145 1249 2173 tuus
1272 2144 1305 2172 ut
1323 2144 1419 2180 ponat
1441 2151 1545 2173 nomen
1568 2151 1659 2171 suum
1682 2141 1733 2179 ibi,
1756 2151 1848 2180 Quum
1872 2141 2026 2172 benedixe-

1067 2186 1108 2215 rit
1129 2184 1183 2215 tibi
1208 2184 1320 2215 Ielzova
1346 2184 1431 2214 Deus
1451 2187 1537 2214 tuus.-
1571 2183 1620 2214 25.
1648 2183 1676 2213 T
1675 2193 1732 2213 wic
1754 2183 1842 2214 dabis
1858 2194 1919 2224 pro
1937 2194 2027 2223 pecu-

1067 2228 1139 2262 nia,
1169 2230 1195 2257 et
1224 2226 1377 2266 colliyabis
1399 2227 1566 2265 pecuniam
1591 2227 1622 2256 in
1645 2236 1739 2256 marm
1762 2228 1827 2265 ῗτια,
1852 2229 1878 2257 et
1900 2226 1960 2257 ibis
1983 2227 2025 2258 ad

1068 2270 1164 2301 Iocum
1176 2280 1261 2309 quem
1273 2270 1392 2310 elegerit
1405 2269 1514 2299 Ielaova
1528 2268 1615 2299 Deus
1627 2271 1713 2299 tems.-
1725 2268 1774 2299 26.
1790 2269 1830 2299 Et
1843 2268 1931 2300 dabis
1938 2279 2029 2309 pecu-

1067 2314 1153 2343 niam
1168 2323 1227 2352 pro
1246 2313 1330 2342 omni
1348 2322 1379 2342 co
1397 2312 1476 2350 quod
1494 2312 1646 2342 desiderat
1665 2312 1770 2342 anima
1782 2314 1843 2350 tua,
1856 2322 1915 2350 pro
1927 2311 2026 2350 bobus,

1067 2358 1093 2386 et
1104 2366 1165 2394 pro
1183 2354 1296 2390 ovibus,
1320 2357 1345 2384 et
1363 2365 1422 2393 pro
1445 2355 1521 2390 viam,
1545 2357 1571 2384 et
1587 2364 1647 2392 pro
1665 2354 1773 2391 sicera,
1797 2357 1823 2385 et
1835 2364 1895 2392 pro
1913 2354 2028 2385 cunctis

1067 2398 1195 2437 (lenique
1218 2408 1295 2437 quae
1311 2396 1514 2436 postulaverit
1537 2408 1556 2427 α
1578 2399 1604 2427 ie
1626 2397 1732 2426 anima
1756 2399 1824 2427 tua:
1846 2399 1872 2427 ct
1893 2397 2027 2428 comedes

1067 2440 1110 2472 «ibi
1129 2451 1231 2472 coram
1245 2440 1357 2471 Ielcora
1371 2439 1435 2470 Deo
1453 2442 1511 2476 tuo,
1531 2441 1557 2470 et
1574 2438 1734 2470 laetaberis
1754 2442 1786 2469 tu
1805 2442 1831 2470 et
1842 2439 1950 2470 domus
1962 2442 2024 2470 tua.

1154 2526 1203 2557 23.
1229 2524 1271 2556 Et
1293 2525 1424 2556 comedes·
1447 2533 1547 2554 eoram
1570 2523 1691 2554 Iehova.
1730 2523 1852 2554 Iterum
1879 2525 2026 2556 victimas

1069 2569 1176 2600 afferri
1197 2568 1286 2599 iubet
1305 2567 1343 2598 ad
1364 2568 1464 2598 locum
1485 2566 1675 2597 sanctuarii:
1702 2576 1883 2605 quanquam
1900 2567 2024 2598 Ieroso-

1069 2612 1191 2652 lymam
1226 2610 1372 2651 designat
1407 2620 1461 2649 per
1495 2609 1598 2639 locum
1634 2619 1728 2647 quem
1761 2609 1895 2648 elegerit
1925 2609 2024 2647 Deus,

1070 2655 1161 2684 sicuti
1183 2654 1328 2693 proximo
1348 2654 1379 2683 in
1401 2652 1466 2682 loco
1486 2651 1596 2690 capitis
1618 2651 1665 2681 12.
1691 2650 1809 2682 dictum
1835 2651 1904 2683 fuit..
1941 2654 2025 2683 Arca
