2304 3034
171 166 229 196 1-27

169 260 305 291 sceleste
329 259 447 289 abusus
470 262 555 288 essct
579 258 641 288 Dei
665 257 845 293 elementia,
870 268 956 289 novo
980 258 1064 290 malo
1088 270 1137 290 re·
1163 266 1165 270 ⁴

1164 318 1165 342 1
1191 302 1228 332 de
1253 304 1339 334 exitu
1365 302 1552 342 paciscatur.
1591 301 1769 340 Quaeritur
1790 306 1910 341 tamen,
1934 304 1962 334 si
1985 315 2080 337 nemo
2098 317 2157 346 per

170 308 265 343 pente
289 301 404 340 corripi
429 300 586 340 oportuit,
618 306 653 330 ut
684 301 715 330 in
751 301 892 330 tenebris
917 301 1051 331 sentiret
1074 301 1137 332 Dei

171 345 284 376 ultoris
300 353 441 379 manum,
462 353 558 382 quam
577 348 826 382 contempserat.
857 343 925 374 Nec
944 354 1022 374 sane
1041 345 1138 376 minis

170 388 300 419 territus
321 386 448 416 fuisset:
485 385 579 416 sicuti
603 396 680 416 mox
703 386 839 425 patebit,
869 396 968 425 quum
993 387 1137 418 admoni-

170 438 222 460 tus
244 429 303 460 fuit
326 429 364 459 de
388 433 490 459 morte
514 428 722 469 primogeniti
744 429 810 465 sui,
847 434 878 459 et
908 429 1004 459 simili
1039 430 1137 461 totius

170 471 310 511 regionis
334 476 442 511 strage
466 477 532 501 tam
563 471 595 501 in
628 471 811 502 hominibus
836 481 930 511 quam
956 471 989 502 in
1017 472 1136 511 bestiis,

170 525 235 546 non
264 514 362 545 fuisse
392 518 606 551 commotum,
645 513 701 545 sed
735 524 847 545 secure
883 514 990 544 Deum
1020 525 1137 554 provo—

169 567 257 589 casse
288 567 323 588 ac
355 556 380 587 si
416 556 496 586 nihil
526 556 679 587 audisset.
732 557 822 587 Nihil
846 557 946 597 igitur
970 557 1086 588 mirum
1111 559 1137 589 si

169 607 286 630 terram
312 601 401 639 prius
424 599 532 630 obruit
556 600 697 631 tenebris
712 600 800 630 Deus
824 610 919 640 quam
934 600 1061 631 Pharao
1075 601 1137 632 tale

170 642 342 682 quidquam
367 642 523 681 suspicari
547 647 652 682 queat.
699 643 736 674 In
766 643 831 673 fine
866 653 978 673 versus
1004 644 1136 674 verbum

168 692 230 718 *02⁵2*
250 684 377 725 quidam
403 685 531 724 passive
563 691 745 725 exponunt:
776 686 867 725 quasi
898 686 1018 716 diceret
1048 692 1136 717 tene-

169 728 242 759 bras
266 729 333 759 fore
358 727 542 767 palpabiles,
569 739 644 759 nam
668 739 786 759 nomen
810 734 880 772 ἾΨΓ.
901 729 1065 768 singulare
1089 733 1137 760 est

170 771 254 811 apud
278 770 454 801 Hebraeos.
501 770 566 809 Qui
590 772 759 802 transitive
783 772 954 810 accipiunt,
983 772 1057 811 quia
1079 782 1136 803 vo-

170 814 243 845 lunt
285 813 449 844 indefinite
484 824 553 844 esse
588 814 738 854 positum,
774 814 976 845 subaudiunt
1010 825 1136 853 nomen,

170 857 230 888 hoc
253 867 358 889 sensu,
383 861 416 886 ut
437 857 543 896 quivis
557 857 674 897 palpet.
714 857 811 896 Atqui
835 857 860 888 si
881 857 1049 888 transitiva
1071 858 1135 898 sig-

169 900 310 930 nificatio
336 899 475 939 plaetat,
511 900 626 931 melius
661 899 700 930 ad
731 900 935 931 Pharaonem
968 899 1134 931 referetur.

168 943 323 973 Libenter
347 950 456 972 tamen
480 953 590 973 eorum
616 943 794 973 sententiae
819 943 992 980 subscribo,
1016 943 1070 983 qui
1090 949 1135 974 te-

167 985 282 1016 nebras
316 985 359 1016 ita
395 985 509 1016 densas
539 986 607 1017 fore
641 985 786 1017 scribunt
822 991 857 1016 ut
888 985 1037 1017 manibus
1067 986 1135 1026 pal-

166 1034 292 1068 pentur.

252 1071 301 1101 22.
327 1070 369 1101 Et
393 1071 525 1102 effendit
551 1071 662 1103 Moses.
711 1072 772 1103 His
797 1071 938 1102 tenebris
964 1072 1051 1102 Deus
1070 1082 1133 1103 non

166 1113 270 1145 solum
306 1114 501 1153 exprobrare
533 1114 631 1145 voluit
652 1114 814 1146 Pharaoni
850 1114 969 1145 mentis
1003 1116 1135 1146 caecita-

166 1164 247 1193 tem,
279 1156 332 1187 sed
365 1156 466 1187 modis
496 1157 646 1188 omnibus
670 1158 862 1189 convincere
893 1168 987 1197 quam
1018 1168 1134 1189 vesano

166 1200 274 1230 furore
297 1199 471 1230 resisteret.
496 1199 631 1230 Nullum
654 1201 778 1232 cunctis
802 1200 993 1231 mortalibus
1011 1211 1029 1231 a
1048 1211 1134 1231 sum-

167 1242 228 1273 mis
269 1253 371 1282 usque
411 1242 450 1272 ad
490 1242 619 1274 infimos
660 1244 763 1284 magis
809 1254 980 1275 commune
1015 1243 1134 1274 bonum

167 1296 261 1325 quan]
293 1285 383 1322 lucis,
418 1296 479 1325 quo
512 1286 631 1326 vulgus
666 1286 807 1327 ignobile
837 1293 868 1317 et
897 1286 1134 1327 contemptissi-

167 1328 210 1358 mi
235 1329 353 1368 quique
377 1338 440 1358 non
466 1329 574 1360 minus
598 1339 693 1369 quam
718 1329 834 1360 summi
859 1340 951 1370 reges
975 1330 1133 1360 fruuntur.

169 1371 255 1403 Solis
280 1371 379 1411 igitur
410 1371 508 1402 radiis
532 1371 689 1403 illustrari
713 1377 816 1403 totum
841 1373 967 1409 orbem,
1004 1374 1134 1412 Aegyp-

167 1415 228 1445 tios
253 1424 336 1445 vero.
362 1415 509 1453 quamvis
533 1415 692 1449 oculatos.
726 1416 829 1446 iacere
860 1416 890 1445 in
917 1415 1058 1446 tenebris
1082 1415 1134 1446 de-

167 1468 299 1493 mersos,
338 1457 490 1488 horribile
521 1457 582 1488 Dei
617 1458 772 1489 iudicium
807 1458 874 1488 fuit.
933 1458 1020 1497 Quid
1058 1467 1134 1497 ergo

167 1500 232 1530 illis
252 1499 443 1537 dementius,
474 1500 549 1531 dum
577 1512 635 1532 sua
662 1501 779 1532 duritie
803 1511 874 1532 cum
897 1507 960 1531 tam
986 1501 1135 1531 formido·
1161 1515 1162 1528 ³

167 1543 234 1573 losa
262 1542 319 1573 Dei
344 1553 441 1573 manu
465 1544 639 1584 confligere
667 1555 731 1575 non
757 1544 919 1575 desinunt.
968 1546 1078 1584 Aquae
1102 1544 1134 1574 in

168 1586 360 1626 sanguinem
385 1596 560 1618 conversae
583 1593 695 1626 potum
719 1587 783 1618 illis
803 1593 1012 1627 negaverant,
1038 1596 1134 1617 ranae

168 1635 199 1659 et
228 1629 289 1659 alia
320 1629 443 1659 insecta
470 1630 682 1670 oppleverant
714 1635 812 1661 totam
838 1631 1014 1671 regionem,
1050 1630 1134 1660 inter

168 1671 331 1712 pediculos
355 1672 421 1702 fere
444 1673 686 1710 contabuerant,
713 1673 851 1713 pustulis
874 1678 1064 1705 exarserant
1087 1683 1136 1703 eo-

167 1725 240 1745 rum
266 1715 423 1752 membra,
454 1715 576 1755 grando
607 1722 733 1756 partem
765 1726 912 1747 annonae
943 1715 1134 1747 abstulerat:

168 1757 240 1798 plus
264 1757 378 1788 deinde
407 1759 571 1789 vastitatis
601 1759 779 1790 attulerant
806 1759 957 1790 locustae.
1003 1757 1135 1789 Talibus

168 1800 325 1841 exemplis
355 1806 481 1831 montes
511 1807 542 1832 et
571 1812 648 1832 saxa
678 1809 766 1832 metu
801 1802 908 1842 aliquo
931 1802 1022 1842 tangi
1045 1801 1135 1832 decc-

167 1843 231 1874 bat.
277 1843 368 1874 Haec
399 1844 496 1884 igitur
527 1844 704 1876 admonitio
735 1845 828 1875 valde
860 1852 1042 1886 opportuna
1067 1844 1133 1881 fuit,

170 1886 319 1917 tenebras
344 1886 481 1917 diffundi
506 1898 562 1927 per
587 1892 687 1918 totam
712 1890 915 1928 Aegyptum,
949 1893 985 1918 ut
1015 1887 1135 1918 scirent

169 1929 238 1959 Deo
270 1929 385 1959 infesto
416 1929 447 1960 iu
480 1941 512 1961 sc
544 1931 697 1963 coelestes
725 1942 849 1971 quoque
880 1931 1042 1962 exercitus
1066 1940 1134 1960 esse

167 1981 317 2003 armatos.
353 1973 399 2003 Ae
424 1983 464 2003 ne
488 1973 623 2004 obseura
637 1974 686 2004 vel
706 1975 858 2014 ambigua
877 1978 961 2005 esset
974 1974 1034 2004 Dei
1048 1973 1134 2010 ultio,

169 2025 231 2045 non
256 2015 358 2054 potuit
384 2026 479 2046 causa
502 2016 650 2056 caliginis
673 2017 705 2047 in
731 2017 863 2057 eclipsin
894 2017 1034 2056 aliquam
1061 2026 1134 2047 con-

169 2058 253 2094 ferri,
279 2064 347 2088 tum
367 2058 406 2088 ob
430 2058 622 2090 densitatem
647 2066 714 2090 tuin
740 2060 779 2090 ob
799 2060 953 2100 temporis
984 2060 1133 2099 spatium.

169 2100 257 2131 Haec
282 2102 367 2131 enim
393 2101 455 2131 duo
478 2112 495 2132 a
520 2102 610 2133 Mose
635 2102 754 2133 diserte
778 2109 944 2141 notantur,
977 2113 1038 2142 quo
1070 2112 1135 2132 eer-

170 2144 233 2174 tiu-2
258 2152 378 2174 constet
412 2144 511 2175 solem
541 2146 704 2185 Aegyptiis
736 2146 832 2177 fuisse
862 2147 1049 2182 obscurum,
1081 2144 1133 2184 qui

169 2186 229 2216 Dei
262 2187 395 2226 gloriani
428 2188 525 2227 impio
559 2194 746 2228 contemptu
789 2190 995 2229 exstinguern·
1029 2187 1134 2218 conati

170 2230 307 2260 fuerant.
366 2230 413 2260 Ex
450 2231 597 2270 opposito
637 2242 753 2272 magna
788 2232 945 2263 Israelitis
985 2230 1133 2261 alacritas

169 2272 319 2302 accedere
344 2272 461 2310 debuit,
486 2284 584 2313 quum
609 2274 638 2304 in
665 2274 835 2314 splendore
860 2275 955 2305 solari
980 2282 1132 2314 agnosce-

171 2322 241 2344 rent
266 2322 435 2355 paternum
462 2316 521 2346 Dei
556 2317 680 2347 vultum
713 2328 789 2357 erga
818 2330 852 2349 se
875 2318 1008 2357 fulgere.
1056 2316 1131 2346 Per·

169 2357 243 2387 inde
262 2359 346 2388 enim
368 2369 424 2389 suo
444 2359 551 2389 favore
576 2370 650 2390 :unc
669 2371 723 2391 eos
747 2361 922 2398 irradiavit,
946 2371 982 2391 ac
1005 2360 1031 2390 si
1057 2358 1133 2388 libe-

171 2411 239 2430 rum
266 2411 429 2440 egressum
454 2408 661 2434 monstraret.
688 2404 735 2433 Ac
759 2408 883 2443 poterat
908 2403 1036 2443 quidem
1056 2406 1134 2431 atto-

170 2443 245 2473 nitis
270 2443 415 2474 hostibus
446 2445 554 2475 statim
588 2446 658 2476 illos
683 2446 832 2477 educere:
865 2445 919 2476 sed
948 2445 1047 2475 voluit
1072 2444 1133 2474 a¹io

170 2486 261 2515 modo
286 2497 398 2524 parare
423 2487 486 2517 illis
507 2488 640 2522 exitum,
664 2496 699 2519 ut
722 2489 914 2520 videbimus.

257 2529 305 2559 253.
342 2530 426 2560 Tunc
457 2532 615 2561 acum-sirit
650 2531 772 2563 Pharao
804 2532 918 2562 Illosen.
971 2531 1043 2561 Hoc
1067 2530 1132 2560 ictu

170 2572 312 2604 graviter
335 2574 580 2611 expavefactum
606 2574 702 2605 fuisse
726 2575 919 2615 colligimus:
946 2573 1028 2613 quod
1048 2572 1132 2602 ultro

170 2614 263 2653 (sicut
281 2616 389 2655 antea)
405 2615 550 2646 homines
575 2616 633 2647 sibi
651 2623 715 2648 tam
739 2618 890 2648 molestos
910 2622 941 2648 et
961 2622 1025 2646 tam
1050 2621 1133 2646 atro-

743 163 1110 198 COMMENTARIUS
1133 166 1181 197 IN
1205 165 1346 198 EXODI
1368 166 1516 197 CAPUT
1537 165 1580 196 X.

2096 167 2157 200 128

1191 260 1274 291 cium
1299 259 1520 291 calamitatum
1552 264 1681 290 autores
1711 259 1750 290 ad
1774 270 1808 290 se
1832 271 1962 292 rursum
1987 268 2089 301 vocat,
2121 268 2158 296 ut

1190 345 1332 376 triduum
1346 356 1362 375 e
1376 356 1432 375 suo
1447 345 1514 375 loco
1534 344 1685 381 surrexit,
1710 344 1763 384 qui
1786 346 1927 384 potuerit
1940 346 2068 379 Pharao
2088 350 2157 381 Mo-

1190 399 1247 419 sen
1271 394 1302 419 et
1325 389 1459 419 Aharon
1484 397 1655 418 accersere.
1683 386 1718 419 Si
1738 388 2000 427 respondeamus,
2020 391 2156 432 caligine

1190 431 1253 462 iam
1274 431 1416 462 discussa
1436 430 1550 460 missos
1574 429 1674 461 fuisse
1698 432 1841 469 nuncios,
1865 431 1899 461 in
1919 438 2071 472 promptu
2094 435 2157 466 erit

1190 475 1350 514 exceptio:
1383 484 1444 503 non
1468 472 1567 502 vide-ri
1592 473 1766 512 probabile,
1789 484 1828 504 ex
1853 484 1913 513 quo
1936 474 2065 507 laxatus
2087 481 2157 508 orat

1190 527 1311 556 poenae
1349 516 1450 556 rigor,
1497 515 1725 546 indomabilem
1771 515 1910 547 belluam
1952 518 2048 549 fuisse
2089 524 2156 551 tam

1191 559 1326 590 facilem.
1370 558 1521 588 Vidimus
1550 559 1634 588 enim
1664 558 1836 597 hactenus,
1867 560 1992 599 quoties
2022 571 2155 593 manum

1190 613 1282 633 suam
1308 601 1445 632 retraxit
1468 600 1567 638 Deus,
1591 601 1766 640 superbum
1786 601 1878 632 illum
1901 607 2082 643 tyrannum
2102 604 2157 635 ab-

1189 645 1270 676 iecto
1305 649 1392 675 metu
1426 643 1465 674 ad
1499 654 1590 674 suam
1624 644 1776 675 ferociam
1802 645 1943 676 rediisse.
1996 646 2157 686 Equidem

1189 689 1352 724 existimo,
1383 697 1481 726 quum
1513 686 1619 718 adhuc
1650 698 1722 717 eum
1754 693 1885 727 urgeret
1908 689 2094 727 necessitas,
2125 694 2158 720 et

1189 731 1228 761 ab
1263 737 1395 761 aeterna
1429 729 1566 769 caligine
1600 729 1661 760 sibi
1702 735 1878 768 metueret,
1920 730 1959 761 de
2000 731 2156 771 placando

1190 774 1281 804 Mose
1305 773 1425 812 cepisse
1448 772 1627 803 consilium.
1675 772 1784 811 Quum
1820 779 1928 803 autem
1960 774 2010 805 hic
2045 785 2153 806 narra-

1190 821 1242 847 tur
1272 816 1408 846 iacuisse
1439 825 1552 846 omnes
1583 826 1640 846 suo
1670 816 1748 851 loce,
1785 815 1991 856 hyperbolice
2014 818 2157 857 positum

1189 869 1258 890 esso
1292 859 1505 897 interpretor:
1541 867 1578 888 ac
1607 859 1633 888 si
1668 858 1788 888 dictum
1824 865 1908 889 esset
1942 870 2083 890 cessasse
2117 860 2156 892 ab

1188 902 1338 932 omnibus
1369 901 1480 931 officiis
1517 910 1597 940 quae
1628 900 1731 931 lucem
1766 902 1944 941 requirunt.
1998 902 2156 941 Quamvis

1189 950 1296 975 autem
1318 955 1381 974 nox
1401 954 1497 983 opera
1510 944 1643 983 exsequi
1657 955 1720 974 non
1736 944 1910 983 permittat,
1928 945 2042 984 quibus
2055 946 2156 976 inter-

1189 987 1242 1017 diu
1266 998 1298 1018 se
1321 992 1472 1017 exercent
1491 986 1652 1023 homines,
1683 998 1746 1017 non
1774 993 1882 1018 tamen
1901 987 1946 1018 ita
1965 989 2155 1020 constrictos

1188 1036 1276 1060 tenet
1296 1031 1372 1069 quin
1393 1040 1425 1059 se
1445 1035 1605 1060 moveant.
1652 1029 1848 1069 Quanquam
1874 1030 2048 1070 hyperbole
2072 1031 2156 1062 nihil

1187 1072 1284 1103 habet
1307 1072 1481 1103 absurdum
1508 1072 1559 1103 vel
1584 1073 1714 1109 durum,
1748 1074 1792 1104 sic
1824 1073 1954 1104 obrutos
1979 1074 2078 1105 fuisse
2108 1079 2156 1105 te-

1187 1116 1295 1146 nebris
1320 1115 1497 1156 Aegyptios
1529 1120 1565 1145 ut
1594 1116 1626 1146 in
1655 1126 1713 1146 sua
1743 1116 1878 1155 quisque
1902 1117 2040 1147 statione
2064 1117 2155 1156 quasi

1187 1159 1312 1189 defixus
1336 1163 1495 1194 maneret,
1527 1168 1586 1189 nec
1609 1169 1642 1190 se
1667 1163 1778 1189 mutuo
1802 1159 2042 1199 conspicerent:
2080 1160 2155 1199 quia

1187 1202 1220 1232 in
1244 1201 1440 1232 obscuritate
1464 1200 1564 1231 tridui
1588 1201 1691 1232 solitis
1712 1211 1765 1231 eos
1792 1202 1973 1233 actionibus
2004 1202 2154 1242 perfungi

1187 1244 1277 1275 Deus
1300 1245 1409 1274 vetuit..
1456 1244 1557 1274 Porro
1576 1245 1636 1274 etsi
1656 1244 1727 1284 plus
1747 1244 1866 1284 aliquid
1886 1244 1997 1285 largiri
2021 1249 2154 1284 paratus

1187 1293 1236 1318 est
1259 1287 1386 1318 Pharao
1409 1297 1504 1326 quam
1529 1292 1621 1325 ante,
1656 1287 1799 1317 nondum
1823 1292 1931 1318 tamen
1967 1288 2065 1318 finem
2089 1292 2153 1318 ter-

1188 1330 1372 1370 giversandi
1396 1329 1481 1360 facit.
1528 1330 1688 1361 Parvulos
1719 1330 1808 1360 exire
1834 1331 1956 1369 patitur
1989 1329 2084 1361 modo
2107 1341 2155 1361 re-

1189 1380 1341 1403 maneant
1365 1382 1495 1412 pecora:
1519 1373 1588 1403 sive
1611 1373 1686 1412 quia
1711 1373 1861 1413 sperabat
1885 1373 2039 1413 egestatis
2069 1373 2154 1413 peri-

1187 1415 1259 1447 culo
1293 1415 1447 1455 populum
1478 1416 1568 1446 facile
1592 1426 1684 1455 posse
1710 1416 1853 1446 retrahi:
1876 1416 1945 1446 sive
1974 1421 2012 1446 ut
2035 1416 2154 1447 talibus

1188 1459 1296 1498 spoliis
1330 1458 1449 1489 ditatus
1484 1459 1637 1489 leviorem
1673 1458 1787 1489 saltem
1830 1459 1987 1489 iacturam
2025 1459 2152 1490 faceret.

1188 1501 1268 1532 Nam
1295 1501 1332 1531 de
1357 1501 1540 1532 bominibus
1563 1502 1640 1541 ipsis
1660 1501 1754 1532 valde
1774 1501 1871 1532 fuisse
1890 1502 2022 1532 anxium
2044 1502 2153 1542 liquet,

1188 1544 1271 1584 quod
1296 1545 1474 1584 aegerrime
1505 1545 1648 1575 concedit
1682 1551 1716 1575 ut
1740 1545 1806 1575 suis
1829 1543 1942 1584 opibus
1965 1544 2078 1575 nudati
2103 1555 2153 1576 sa—

1187 1587 1352 1618 crificandi
1377 1597 1472 1617 eausa
1495 1593 1629 1618 exeant:
1655 1586 1738 1627 quod
1763 1597 1827 1617 non
1851 1587 1930 1617 adeo
1953 1587 2086 1618 moleste
2105 1593 2154 1618 tu-

1188 1630 1277 1661 lisset
1290 1630 1315 1660 si
1330 1635 1456 1660 tantum
1467 1630 1623 1661 inhiasset
1636 1630 1784 1670 praedae.
1799 1629 1970 1661 Caeterum
1981 1630 2073 1661 docet
2081 1641 2154 1661 rur-

1187 1683 1259 1703 sum
1285 1673 1335 1703 bic
1354 1672 1449 1709 locus⁷
1474 1673 1588 1712 impios
1612 1673 1724 1704 cedere
1743 1673 1813 1704 Deo
1837 1678 1964 1704 tantum
1989 1683 2028 1703 ex
2053 1677 2153 1712 parte,

1187 1722 1223 1746 ut
1246 1715 1368 1746 interea
1391 1715 1547 1747 obluctari
1561 1726 1625 1746 non
1646 1716 1811 1747 desinant:
1835 1716 1976 1756 qualiter
1995 1715 2153 1753 scelerati,

1187 1758 1262 1789 dum
1287 1758 1409 1789 obtorto
1437 1759 1517 1789 collo
1541 1769 1594 1789 eos
1618 1759 1718 1789 trahit
1742 1759 1895 1795 carnifex,
1920 1758 2010 1798 sequi
2034 1769 2154 1799 cogun-

1187 1806 1255 1837 tur,
1278 1806 1398 1840 'neque
1434 1807 1542 1832 tamen
1576 1802 1646 1832 ideo
1681 1802 1785 1842 magis
1819 1806 1895 1832 sunt
1929 1802 2152 1841 obsequentes.

1189 1845 1256 1875 Iam
1288 1852 1317 1874 et
1349 1845 1425 1875 illud
1450 1844 1643 1878 notandum,
1674 1844 1841 1884 captandis
1865 1844 1993 1884 effugiis
2017 1845 2152 1875 solertes

1158 1888 1160 1892 ’
1187 1897 1255 1918 esse
1287 1888 1416 1927 impios,
1449 1887 1528 1918 dum
1555 1898 1655 1918 manu
1688 1887 1748 1918 Dei
1772 1892 1974 1927 torquentur,
2006 1891 2037 1917 et
2060 1888 2153 1927 quasi

1187 1930 1357 1969 multiplici
1390 1931 1477 1961 flexu
1513 1931 1576 1961 huc
1610 1936 1642 1961 et
1680 1930 1755 1961 illuc
1790 1940 1919 1961 versare
1953 1930 2085 1961 consilia
2121 1935 2153 1960 et

1187 1977 1319 2010 mentes,
1343 1978 1377 2003 ut
1399 1974 1619 2004 sinceritatem
1643 1974 1792 2013 fugitent.
1838 1972 1902 2003 Ubi
1927 1972 2017 2008 dicit,
2053 1973 2151 2003 etiam

1187 2016 1313 2055 parvuli
1346 2017 1442 2047 vestri
1474 2016 1626 2052 exibunt,
1657 2016 1715 2046 hac
1751 2014 1969 2055 amplificandi
1993 2015 2151 2054 particula

1186 2058 1325 2097 speciem
1359 2059 1560 2090 liberalitatis
1593 2064 1768 2095 ostentans,
1805 2058 1916 2089 Mosen
1951 2062 1982 2088 et
2015 2057 2149 2089 Aharon

1187 2101 1301 2131 blamh¹
1324 2102 1496 2132 demulcet:
1528 2103 1619 2142 quasi
1650 2102 1769 2132 diceret
1788 2112 1821 2132 se
1844 2101 1908 2131 iam
1931 2100 1995 2131 illis
2019 2100 2150 2131 demum

1186 2144 1359 2175 concedere
1383 2144 1465 2184 quod
1489 2146 1661 2185 praecipue
1680 2151 1831 2184 expetere
1856 2143 1913 2174 visi
1937 2144 2074 2175 fuerant.

1272 2187 1321 2218 25.
1347 2187 1495 2227 Diaitrffle
1524 2187 1636 2219 Ilsoses.
1688 2187 1811 2218 Omnes
1845 2186 2051 2226 exceptiones
2086 2197 2149 2217 non

1188 2230 1292 2260 minus
1323 2240 1434 2260 severe
1460 2232 1565 2262 Moses
1596 2230 1744 2270 repudiat
1767 2240 1861 2269 quam
1885 2229 1911 2259 si
1935 2239 1991 2268 pro
2016 2229 2149 2268 imperio

1185 2273 1328 2312 exigeret
1352 2284 1368 2303 a
1394 2284 1466 2313 rege
1487 2273 1571 2313 qnod
1593 2273 1807 2304 Deus‘iussit.
1835 2272 1875 2302 Et
1895 2277 1980 2302 certe
2000 2272 2061 2302 hoc
2080 2276 2149 2303 tam

1186 2323 1313 2346 austero
1336 2321 1366 2345 ct
1391 2317 1534 2355 praeciso
1558 2315 1705 2355 loquendi
1737 2325 1854 2355 genere
1889 2314 2026 2345 fiduciae
2049 2316 2150 2354 speci·

1185 2369 1258 2388 meu
1283 2358 1391 2395 edidit,
1422 2370 1483 2398 quo
1508 2359 1596 2399 impii
1622 2359 1751 2399 tyranni
1776 2358 1894 2388 fastum
1926 2362 1958 2388 et
1981 2357 2148 2389 audaciam

1186 2401 1344 2431 deiiceret.
1392 2402 1555 2432 praetexit
1579 2401 1706 2441 quidem
1730 2411 1811 2440 opus
1834 2411 1904 2431 esse
1927 2400 2086 2437 victimis,
2118 2407 2149 2432 et

1185 2443 1244 2474 hoc
1276 2443 1367 2473 modo
1401 2445 1553 2475 maiorem
1578 2444 1732 2475 invidiam
1757 2443 1911 2474 declinat:
1947 2444 2000 2473 sed
2026 2443 2149 2474 interea

1185 2486 1285 2516 libere
1310 2487 1472 2525 pactiones
1497 2498 1607 2518 omnes
1631 2486 1820 2519 excludens.
1856 2496 1892 2516 ac
1917 2496 1957 2516 ne
1979 2486 2149 2516 minimum

1185 2528 1312 2569 quidem
1338 2529 1436 2568 pilum
1462 2530 1646 2570 relinquens
1668 2530 1700 2560 in
1733 2530 1818 2569 regis
1842 2529 1985 2566 arbitrio,
2011 2534 2148 2568 potesta-

1186 2578 1250 2602 tem
1282 2573 1394 2602 asserit
1426 2574 1481 2603 uni
1514 2573 1582 2604 Deo
1614 2575 1643 2603 in
1669 2572 1823 2606 solidum,
1859 2576 1893 2601 ut
1916 2571 1997 2602 sciat
2021 2571 2148 2602 Pharao

1186 2614 1265 2644 nihil
1290 2625 1323 2644 sc
1347 2615 1470 2645 cavillis
1496 2617 1656 2655 proficere.
1710 2615 1799 2646 Haec
1829 2614 1958 2653 quidem
1989 2614 2148 2654 loquutioz
