2304 3034
161 170 201 200 53
749 164 1119 197 COMMENTARIUS
1143 166 1191 197 IN
1214 165 1363 197 EXODI
1386 164 1483 197 OAP.
1509 164 1566 197 VI.
2110 160 2151 192 84

158 263 264 303 filiam
283 260 496 294 Amminadab
518 269 651 291 sororem
673 259 839 290 Naleasson
861 259 921 290 sibi
943 259 978 290 in
995 270 1131 297 uxorem,

160 317 241 346 quae
258 305 377 345 peperit
395 305 421 335 εὶ
436 303 548 334 Nadab
567 305 592 333 et
605 302 720 338 Abilae,
741 304 766 332 et
779 301 916 333 Eleazar
938 304 964 332 et
977 301 1130 333 Ithamar.

163 350 214 381 24.
240 348 319 378 Filii
346 346 446 378 Coralt
469 346 567 376 Assir
590 348 617 376 et
638 344 781 376 Elcanalt
803 347 830 375 et
852 343 1027 383 Abiasaph.
1064 345 1132 376 Hae

162 391 255 432 [111111]
259 391 305 421 iae
319 389 526 422 Corhiz‘arum.
557 387 606 418 25.
627 387 764 418 Eleazar
782 389 884 418 autem
901 386 990 426 filius
1003 387 1131 419 Alcaron

164 433 296 472 sumpsit
318 432 380 463 sibi
399 442 413 462 e
433 430 560 470 filiabus
581 430 684 461 Putz'ez
707 431 740 460 111
760 439 896 466 uxorem,
920 440 997 469 quae
1014 430 1133 469 peperit

163 477 192 508 εἰ
214 475 341 506 Piakos.
384 473 469 505 Haec
490 474 594 512 capita
612 475 742 511 patrum
765 472 946 503 Levitarum
969 473 1132 504 secundum

163 519 355 559 coynatc'ones
377 526 462 548 suas.
508 516 558 546 26.
584 515 645 546 Hie
668 518 710 546 est
733 514 863 546 Alimon
894 517 920 545 et
943 515 1061 553 1110503,
1092 516 1134 546 ad

165 572 242 601 quos
260 561 341 592 dizit
356 560 485 590 Iehova:
509 558 640 589 Educite
653 558 736 597 filios
750 557 853 588 Israel
871 568 885 588 0
903 560 983 588 terra
999 559 1133 598 Aeyypti

156 615 218 645 per
240 604 390 635 eremitas
407 612 490 633 suos.
525 601 575 632 27.
601 601 672 640 Ipsi
694 603 766 632 sunt
788 600 842 639 qui
865 600 981 639 loquuti
1004 604 1074 631 sunt
1092 601 1134 631 ad

166 646 364 678 Pharaonem
388 655 486 685 reyem
511 644 658 684 Aeyypti,
689 646 722 674 ut
749 644 895 674 emitteret
920 643 1002 682 filios
1032 643 1134 674 Israel

164 700 202 721 er
225 690 371 729 Aeyypto.
418 688 491 726 Ipse
515 690 558 718 est
581 685 685 717 1110505
708 689 736 717 et
753 685 892 716 Alcaron.
938 686 988 717 28.
1013 686 1136 718 Accidit

165 734 265 763 antem
290 742 348 770 quo
371 731 421 761 die
443 731 587 769 loquutus
610 732 653 760 est
671 729 784 760 Iehova
807 729 849 760 ad
867 728 976 759 Illosen
996 729 1028 759 in
1051 731 1133 759 terra

165 775 313 815 Aeglglpfi,
366 774 415 804 29.
455 773 518 812 Quo
552 772 695 812 loquutus
728 775 771 803 est
800 771 914 802 Iolaova
948 772 989 802 ad
1017 771 1134 808 11103611,

165 818 308 850 dicendo.-
335 816 401 857 Eyo
432 816 562 847 Ielzova:
592 816 711 854 loquere
741 815 783 846 ad
812 814 1007 845 Pharaonem
1037 824 1135 854 reyem

166 861 303 900 Aeyypii
325 869 519 899 quaecunque
541 868 591 898 eyo
615 858 720 897 loquor
749 858 790 889 ad
819 859 861 888 te:
905 857 955 888 30.
984 857 1069 888 Tune
1092 857 1137 888 ait

167 903 272 934 Moses
306 912 406 933 coram
441 901 571 933 Ieleova:
604 900 682 931 Ecce
716 911 766 940 (¹90
804 900 1036 931 incircumcisus
1066 910 1135 931 sum

166 946 268 984 labiis,
291 948 316 976 et
338 945 484 984 quomodo
507 944 610 975 amliet
634 954 680 974 me
706 943 859 974 Pharao?

253 1031 302 1061 14.
339 1030 407 1061 Ista
430 1032 502 1060 sunt
524 1030 635 1069 capita.
672 1029 735 1060 Hie
758 1028 843 1059 Mosi
867 1028 1064 1068 propositum
1089 1031 1137 1059 est

165 1074 294 1115 generis
326 1074 375 1104 sui
399 1073 556 1113 originem
588 1078 737 1103 testatam
769 1073 873 1102 facere
896 1071 1045 1102 omnibus
1068 1081 1136 1101 sae-

166 1117 263 1155 culis,
293 1128 333 1147 ne
353 1116 405 1147 cui
425 1115 558 1147 dubium
578 1116 618 1145 sit
639 1116 671 1145 10
691 1114 791 1146 libero
811 1115 918 1154 populi
939 1114 1029 1145 exitu
1053 1124 1137 1145 com-

166 1160 289 1200 pletam
313 1159 411 1190 fuisse
434 1169 515 1198 quae
547 1158 620 1189 data
648 1158 753 1188 fuerat
778 1157 930 1188 Abrahae
953 1157 1137 1197 promissio-

166 1213 252 1233 nem.
305 1202 387 1233 Nam
412 1202 437 1232 si
462 1202 523 1232 alio
552 1201 631 1232 duce
656 1200 777 1241 egressi
802 1199 1138 1239 fuissent‘Israelitae,

167 1246 206 1276 de
242 1245 414 1286 praecipuo
451 1249 563 1275 autore
594 1244 712 1283 ambigi
745 1248 885 1283 poterat:
923 1254 1009 1274 nunc
1040 1253 1138 1281 quum

167 1300 207 1320 ex
229 1294 323 1327 gente
342 1288 397 1318 illa
416 1293 447 1318 et
467 1287 619 1318 Abrahae
639 1287 775 1326 posteris
796 1286 940 1317 delectus
959 1289 1007 1316 est
1022 1285 1139 1322 Moses,

168 1331 287 1363 clarius
311 1336 444 1371 apparet
468 1334 567 1361 totam
588 1340 655 1360 rem
676 1329 736 1360 Dei
757 1329 907 1368 auspiciis
927 1329 1004 1369 geri.
1029 1328 1139 1366 Quan-

169 1385 267 1414 quam
302 1380 410 1404 autem
442 1383 507 1404 non
531 1372 632 1404 solam
657 1372 776 1403 tribum
802 1372 883 1403 Levi
908 1376 1060 1408 recenset,
1084 1370 1139 1401 sed

169 1417 290 1457 incipet
321 1427 339 1447 a
370 1416 504 1447 Reuben
536 1416 760 1456 primogenito¹
788 1415 904 1445 deinde
929 1414 1060 1446 Simeon
1084 1412 1139 1444 ad-

169 1460 286 1500 iungit,
319 1460 410 1490 facile
440 1464 549 1490 tamen
579 1459 782 1498 cognoscitur
806 1458 1005 1498 singularem
1029 1455 1139 1488 haberi

169 1508 350 1542 respectum
376 1502 479 1533 tribus
503 1502 660 1533 leviticae.
700 1500 765 1533 Sed
789 1501 864 1541 quia
888 1500 1027 1531 familiae
1050 1500 1138 1530 Reu—

169 1545 232 1576 ben
253 1551 281 1576 et
303 1544 437 1577 Simeon
455 1545 567 1576 ordine
590 1545 713 1584 priores
733 1548 836 1581 erant,
861 1543 900 1575 ab
918 1543 981 1574 illis
1001 1553 1139 1574 eommo-

171 1587 209 1619 de
241 1589 414 1619 transitum
445 1588 520 1619 fecit
553 1587 661 1618 Moses
689 1587 727 1618 ad
758 1587 898 1618 tertiam.
944 1586 1035 1617 Alias
1062 1594 1139 1617 vero

171 1641 235 1662 non
260 1636 429 1662 enumerat
453 1631 484 1661 in
511 1630 710 1670 praesentia:
735 1630 809 1670 quia
834 1629 907 1660 alibi
930 1627 1140 1670 opportunior

170 1674 301 1704 futurus
325 1678 394 1704 erat
419 1674 514 1705 locus.
554 1673 708 1704 Tenenda
729 1673 828 1713 igitur
847 1680 894 1703 est.
913 1683 949 1703 ea
973 1672 1062 1708 ratio,
1087 1670 1139 1701 de-

171 1717 291 1748 lectum
305 1717 401 1748 fuisse
415 1728 455 1748 ex
467 1717 622 1757 progenie
632 1716 782 1747 Abrahae
796 1716 979 1746 ministrum
995 1713 1141 1753 redemp-

172 1760 286 1796 tionis,
322 1761 413 1791 001115
444 1770 543 1790 manu
568 1759 793 1800 promissionis
824 1769 900 1790 suae
932 1758 1025 1788 fidem
1050 1756 1140 1788 Deus

172 1803 322 1834 sanciret.
370 1803 412 1833 Et
441 1808 527 1834 certe
557 1801 704 1833 videmus
739 1802 893 1833 Satanan]
927 1812 966 1832 ex
996 1800 1140 1840 opposito

172 1845 415 1876 memorabilem
451 1845 534 1876 hane
570 1845 737 1876 historiam
773 1855 830 1885 per
865 1844 1035 1884 scriptores
1070 1852 1141 1883 pro-

172 1889 265 1919 fanos
290 1889 399 1919 multis
423 1888 540 1919 fabulis
563 1888 785 1919 obnubilasse:
818 1898 853 1919 ac
878 1887 1063 1927 praesertim
1089 1885 1142 1916 ubi

173 1942 276 1972 genus
310 1931 461 1962 Abrahae
496 1931 631 1970 sepelire
662 1935 766 1962 astute
797 1936 931 1962 conatus
954 1934 1010 1960 est.
1050 1928 1143 1959 Hanc

174 1975 334 2005 vafritiem
366 1973 496 2006 coelesti
519 1973 690 2013 prudentia
718 1974 887 2013 praevenit
910 1973 1017 2003 Moses
1041 1972 1144 2011 capita

173 2017 372 2048 familiarum
403 2018 583 2053 nominans,
616 2028 656 2047 ne
680 2017 817 2048 obscura
840 2017 905 2047 sint
928 2015 1033 2056 gentis
1057 2015 1144 2054 prin·-

174 2060 267 2100 cipia.

264 2103 311 2134 15.
334 2101 377 2133 Et
395 2103 466 2134 haec
483 2103 608 2133 nomina
624 2103 763 2141 filiorum
781 2102 865 2132 Levi.
897 2100 984 2140 Quia
1003 2100 1145 2140 apprime

175 2147 307 2186 cognitu
332 2146 420 2176 utilis
444 2152 513 2177 erat
535 2146 624 2185 origo
645 2146 744 2176 Mosis
768 2152 799 2175 et
821 2144 964 2181 Aharon,
989 2143 1145 2183 prolixius

176 2189 238 2219 hac
261 2189 292 2219 in
318 2195 409 2229 parte
433 2189 562 2224 insistit,
589 2200 624 2219 00
648 2188 831 2219 distinctius
851 2187 989 2218 familias
1008 2196 1144 2216 comme-

178 2238 281 2262 morat
314 2242 394 2271 quae
425 2243 462 2262 ex
494 2231 678 2271 patriarcha
707 2231 787 2261 Levi
818 2231 999 2261 fluxerunt:
1024 2239 1086 2259 non
1112 2233 1146 2258 ut

178 2281 308 2314 genten]
333 2285 425 2305 suam
453 2285 528 2314 prae
552 2274 623 2305 aliis
648 2273 806 2310 nobilitet,
831 2283 943 2304 verum
968 2277 1002 2302 ut
1025 2271 1145 2302 certius

177 2317 307 2357 liqueat¹
330 2328 394 2347 non
415 2317 454 2347 ab
476 2318 582 2356 aliquo
601 2316 732 2347 homine
751 2322 861 2347 extero
880 2315 1030 2346 eductum
1048 2314 1146 2345 fuisse

178 2360 343 2400 populum,
374 2360 429 2391 sed
461 2371 499 2390 ex
532 2361 672 2400 genuina
703 2359 854 2390 Abrahae
889 2357 995 2389 sobole
1028 2356 1145 2387 divini-

178 2408 231 2433 tus
256 2403 354 2433 fuisse
377 2408 553 2442 sumptum,
573 2403 627 2442 qui
651 2401 737 2442 apud
756 2402 872 2432 fratres
891 2411 966 2431 suos
986 2401 1146 2440 potentiae

180 2446 251 2482 Dei,
281 2447 405 2485 gratiae
429 2453 460 2476 et
485 2445 630 2476 veritatis
654 2445 746 2476 testis
770 2446 859 2475 foret.
911 2444 954 2474 Et
977 2448 1064 2473 certe
1088 2442 1147 2473 hoc

179 2489 431 2528 incomparabile
464 2489 522 2519 Dei
555 2488 758 2523 beneficium,
783 2488 810 2517 si
834 2486 935 2517 ullum
960 2485 1056 2521 aliud,
1081 2496 1145 2515 non

180 2531 274 2561 modo
306 2532 477 2568 celebrari,
507 2531 562 2562 sed
597 2532 694 2561 etiam
727 2530 827 2561 asseri
858 2539 995 2568 aequum
1020 2528 1086 2564 fuit,
1114 2535 1147 2557 ut

179 2584 252 2603 011111
277 2574 347 2604 eius
371 2575 527 2605 memoria
558 2575 588 2604 10
620 2584 731 2604 omnes
760 2577 880 2603 aetates
903 2571 997 2602 simul
1023 2571 1145 2610 vigeret

180 2616 348 2647 certitudo
401 2616 505 2655 anun
537 2627 613 2647 vero
644 2616 683 2646 ab
713 2615 800 2646 omni
824 2614 997 2645 ambitione
1026 2619 1147 2644 remota

1184 260 1227 290 sit
1250 260 1329 292 haec
1352 260 1505 297 narratio,
1530 271 1569 290 ex
1594 270 1659 290 uno
1683 257 1785 297 capite
1805 255 1977 296 colligitur,
2002 255 2054 287 ubi
2074 255 2152 287 dicit

1184 303 1292 334 Moses
1315 313 1349 334 se
1373 307 1483 333 natum
1509 302 1607 333 fuisse
1631 312 1670 332 ex
1694 300 1792 331 amita
1815 298 1924 338 patris,
1970 298 2040 329 Etsi
2064 299 2150 329 enim

1184 345 1326 376 nondum
1356 346 1408 377 lex
1438 345 1550 376 illicita
1577 343 1726 383 coniugia
1758 345 1913 379 vetuerat,
1938 340 2079 373 dictabat
2103 345 2150 372 ta-

1184 399 1257 419 men
1282 388 1351 428 ipsa
1375 393 1490 418 natura
1512 387 1672 427 flagitium
1692 396 1770 421 esse,
1794 388 1941 423 nepotem
1960 395 2032 415 cum
2053 384 2152 415 amita.

1184 442 1250 467 sua,
1286 441 1366 470 quae
1401 431 1514 461 matris
1543 430 1679 470 gradum
1710 428 1840 464 obtinet,
1872 426 2009 458 misceri.
2062 427 2151 467 Ergo

1184 474 1239 505 ubi
1259 474 1351 504 fateri
1372 484 1436 504 non
1457 473 1583 504 dubitat
1596 472 1703 502 Moses
1723 481 1755 501 50
1775 480 1814 500 ex
1831 470 2011 501 incestuoso
2029 479 2150 501 connu-

1184 516 1236 547 bio
1260 527 1329 547 0550
1353 517 1507 557 genitum,
1530 526 1606 546 suae
1630 512 1861 544 existimationi
1884 512 1935 542 vel
1962 511 2050 542 laudi
2072 511 2151 543 adeo

1185 570 1249 589 non
1280 559 1435 595 consulit,
1464 565 1500 589 ut
1529 562 1700 598 parentum
1734 565 1868 586 suorum
1900 554 2037 586 dedecus
2060 554 2151 595 inge-

1186 613 1247 632 nue
1271 602 1421 641 proferat,
1446 600 1656 631 illustrandae
1679 598 1782 630 solum
1808 598 1869 628 Dei
1900 597 2021 638 gloriae
2045 608 2151 629 causa.

1185 645 1253 675 Nec
1278 655 1353 675 vero
1377 643 1571 675 excusabilis
1594 641 1779 682 ignorantia
1801 641 1870 678 fuit,
1898 640 2047 680 quamvis
2071 650 2152 671 non-

1187 688 1262 718 dum
1288 687 1339 718 lex
1363 687 1485 727 scripta
1508 689 1607 722 esset,
1643 684 1789 724 neglecto
1824 684 1927 723 turpis
1962 687 1993 714 et
2027 683 2153 714 honesti

1187 730 1386 767 discrimine,
1419 730 1597 760 humanum
1628 726 1782 767 pudorem
1814 726 1944 757 violare.
1990 725 2055 758 Sed
2079 726 2153 765 quia

1187 773 1258 812 0105
1282 783 1384 812 aequo
1408 772 1466 803 51111
1492 771 1637 802 1111011005
1661 768 1841 809 indulgent,
1868 779 1995 800 0000550
2019 769 2080 799 fuit
2103 768 2150 799 di-

1187 816 1282 846 sertis
1307 816 1412 847 verbis
1436 814 1576 845 cohiberi
1600 812 1706 844 foedas
1738 812 1904 843 libidines:
1935 822 2069 852 quarum
2091 812 2148 842 im-

1187 858 1312 890 modica
1336 858 1464 888 lieentia
1487 867 1613 896 semper
1635 855 1701 886 fere
1720 855 1806 885 inter
1825 854 1998 886 orientales
2017 854 2152 895 populos

1188 906 1334 941 grassata
1358 902 1426 931 fuit.
1472 900 1602 930 Interea
1625 898 1786 929 discamus
1810 908 1907 937 quam
1931 908 1993 928 non
2018 902 2088 928 tuta
2111 898 2152 928 sit

1188 950 1315 984 patrum
1337 943 1482 978 imitatio,
1503 942 1555 972 ubi
1577 941 1756 981 promiscue
1775 941 1872 972 licere
1891 939 1980 972 nobis
1999 945 2152 980 putamus

1187 986 1342 1026 quidquid
1373 986 1412 1017 ab
1441 985 1505 1016 illis
1540 985 1658 1015 factum
1693 988 1749 1015 est.
1802 982 1897 1022 Quod
1928 988 2036 1015 autem
2067 983 2152 1014 vitae

1188 1040 1283 1060 cursu
1320 1029 1412 1069 longe
1454 1027 1606 1068 producto
1641 1027 1739 1064 Levi,
1781 1026 1916 1057 Kehath
1951 1030 1982 1056 et
2016 1027 2151 1057 Amram

1189 1083 1305 1112 paucos
1330 1076 1455 1102 tantun]
1481 1070 1596 1100 liberos
1619 1069 1808 1110 genuerint,
1832 1080 1946 1109 nempe
1972 1080 2054 1100 0005
2077 1076 2152 1106 tres,

1190 1115 1352 1146 secundus
1375 1119 1527 1154 quatuor,
1552 1114 1669 1143 tertius
1693 1112 1787 1149 duos,
1811 1123 1875 1143 non
1899 1112 1969 1142 sine
1993 1112 2052 1142 Dei
2077 1121 2152 1142 con-

1190 1158 1261 1189 silio
1284 1158 1403 1188 factum
1428 1161 1483 1192 est,
1508 1162 1544 1186 ut
1564 1156 1596 1186 in
1616 1155 1847 1195 propagatione
1871 1154 2052 1186 incredibili
2072 1164 2154 1194 quae

1191 1212 1264 1232 mox
1299 1204 1434 1240 sequuta
1469 1205 1531 1236 est,
1565 1199 1683 1229 clarius
1713 1199 1836 1238 gratiae
1866 1198 1934 1229 0105
1962 1197 2153 1228 miraculum

1191 1244 1337 1284 fulgeret.
1384 1242 1464 1281 Quis
1494 1242 1577 1272 enim
1610 1246 1757 1280 putasset
1787 1241 1856 1272 fieri
1887 1251 1979 1280 00550
2008 1244 2044 1271 ut
2067 1241 2154 1271 intra

1192 1297 1292 1318 annos
1327 1286 1479 1316 ducentos
1514 1296 1553 1315 ex
1588 1284 1642 1315 illa
1677 1284 1839 1324 paucitate
1873 1284 2031 1314 immensa
2064 1283 2155 1323 copia.

1192 1328 1393 1369 emergeret?
1435 1327 1501 1358 Nec
1528 1338 1605 1358 saue
1633 1326 1824 1357 humanitus
1852 1326 1971 1357 factum
2001 1331 2062 1361 051,
2098 1325 2153 1357 sed

1192 1379 1360 1412 postquam
1394 1370 1482 1401 Deus
1516 1371 1547 1400 in
1583 1369 1721 1400 exilibus
1759 1369 2017 1409 contemptisque
2056 1369 2155 1399 initiis

1192 1426 1249 1447 suo
1262 1424 1351 1445 more
1365 1413 1505 1444 ludentis
1518 1413 1655 1452 speciem
1673 1413 1831 1452 praebuit,
1852 1412 1959 1443 subita
1978 1416 2009 1442 et
2027 1411 2156 1442 insolita

1192 1457 1460 1497 multiplicatione
1480 1456 1637 1487 illustrius
1656 1455 1816 1495 patefacta
1836 1455 1895 1486 fuit
1914 1455 1982 1486 0105
2001 1454 2155 1494 potentia.

1194 1500 1268 1532 Alia
1292 1500 1405 1540 quibus
1429 1499 1509 1529 nihil
1539 1504 1593 1529 aut
1622 1509 1738 1538 parum
1770 1498 1901 1529 videtur
1931 1496 2064 1529 subesse
2087 1507 2156 1528 mo-

1192 1543 1308 1578 menti,
1330 1546 1502 1582 praetereo.

1278 1586 1328 1616 26.
1354 1585 1415 1615 Ha·
1433 1587 1475 1615 est
1494 1584 1623 1615 Alica-on
1643 1586 1668 1614 et
1688 1583 1801 1615 Moses.
1835 1583 1908 1614 Non
1929 1584 1985 1615 abs
2004 1594 2038 1614 re
2062 1583 2157 1614 toties

1194 1628 1334 1660 inculcat
1357 1628 1464 1658 Moses
1493 1627 1680 1666 impositum
1710 1626 1808 1658 fuisse
1840 1625 1900 1658 sibi
1928 1632 1960 1657 et
1983 1625 2075 1657 fratri
2097 1625 2158 1657 hoc

1194 1683 1312 1703 munus
1326 1671 1387 1701 Dei
1407 1671 1504 1708 iussu,
1528 1676 1595 1701 tum
1616 1675 1650 1700 ut
1669 1670 1811 1700 sentiant
1834 1669 2003 1700 Israelitae
2026 1668 2158 1700 coelesti

1194 1715 1299 1755 gratia
1329 1725 1362 1744 50
1393 1713 1490 1744 fuisse
1519 1724 1557 1743 ex
1589 1711 1843 1752 profundissima
1870 1713 1985 1753 abysso
2020 1716 2157 1752 ereptos,

1196 1765 1263 1788 tum
1289 1762 1323 1787 ut
1346 1761 1469 1787 mentes
1500 1762 1650 1787 revocent
1679 1755 1719 1786 ad
1749 1756 1918 1795 antiquum
1944 1754 2005 1786 Dei
2035 1754 2158 1792 foedus,

1196 1805 1228 1831 et
1261 1804 1439 1839 agnoscant
1472 1810 1560 1838 spem
1600 1807 1730 1838 patrum
1772 1809 1834 1829 non
1877 1798 1975 1829 fuisse
2015 1797 2157 1828 irritam:

1195 1847 1355 1883 postremo
1380 1847 1414 1872 ut
1438 1843 1469 1872 in
1494 1842 1637 1872 futurum
1661 1846 1789 1881 tempus
1813 1852 1846 1872 se
1870 1846 1952 1872 totos
1976 1841 2046 1872 Deo
2069 1839 2159 1871 addi-

1195 1892 1278 1918 cant.
1324 1884 1463 1915 Videtur
1486 1890 1592 1915 autem
1624 1884 1752 1924 obliqua
1782 1894 1851 1915 esse
1880 1883 2049 1915 antithesis
2073 1883 2159 1914 inter

1196 1928 1305 1969 populi
1328 1928 1502 1963 exercitus,
1538 1934 1568 1957 et
1599 1926 1679 1958 duos
1710 1927 1790 1958 viles
1821 1931 1915 1966 atque
1939 1927 2078 1958 abiectos
2103 1926 2159 1957 ho—

1197 1971 1308 2002 minos.
1359 1970 1473 2010 Longe
1503 1971 1587 2000 enim
1619 1975 1709 2000 tanto
1738 1970 1826 2000 oneri
1855 1969 1986 2000 ferendo
2018 1969 2159 2009 impares

1196 2014 1349 2049 fuissent,
1383 2013 1443 2043 nisi
1474 2013 1663 2043 mirabiliter
1688 2013 1776 2044 Deus
1808 2023 1864 2052 per
1891 2023 2001 2043 eorum
2025 2021 2159 2042 manum

1197 2055 1358 2097 operando
1396 2066 1485 2094 spem
1526 2056 1669 2086 omnium
1710 2059 1903 2095 superasset.
1959 2055 2035 2085 Ideo
2075 2053 2160 2086 hanc

1198 2100 1334 2141 gratiam
1353 2098 1427 2128 alibi
1447 2098 1648 2129 commendat
1667 2098 1809 2138 spiritus,
1824 2098 1909 2138 quod
1928 2097 2057 2128 duxerit
2070 2097 2160 2129 Deus

1198 2141 1288 2182 quasi
1318 2152 1393 2171 oves
1424 2140 1574 2180 populum
1602 2152 1695 2171 suum
1720 2141 1777 2172 sub
1802 2140 1926 2172 duobus
1951 2141 2000 2171 his
2024 2140 2159 2180 pastori-

1199 2186 1257 2216 bus
1291 2184 1388 2225 (Psal.
1414 2184 1463 2219 77,
1487 2184 1549 2225 21).
1601 2184 1687 2222 Quid
1722 2184 1809 2214 enim
1843 2184 1951 2215 minus
1984 2183 2160 2223 probabile,

1198 2238 1292 2268 quam
1317 2227 1481 2266 ingentem
1507 2226 1759 2264 multitudinem,
1783 2238 1863 2266 quae
1887 2226 1997 2266 plures
2020 2227 2162 2257 efficeret

1198 2271 1348 2311 populos,
1369 2268 1504 2299 duorum
1529 2269 1694 2300 hominum
1718 2270 1853 2309 imperio
1876 2280 2004 2309 parere,
2027 2269 2161 2300 consilio

1199 2314 1276 2353 regi,
1296 2316 1327 2342 et
1345 2322 1439 2351 opera
1460 2312 1492 2341 in
1513 2323 1611 2342 1101101
1631 2312 1736 2352 colligi
1757 2323 1858 2352 posse,
1883 2316 1918 2343 ut
1937 2312 2161 2352 potentissimo

1200 2362 1339 2396 tyranno
1374 2360 1574 2394 repugnante
1609 2355 1640 2384 in
1676 2355 1771 2386 aliam
1808 2361 1926 2386 terram
1958 2354 2160 2395 migrarent?

1199 2399 1282 2429 Nam
1313 2397 1415 2437 qualis
1450 2398 1616 2436 utriusque
1646 2398 1706 2428 fuit
1737 2399 1906 2433 autoritas,
1937 2402 1971 2429 ut
1995 2397 2161 2429 duodecim

1200 2441 1358 2472 exercitus
1398 2439 1563 2470 ordinibus
1604 2441 1670 2470 suis
1712 2440 1878 2472 distinctos
1918 2440 2161 2481 gubernarent?

1200 2483 1294 2522 Quod
1320 2482 1399 2513 nulli
1424 2482 1541 2513 terreni
1567 2493 1658 2522 reges
1682 2483 1802 2522 opibus,
1827 2483 2014 2524 prudentia,
2040 2488 2162 2514 terrore

1199 2534 1229 2557 et
1254 2526 1349 2556 minis
1373 2525 1523 2564 consequi
1549 2530 1693 2564 possent,
1723 2526 1811 2557 nullo
1840 2527 1969 2567 negotio
1993 2525 2083 2557 Deus
2106 2537 2164 2566 per

1174 2569 1279 2600 lduos
1304 2568 1449 2598 homines
1474 2567 1634 2603 imbelles,
1668 2578 1770 2607 neque
1803 2580 1862 2600 usu
1894 2569 2027 2609 peritos,
2059 2579 2162 2609 neque

1201 2612 1285 2643 fama
1304 2610 1441 2641 celebres
1464 2611 1638 2650 praestitit:
1659 2621 1757 2649 quum
1773 2612 1879 2643 Moses
1899 2613 1965 2652 ipse
1978 2612 2023 2643 rei
2036 2612 2162 2652 magni—
