2304 3034
134 199 196 230 513

134 290 342 324 caeremoniis
365 288 579 329 praestantius
611 285 753 316 subesse:
789 285 904 316 deinde
940 285 1086 332 fraenum

134 335 241 366 iniecit
263 333 428 368 lasciviae,
450 341 489 361 ne
511 329 571 360 sibi
592 328 815 368 permitterent
839 327 892 358 vel
914 338 1087 358 minimum

135 376 305 417 quidquam
346 373 461 405 addere
492 372 543 403 vel
576 374 708 401 mutare.
763 369 854 400 Haec
888 370 987 410 igitur
1020 375 1084 400 tam

134 419 270 450 sollicita
298 415 476 448 observatio
499 424 551 446 eos
574 412 613 443 ad
637 423 687 443 res
710 412 852 451 signatas
876 413 964 451 quasi
989 422 1086 443 manu

134 462 271 502 dirigere
301 459 423 490 debuit:
453 462 486 488 ut
509 454 566 487 sub
589 460 722 485 externa
744 455 885 494 imagine
908 454 1086 495 spiritualis

135 504 256 535 veritas
284 504 463 534 occurreret
490 508 598 530 eorum
631 496 739 528 oculis.
797 497 917 527 Debuit
946 497 1086 528 secundo

134 548 219 586 ipsos
237 545 325 586 quasi
344 542 487 583 alligatos
511 546 617 571 tenere
641 538 680 570 ad
694 539 755 569 Dei
780 539 922 576 verbum,
947 550 985 570 ne
1009 539 1084 579 quid

134 590 169 620 in
197 588 290 619 rebus
313 585 409 618 sacris
431 595 468 614 ex
491 582 617 623 proprio
640 592 737 612 sensu
761 585 935 612 tentarent.
979 581 1085 613 Hodie

135 636 242 663 autem
268 627 410 669 quamvis
440 623 636 657 sacrificandi
660 634 736 654 usus
759 625 952 661 cessaverit,
982 625 1084 664 primo

135 674 285 705 docemur
312 668 472 711 profanari
505 678 523 698 a
552 666 642 697 nobis
667 667 727 697 Dei
758 667 928 703 beneficia,
960 667 1020 697 nisi
1050 667 1083 697 in

135 714 280 748 testanda
307 716 415 743 nostra
444 711 561 750 pietate
592 709 762 749 diligenter
786 720 842 740 nos
867 719 1084 746 exerceamus,

134 764 170 791 ut
192 761 331 789 meretur
352 754 508 784 immensa
530 752 598 782 eius
622 757 653 781 et
675 751 803 782 assidua
827 762 902 791 erga
925 762 984 782 nos
1007 752 1083 782 libe-

134 801 259 832 ralitas:
289 796 401 828 deinde
430 795 490 826 nisi
518 794 574 825 uni
598 794 666 824 Deo
698 799 825 825 maneat
856 794 976 825 illibata
1006 794 1084 825 haec

134 845 248 884 pietas,
272 841 376 881 ipsum
398 837 494 878 impie
517 837 585 867 iure
608 847 665 867 suo
688 836 845 867 fraudari:
870 837 966 867 tert-io
990 837 1083 867 sicuti

134 894 299 926 precamur
318 883 351 912 in
374 880 493 912 Christi
518 879 657 916 nomine,
680 879 725 909 ita
748 890 804 918 per
827 880 928 919 ipsius
952 889 1083 909 manum

133 926 284 960 solvenda
306 934 372 956 esse
396 927 466 955 vota
489 928 609 959 nostra,
640 921 882 961 reddendasque
905 922 1082 962 gratiarum

132 971 286 1002 actiones:
310 973 421 1007 quarto
442 975 506 995 non
530 974 597 995 esse
621 964 824 1004 negligenter
847 965 895 995 vel
920 964 1083 995 defuneto-

128 1014 175 1044 rie
204 1008 422 1043 celebrandam
452 1006 515 1038 Dei
545 1006 805 1043 beneficentiam,
837 1006 892 1038 sed
923 1012 958 1037 ut
987 1007 1019 1037 in
1049 1017 1082 1037 re

128 1055 265 1086 maxime
288 1052 379 1089 seria,
397 1060 459 1081 non
483 1049 608 1090 vulgari
632 1049 738 1080 studio
761 1055 793 1080 et
817 1051 994 1080 attentione
1018 1049 1080 1080 ela—

127 1096 310 1129 horandum.

212 1139 258 1169 16.
289 1135 484 1174 Adolebitque
513 1145 548 1166 ea
578 1135 727 1166 sacerdos.
774 1134 891 1165 Merito
922 1134 1078 1165 sacerdoti

125 1186 232 1222 partes
261 1179 402 1219 assignat
430 1187 510 1217 quae
540 1178 572 1207 in
603 1177 758 1208 sacrificio
781 1182 857 1208 sunt
878 1177 1076 1217 praecipuae,

125 1229 161 1255 ut
183 1222 369 1262 sanguinem
393 1224 531 1260 spargat,
555 1226 586 1250 et
608 1219 733 1259 adipem
759 1220 791 1250 in
816 1221 922 1260 ignem
947 1220 1075 1256 iniiciat,

125 1266 197 1307 quia
224 1275 306 1296 unus
334 1263 388 1294 ille
418 1263 457 1293 ad
489 1262 645 1293 litandum
675 1268 743 1293 erat
773 1262 915 1294 idoneus.
962 1262 1076 1294 Caete-

124 1319 196 1340 rum
226 1307 370 1347 quamvis
398 1315 511 1345 aspera
538 1305 581 1335 sit
611 1305 799 1344 metaphora
826 1306 857 1335 iu
892 1316 967 1336 voce
998 1306 1076 1336 cibi:

125 1350 207 1392 quod
236 1356 342 1380 tamen
365 1348 477 1379 docere
501 1347 603 1378 voluit
626 1348 758 1388 spiritus
781 1353 928 1385 sanetus,
958 1349 1078 1388 optime

125 1393 285 1434 exprimit,
308 1391 428 1423 cultum
451 1391 586 1430 legalem
612 1389 744 1430 perinde
767 1391 926 1430 placuisse
949 1390 1019 1422 Deo
1043 1401 1078 1421 ac

126 1446 240 1468 suaves
258 1434 347 1465 nobis
366 1439 440 1464 sunt
459 1434 520 1464 cibi
539 1433 655 1472 quibus
679 1433 847 1464 vescimur.
883 1433 1078 1473 Quanquam

125 1478 219 1511 simul
249 1481 375 1508 notatur
404 1476 570 1507 familiaris
596 1476 654 1506 Dei
678 1486 752 1507 cum
774 1476 891 1516 populo
915 1487 971 1507 suo
995 1487 1080 1507 com-

125 1520 305 1557 municatio,
328 1530 364 1550 ac
383 1519 408 1550 si
428 1529 630 1550 communem
655 1518 787 1549 haberet
809 1530 881 1550 cum
906 1518 969 1550 illis
993 1530 1080 1550 men-

126 1574 202 1595 sam.
257 1561 388 1594 Certum
422 1561 549 1601 quidem
583 1567 644 1597 est,
679 1561 842 1592 alimentis
876 1562 982 1592 Deum
1017 1572 1079 1593 non

126 1616 228 1646 egere,
245 1605 298 1644 qui
314 1603 459 1635 omnibus
475 1605 574 1634 vitam
593 1604 737 1643 inspirat,
762 1616 819 1635 uec
835 1604 1007 1644 quidquam
1024 1605 1080 1634 ali-

126 1648 211 1679 unde
232 1652 404 1678 mutuatur.
440 1646 502 1678 Sed
528 1646 641 1677 melius
665 1646 789 1677 ostendi
813 1658 877 1677 non
902 1647 1009 1686 potuit
1032 1648 1078 1677 in—

126 1690 346 1730 comparabilis
376 1690 443 1720 eius
467 1689 652 1720 humanitas
675 1700 770 1728 quam
795 1689 871 1720 dum
893 1701 927 1720 sc
950 1690 1080 1721 cultori-

125 1733 186 1764 bus
208 1733 272 1763 suis
295 1732 461 1763 convivam
485 1732 588 1763 facere
613 1731 765 1772 dignatus
788 1738 845 1763 est.
892 1732 1014 1763 Eadem
1040 1733 1082 1763 lo-

126 1775 243 1815 quendi
264 1775 365 1805 forma
386 1775 494 1815 populi
518 1774 717 1814 ingratitudo
741 1776 973 1815 perstringitur
996 1775 1080 1815 apud

124 1817 316 1849 Malachiam
340 1817 388 1858 (1,
419 1817 487 1858 12),
518 1817 593 1857 quia
617 1817 734 1847 dixerit
757 1828 902 1848 mensam
928 1818 989 1848 Dei
1012 1829 1081 1849 esse

125 1860 402 1900 contemptibilem,
424 1861 529 1891 cibum
553 1861 620 1890 eius
644 1859 739 1890 vilem
764 1866 795 1891 et
818 1861 984 1901 vulgarem
1010 1871 1082 1901 pro—

126 1907 272 1933 ventum:
295 1913 356 1933 non
379 1902 460 1942 quod
484 1902 660 1933 delectatus
684 1903 780 1933 fuerit
803 1902 893 1934 Deus
915 1904 963 1933 vel
988 1904 1081 1943 adipe

125 1946 291 1985 pinguium
319 1945 518 1982 animalium,
551 1945 601 1975 vel
632 1946 787 1985 panibus:
816 1946 871 1977 sed
895 1946 970 1985 quia
994 1946 1080 1977 dete-

125 1987 189 2018 rior
211 1987 307 2018 fuerit
329 1993 360 2018 et
382 1988 486 2019 minus
510 1988 640 2018 ferenda
663 1988 826 2028 impietas,
855 1989 1019 2029 negligere
1042 1989 1079 2019 il-

125 2029 180 2060 lud
199 2029 359 2070 singulare
377 2031 496 2071 gratiae
515 2031 582 2061 eius
606 2031 732 2071 pignus.
768 2032 869 2062 Porro
892 2032 970 2062 haec
992 2032 1079 2062 simi-

126 2072 227 2103 litudo
245 2072 284 2103 ad
303 2073 470 2104 veritatem
493 2073 605 2104 referri
629 2073 731 2110 debet,
755 2073 837 2113 quod
861 2074 983 2105 scilicet
1006 2075 1079 2106 fidei

127 2114 278 2146 exercitia
307 2120 338 2146 et
364 2116 491 2155 pietatis
522 2116 767 2156 approbationes
792 2128 853 2147 non
879 2117 986 2147 minus
1012 2118 1080 2148 Deo

126 2157 270 2196 placeant
292 2168 385 2197 quam
409 2158 435 2188 si
458 2158 544 2189 laute
567 2163 599 2189 et
618 2160 760 2190 suaviter
786 2165 987 2200 pasceretur:
1018 2171 1079 2200 quo

127 2199 228 2239 magis
255 2200 426 2231 videndum
455 2212 492 2231 ne
523 2202 588 2232 suis
618 2213 690 2232 eum
720 2202 854 2233 lautitiis
885 2202 1078 2234 fraudemus.

128 2241 195 2271 Cur
216 2246 321 2273 autem
345 2243 432 2274 Deus
455 2243 580 2284 adipem
605 2245 662 2275 sibi
688 2244 836 2276 vendicet
859 2245 891 2275 iu
916 2246 1080 2277 sacrificiis

129 2283 289 2321 omnibus,
318 2291 348 2315 et
376 2285 492 2316 adoleri
516 2287 638 2324 iubeat,
670 2287 750 2317 mihi
775 2297 837 2318 non
862 2288 939 2318 satis
965 2289 1079 2328 liquet:

129 2325 189 2356 nisi
219 2326 299 2365 quod
328 2337 436 2358 servos
466 2339 537 2360 suos
568 2329 628 2360 hoc
651 2330 744 2361 modo
768 2329 806 2359 ad
832 2331 1077 2370 temperantiam

128 2368 323 2399 assuefacere
352 2370 460 2401 voluit.
506 2371 601 2402 Certe
630 2372 757 2412 adipem
789 2383 845 2412 pro
876 2378 965 2412 parte
1000 2374 1079 2404 deli-

128 2410 287 2440 catissima
308 2412 405 2451 accipi
428 2414 560 2444 antehac
583 2414 739 2453 vidimus,
763 2416 838 2455 quia
861 2416 944 2446 hanc
969 2427 1076 2447 vocem

129 2452 236 2482 Moses
268 2453 305 2483 ad
340 2454 479 2486 triticum
513 2462 541 2486 et
571 2457 683 2488 vinum
711 2457 892 2493 transtulit,
926 2469 962 2489 ae
994 2459 1077 2489 idem

129 2499 216 2534 patet
246 2496 340 2526 etiam
365 2496 394 2526 in
419 2497 544 2529 Psalmo
567 2498 637 2540 (63,
662 2501 690 2531 6.
736 2500 797 2531 Isa.
824 2501 856 2535 l,
884 2501 951 2541 11):
978 2501 1077 2540 Quasi

129 2535 221 2576 adipe
250 2542 281 2568 et
303 2539 493 2578 pinguedine
516 2542 683 2573 satiabitur
706 2543 811 2573 anima
836 2554 914 2574 inca.
958 2544 999 2574 Et
1022 2545 1077 2575 ubi

130 2582 226 2618 negat
259 2580 346 2612 Deus
379 2591 411 2612 se
444 2588 590 2622 appetere
623 2585 763 2624 adipem,
798 2586 961 2625 significat
994 2587 1077 2626 quod

128 2620 353 2653 electissimum
377 2629 421 2654 est
451 2625 484 2655 in
514 2627 707 2658 animalibus
736 2639 769 2658 se
799 2639 861 2658 non
893 2639 951 2659 sua
981 2639 1077 2660 causa

234 2671 341 2698 Calvini
357 2681 443 2706 opera.
488 2677 539 2702 Vol.
560 2677 636 2703 XXI
644 2678 670 2703 V,

814 191 1066 224 SECUNDUM
1088 193 1406 228 PRAECEPTUM.

2037 201 2101 232 514

1141 297 1287 326 poscere:
1326 300 1436 321 verum
1474 295 1510 321 ut
1541 296 1672 322 teneant
1702 292 1867 323 Israelitae
1896 293 1999 324 sobrie
2030 304 2101 325 ves-

1140 330 1277 361 cendum
1307 342 1377 363 esse
1401 333 1548 364 omnibus
1571 335 1664 371 cibis,
1693 346 1729 365 ac
1753 336 1777 366 si
1801 336 1913 366 florem
1936 341 1967 366 et
1991 337 2099 376 primi-

1140 372 1201 403 tias
1229 380 1479 406 consecrassent.
1525 375 1562 407 Si
1585 378 1656 416 quis
1678 377 1861 409 distinctius
1889 389 1956 409 rem
1980 379 2098 418 exponi

1140 414 1238 453 malit,
1262 416 1382 447 cultum
1396 418 1456 448 Dei
1480 419 1696 458 magnifacere
1718 419 1820 460 adipis
1842 420 1960 452 oblatio
1981 421 2099 459 docuit,

1139 457 1279 488 secundo
1310 469 1363 490 eos
1390 460 1532 491 instituit
1562 461 1600 492 ad
1632 462 1868 493 abstinentiam.
1915 464 2098 504 Allegoriae

1138 499 1222 538 apud
1254 501 1332 532 alios
1362 508 1573 541 quaerantur,
1607 508 1732 534 tantum
1763 505 1894 535 auribus
1924 506 2097 538 titillandis

1138 543 1320 574 concinnae.
1372 544 1522 585 Isychius
1554 552 1719 586 postquam
1748 546 1875 586 adipem
1905 559 1974 579 esse
2003 549 2098 580 finxit

1138 585 1321 623 spirituales
1345 588 1492 625 affectus,
1524 589 1616 627 paulo
1639 594 1710 628 post
1732 589 1766 619 in
1789 599 1912 621 crassos
1936 592 2097 630 appetitus

1138 628 1356 660 transformat.
1397 630 1462 660 Alii
1486 631 1597 661 volunt
1621 630 1788 662 Christum
1813 631 1983 672 designari.
2030 634 2097 665 Alii

1138 669 1325 709 intelligunt
1338 672 1444 703 carnis
1457 678 1584 704 nostrae
1600 674 1775 705 crassitiem
1797 674 1846 705 vel
1866 675 2095 715 pinguedinem

1138 712 1212 751 igne
1246 714 1378 752 spiritus
1413 716 1670 754 excoquendam:
1706 722 1741 747 ut
1775 717 1844 748 Deo
1872 719 2095 751 mortificetur.

1139 755 1192 784 Me
1222 755 1299 787 baec
1322 756 1510 795 simplicitas
1533 758 1666 793 retinet,
1697 769 1794 798 quum
1819 760 1871 790 lex
1895 761 2096 799 permitteret

1137 798 1237 828 sacris
1265 799 1415 829 carnibus
1447 800 1542 837 vesci,
1572 801 1793 840 exceptionem
1823 802 1919 833 fuisse
1942 803 2096 842 additam,

1137 845 1172 869 ut
1192 841 1312 879 optima
1333 842 1435 880 portio
1460 853 1556 881 penes
1570 843 1674 873 Deum
1698 851 1858 875 maneret:
1883 844 1998 876 deinde
2022 847 2095 887 igne

1137 889 1362 922 consumptum
1382 884 1480 915 fuisse
1499 885 1581 924 quod
1600 885 1781 925 ligur-iteres
1805 888 1944 918 maxime
1968 888 2097 920 allicere

1136 932 1271 964 poterat,
1296 931 1332 956 ut
1353 927 1529 966 ingluviem
1553 928 1744 959 fraenarent.
1780 929 1958 970 Sanguinis
1979 936 2096 972 gustus

1137 968 1188 998 hic
1211 968 1338 1007 quidem
1363 969 1577 1008 interdicitur,
1602 975 1637 1000 ut
1660 971 1750 1002 alibi:
1776 973 1849 1011 quia
1872 972 1941 1003 Deo
1964 979 2098 1014 propter

1136 1010 1336 1050 expiationes
1366 1022 1454 1042 sacer
1482 1017 1568 1043 erat:
1599 1013 1654 1043 sed
1685 1013 1786 1044 altera
1809 1015 1868 1045 fuit
1891 1016 1992 1046 maior
2015 1018 2097 1048 ratio

1136 1052 1380 1091 prohibitionis,
1422 1055 1510 1085 euius
1546 1056 1628 1086 facta
1662 1056 1720 1086 fuit
1754 1058 1873 1087 mentio
1914 1058 2031 1090 Genes.
2066 1060 2096 1090 9.

1135 1106 1202 1135 cap.
1223 1101 1255 1126 et
1274 1096 1311 1127 de
1331 1107 1392 1136 qua
1412 1108 1525 1128 rursus
1544 1098 1747 1128 tractandum
1766 1100 1825 1129 erit
1844 1100 1877 1130 in
1897 1102 2097 1140 expositione

1134 1139 1217 1169 sexti
1242 1140 1412 1178 praecepti.

1503 1284 1650 1315 LEVIT.
1674 1285 1732 1316 IV.

1220 1352 1246 1382 1.
1262 1352 1450 1390 Alloquutus
1468 1354 1510 1383 est
1517 1356 1678 1391 praeterea
1692 1353 1803 1384 Iebova.
1816 1354 1933 1392 Mosen,
1956 1355 2096 1387 dicendo:

1133 1394 1161 1424 2.
1194 1394 1331 1433 Loquere
1360 1394 1400 1425 ad
1428 1394 1509 1433 filios
1538 1395 1655 1435 Israel,
1682 1396 1821 1427 dicendo:
1855 1397 1972 1428 Anima
2000 1409 2096 1437 quum

1128 1438 1298 1476 peccaverit
1316 1447 1376 1475 per
1399 1447 1528 1468 errorem
1554 1438 1590 1467 ab
1613 1439 1752 1469 omnibus
1769 1440 1944 1478 praereptis
1967 1440 2095 1472 Iehovac

1132 1490 1210 1519 qnae
1240 1490 1295 1509 non
1326 1482 1397 1509 sunl
1422 1480 1578 1519 facienda,
1606 1480 1767 1519 feceritque
1795 1482 1956 1520 quidpiam
1978 1483 2014 1513 de
2035 1493 2094 1514 uno

1133 1533 1169 1553 ec
1198 1522 1278 1552 illis:
1308 1522 1336 1552 3.
1363 1521 1399 1551 Sa·
1428 1523 1567 1553 sacerdos
1596 1526 1704 1553 unctus
1729 1525 1899 1562 peccaverit
1927 1525 2094 1557 secundum

1132 1565 1275 1596 delictum
1303 1564 1426 1603 populi,
1462 1565 1567 1603 offeret
1594 1566 1777 1604 sacrificiunt
1803 1577 1862 1605 pro
1886 1570 2008 1605 peccato
2038 1579 2095 1599 suo

1133 1608 1211 1646 quod
1229 1608 1373 1647 peccavit,
1396 1607 1554 1637 ‘iuvencum
1572 1608 1702 1638 altulum
1725 1609 1952 1639 ‘intnmeulalmn
1966 1610 2095 1642 Iehovae

1128 1661 1187 1689 pro
1205 1653 1334 1689 peccalo.
1365 1650 1393 1680 4.
1408 1650 1606 1689 Addueotque
1631 1651 1787 1681 iuvencum
1809 1651 1898 1682 illum
1920 1652 1961 1682 ‹th
1983 1653 2095 1683 ostium

1134 1693 1322 1724 tabernaculi
1351 1693 1554 1723 conventionis
1582 1694 1613 1722 vin
1637 1696 1795 1731 conspeetu
1818 1694 1962 1732 Iehovae,
1991 1698 2017 1726 et
2039 1696 2091 1726 acl-

1133 1736 1258 1766 movebit
1284 1745 1409 1765 manum
1436 1746 1524 1766 suam
1552 1746 1644 1774 super
1665 1739 1755 1774 caput
1776 1737 1910 1773 iuvenci,
1939 1737 2095 1768 mactabit-

1133 1788 1189 1817 (με
1221 1779 1379 1808 iuvencum
1407 1778 1438 1807 in
1470 1781 1624 1817 conspectu
1656 1778 1792 1809 Iebovae.
1838 1779 1866 1809 5.
1898 1779 2096 1819 Accipietque

1133 1821 1274 1851 sacerdos
1301 1823 1409 1851 unctus
1437 1820 1473 1851 (lc
1502 1821 1653 1860 sanfflline
1685 1822 1816 1860 iuvenci,
1845 1824 1871 1852 et
1894 1822 2003 1861 inferet
2026 1833 2095 1853 eum

1134 1865 1167 1894 «in
1189 1863 1417 1894 tabernaculum
1439 1864 1651 1894 conventionis.
1687 1863 1715 1893 6.
1734 1863 1818 1894 Dein
1841 1865 1980 1895 sacerdos
2002 1865 2095 1905 tinget

1133 1907 1264 1945 dissitum
1293 1915 1385 1936 suum
1417 1906 1447 1935 in
1475 1906 1638 1945 sanquine,
1669 1909 1864 1945 asperyetqne
1885 1907 1922 1937 de
1944 1908 2095 1947 sanquine

1133 1949 1185 1979 illo
1207 1951 1318 1987 septem
1340 1947 1455 1978 nimbus
1478 1958 1582 1979 coram
1606 1947 1736 1978 lebona.-
1770 1949 1795 1978 7.
1822 1948 1975 1987 Pon-etque
1997 1960 2094 1981 sacer-

1132 1992 1186 2022 (los
1214 1992 1249 2021 (Ie
1277 1991 1427 2031 sanquine
1456 1991 1512 2021 islo
1538 2000 1630 2029 snper
1651 2001 1766 2021 cor-nna
1791 1991 1903 2022 altaris
1925 1992 2093 2031 suffimenti

1133 2034 1293 2065 aromatici
1315 2043 1415 2064 eoram
1439 2033 1564 2069 sobora,
1594 2033 1673 2071 quod
1695 2036 1737 2063 est
1759 2034 1792 2064 in
1815 2034 2004 2065 tabernaculo
2027 2045 2093 2065 eon-

1132 2076 1296 2108 venlionis.r
1329 2078 1421 2106 mlum
1449 2079 1550 2106 mallem
1578 2076 1758 2115 sanquinem
1787 2076 1941 2115 reliquum
1975 2078 2094 2108 iuvenci

1132 2119 1262 2158 effundet
1281 2119 1318 2149 ab
1340 2118 1429 2148 basin
1449 2118 1561 2148 altaris
1582 2118 1749 2149 holocausti
1776 2119 1856 2157 quod
1885 2121 1929 2149 est
1950 2119 1991 2150 ad
2023 2121 2093 2151 osti-

1132 2173 1181 2192 um
1206 2161 1395 2192 tabernaculi
1417 2161 1629 2191 conventionis.
1665 2161 1692 2191 8.
1717 2161 1824 2191 Totum
1843 2163 2003 2200 praeterea
2026 2163 2093 2193 adi-

1127 2215 1199 2244 pem
1222 2205 1338 2234 izwmwz'
1372 2203 1463 2233 oblati
1492 2213 1551 2241 pro
1579 2206 1701 2241 peceato
1735 2203 1814 2234 tollet
1843 2203 1880 2233 ab
1908 2213 1954 2233 eo:
1985 2215 2091 2245 nempe

1132 2248 1251 2286 adipem
1288 2246 1466 2285 operientem
1499 2246 1658 2283 intestina,
1693 2248 1718 2275 el
1751 2248 1844 2276 totum
1878 2246 2002 2285 adipem
2035 2249 2090 2286 qui

1131 2293 1173 2320 est
1195 2300 1289 2328 super
1311 2299 1354 2319 ea.
1400 2289 1428 2319 9.
1452 2287 1542 2318 Duos
1564 2298 1679 2327 quoque
1701 2298 1801 2324 renes,
1832 2290 1859 2319 et
1885 2289 2007 2327 adipem
2036 2292 2091 2329 qui

1131 2335 1173 2363 est
1203 2342 1295 2370 super
1321 2341 1385 2367 eos,
1414 2333 1439 2361 et
1463 2331 1517 2369 qui
1543 2333 1586 2361 est
1608 2340 1702 2369 super
1725 2331 1799 2368 ilia,
1830 2333 1857 2361 et
1876 2330 1988 2369 fibram
2010 2343 2090 2371 quae

1132 2378 1174 2405 est
1212 2385 1305 2412 super
1339 2374 1436 2407 iecur,
1471 2382 1538 2403 eum
1572 2374 1696 2403 renibus
1731 2373 1863 2412 auferet:
1898 2373 1945 2405 10.
1983 2375 2090 2413 Quem-

1130 2418 1294 2448 admodum
1332 2416 1449 2447 tollitur
1488 2426 1508 2444 a
1547 2415 1617 2446 bovo
1655 2415 1801 2454 sacrificii
1835 2417 2092 2456 prosperitatmn:

1130 2460 1317 2498 adolebitque
1328 2469 1363 2489 ea
1374 2458 1517 2489 sacerdos
1528 2458 1730 2496 super-altare
1748 2458 1922 2489 holocausti.
1960 2460 2006 2490 11.
2024 2460 2091 2491 Pel-

1129 2503 1186 2533 lem
1211 2504 1373 2541 praeterea
1400 2501 1534 2537 iuvenci,
1564 2502 1590 2529 et
1619 2510 1734 2531 omnem
1763 2510 1883 2531 carnem
1910 2502 1992 2539 eius,
2022 2513 2090 2533 oum

1129 2546 1227 2584 eapite
1253 2545 1335 2582 eius,
1364 2547 1390 2574 et
1417 2543 1575 2578 cruribus,
1606 2546 1632 2573 et
1658 2543 1801 2574 intestina
1823 2544 1902 2581 eius,
1933 2547 1960 2575 et
1980 2544 2090 2583 fimum

1129 2588 1204 2618 eius.
1252 2587 1299 2617 12.
1324 2586 1498 2625 Educetque
1518 2587 1609 2615 totum
1632 2586 1790 2616 iuvencum
1812 2588 1899 2617 extra
1923 2589 2025 2618 castra
2048 2588 2090 2618 ad

1128 2630 1224 2661 Iocum
1242 2630 1402 2667 mundum,
1425 2628 1466 2659 ad
1483 2629 1578 2659 locum
1596 2627 1648 2658 ubi
1667 2628 1836 2667 effunditur
1853 2629 1949 2660 cinis:
1972 2632 1997 2660 et
2015 2640 2092 2660 eom-

1854 2679 1887 2704 33
