2304 3034
200 196 229 225 151
238 196 263 225 »7

202 289 261 318 lari
285 288 353 318 sine
377 285 516 315 maximo
539 283 667 314 scelere.
715 282 844 314 Scimus
875 283 1061 322 parricidas,
1097 290 1169 314 tan-

201 375 333 407 insutos,
369 374 399 400 et
422 369 580 409 proiectos
603 368 637 399 in
661 378 794 407 aquam:
830 369 917 399 Deus
942 379 1017 400 vero
1041 369 1168 410 longius

201 413 415 456 progreditur,
446 412 522 442 dum
554 422 570 442 e
601 411 723 442 mundo
754 411 966 442 exterminari
990 411 1079 443 iubet
1102 413 1169 452 qui-

201 467 326 496 cunque
352 455 507 486 violentas
536 464 654 485 manus
683 454 872 494 parentibus
900 454 1086 492 attulerint,
1117 455 1167 486 vel

200 500 317 532 fuerint
352 499 384 528 in
419 508 472 528 eos
506 496 739 528 contumeliosi.
785 497 956 528 Percussio
986 498 1072 528 enim
1103 508 1168 528 non

199 548 323 574 tantum
348 551 405 580 pro
428 540 524 571 caede
547 540 689 580 capitur,
724 538 779 570 sed
804 550 861 579 pro
885 540 1042 571 violentia
1065 540 1168 581 quali-

199 586 269 622 bet,
303 583 452 624 quamvis
483 583 608 613 nullum
641 582 760 613 vulnus
791 583 886 613 fuerit
917 583 1084 614 inflictum.
1133 582 1167 615 Si

199 628 270 668 quis
292 637 369 667 ergo
393 626 476 657 fuste
504 625 553 656 vel
579 636 687 666 pugno
712 629 836 665 patrem
862 626 911 656 vel
936 630 1071 657 matrem
1095 637 1167 667 per-

198 675 349 707 cusserat,
374 674 440 699 tam
466 669 576 699 vesani
600 668 719 699 furoris
742 668 853 699 eadem
878 669 937 699 fuit
960 679 1040 708 quae
1064 669 1167 700 homi-

198 713 272 744 cidii
298 722 408 753 poena.
434 712 477 742 Et
496 716 582 742 certe
602 710 817 742 abominabile
837 716 885 742 est
906 717 1091 751 portentum
1113 712 1167 743 ubi

198 757 286 787 filius
317 759 427 786 contra
458 765 510 785 605
541 764 559 784 a
589 754 704 794 quibus
728 754 827 785 vitam
851 755 974 794 accepit
997 755 1167 795 insurgere

198 810 264 830 non
289 798 430 829 dubitat:
454 808 512 828 nec
537 798 606 827 fieri
631 801 734 837 potest
758 798 837 837 quin
862 803 926 827 tam
951 797 1035 828 foedi
1059 798 1166 829 crimi-

197 843 248 873 nis
277 841 454 881 impunitas
484 840 661 871 immanem
691 840 800 871 statim
830 840 1011 871 barbariem
1042 841 1164 881 gignat.

200 885 349 916 Secunda
369 884 423 914 lex
453 893 517 914 non
550 883 616 914 vim
641 882 733 913 modo
757 883 947 923 parentibus
971 883 1093 914 illatam
1118 884 1166 914 ul—

199 927 337 964 ciscitur,
362 926 417 957 sed
443 926 615 957 verborum
640 926 737 956 etiam
756 927 883 966 probra,
906 937 988 966 quae
1007 937 1108 966 usque
1128 926 1166 957 ad

198 969 377 1002 insultandi
403 969 616 1009 petulantiam
641 972 672 1000 et
691 974 833 1000 atrocem
852 974 1074 1009 contemptum
1095 980 1166 1009 pro-

199 1013 320 1045 siliunt.
375 1013 486 1052 Neque
517 1012 603 1043 enim
635 1012 661 1042 si
690 1011 741 1043 cui
770 1012 905 1042 futiliter
934 1012 1006 1042 leve
1040 1011 1168 1052 aliquod

198 1056 376 1088 convicium
413 1055 570 1086 exciderit
600 1054 650 1095 (ut
685 1065 780 1095 saepe
804 1055 993 1096 contingere
1026 1055 1107 1086 solet
1135 1056 1167 1086 in

198 1098 282 1140 rixa)
318 1098 356 1129 ad
392 1097 475 1128 hanc
506 1097 778 1139 inconsideratam
808 1099 1005 1137 proterviam
1036 1098 1167 1129 extendi

198 1142 292 1173 debet
316 1152 437 1181 poenae
461 1140 634 1172 severitas:
664 1145 696 1171 ct
716 1133 782 1185 55¹3,
819 1141 904 1172 unde
928 1148 1094 1181 sumptum
1119 1146 1168 1172 est

197 1184 404 1225 participium
436 1183 518 1223 quod
542 1184 632 1223 ponit
656 1183 781 1220 Moses,
818 1194 881 1214 non
906 1188 1032 1215 tantum
1058 1184 1166 1215 convi-

197 1228 275 1260 ciari
292 1227 462 1267 significat,
486 1225 541 1257 sed
555 1227 651 1257 ctiam
665 1226 842 1257 exsecrari:
864 1227 948 1258 sieut
970 1227 1167 1267 vilipendere

197 1282 233 1302 ac
253 1281 415 1311 spernere.
438 1269 541 1301 Sicuti
562 1280 638 1309 ergo
659 1280 721 1300 non
742 1269 903 1309 quaelibet
924 1270 1085 1310 protervia
1105 1280 1168 1310 qua

196 1314 285 1345 laesa
308 1319 378 1344 erat
407 1318 579 1352 parentum
610 1313 790 1348 veneratio,
826 1318 928 1343 010110
953 1313 1066 1352 punita
1089 1313 1165 1344 fuit:
1192 1319 1194 1342 l

197 1357 243 1388 sie
278 1356 381 1387 voluit
415 1356 505 1386 Deus
535 1355 666 1395 impiam
702 1354 886 1395 superbiam
922 1366 1001 1395 quae
1033 1360 1167 1387 naturae

196 1399 355 1440 principia
369 1398 575 1435 convelleret,
595 1398 720 1429 horrori
738 1408 817 1429 esse,
846 1399 948 1429 Porro
962 1399 1036 1438 quia
1050 1399 1166 1429 durum
1192 1398 1194 1413 '¹

197 1442 301 1474 videri
324 1447 460 1482 poterat,
495 1451 623 1478 vocem,
654 1441 804 1481 quamvis
838 1441 938 1481 probo
971 1442 1035 1472 filio
1066 1441 1194 1482 101118-4

198 1496 284 1523 nam,
308 1485 420 1516 mortis
444 1490 551 1515 tamen
576 1494 703 1515 causam
729 1493 815 1515 esse:
851 1484 924 1515 talis
955 1495 1080 1525 quoque
1111 1496 1167 1515 ex-

198 1528 301 1568 ceptio
333 1528 563 1567 compescitur,
600 1527 653 1558 ubi
687 1528 720 1557 in
757 1527 904 1558 Levitico
941 1527 1030 1558 Deus
1063 1527 1167 1558 addit:

198 1571 341 1611 Sanguis
365 1571 433 1602 eius
457 1581 552 1610 super
575 1581 658 1607 eum,
683 1570 756 1609 quia
781 1571 864 1609 patri
884 1571 934 1601 vel
954 1571 1051 1601 matri
1071 1571 1168 1602 male-

198 1613 296 1644 dixit:
329 1624 364 1645 ac
396 1614 422 1644 si
453 1613 577 1644 iuberet
608 1613 764 1643 facessere
795 1613 952 1654 quidquid
977 1614 1094 1654 alioqui
1117 1613 1170 1644 ob-

198 1662 344 1696 strepere
375 1656 495 1687 vellent
521 1656 668 1687 homines
699 1654 738 1686 ad
771 1657 1013 1688 extenuandam
1048 1667 1169 1697 poenae

198 1700 402 1740 gravitatem.

516 1871 579 1902 EX
603 1871 737 1903 DEUT.
762 1871 858 1903 XXI.

286 1956 334 1988 18.
363 1957 463 1996 Quum
485 1957 556 1996 quis
579 1956 720 1987 habuerit
748 1957 850 1996 filium
867 1967 1052 1996 permersmn
1075 1959 1100 1988 et
1124 1967 1169 1987 re·
1194 1982 1195 2002 ἱ

198 2000 311 2034 bellem.
336 2010 394 2030 mm
420 2000 602 2030 obedientem
627 2000 691 2031 roci
711 2001 815 2039 patris
834 2001 884 2031 sui
907 2003 933 2029 el
955 2001 1066 2031 ventris
1084 2010 1167 2035 suae,

198 2045 224 2073 et
247 2043 462 2083 cwsiiyacerint
493 2042 594 2075 illum,
625 2053 675 2073 nec
701 2043 845 2081 paruerit
875 2043 955 2074 illis.-

199 2086 424 2124 apprelzendent
447 2096 516 2116 eum
536 2088 626 2124 paler
647 2086 713 2116 ems
736 2089 760 2116 et
780 2089 876 2116 mater
895 2086 969 2123 eius,
991 2086 1168 2124 &iacentque

199 2129 240 2159 ad
262 2130 397 2159 smiores·
421 2128 509 2159 urbis
527 2139 602 2158 snae
625 2131 650 2159 et
668 2131 794 2167 portam
817 2128 873 2160 loci
892 2129 959 2159 sui:
982 2128 1169 2160 2011168111-
1192 2139 1195 2169 ,f

1193 2171 1194 2182 ³
1221 2170 1344 2201 dandus
1375 2176 1500 2201 055016
1531 2174 1596 2200 toto
1627 2170 1756 2209 populo,
1784 2171 1873 2210 prius
1904 2181 1973 2202 esse
2002 2172 2187 2202 convictum

198 2182 255 2210 que
282 2171 457 2202 senioribus
490 2171 590 2202 urbis:
626 2171 732 2201 leizcs
755 2172 810 2202 iste
833 2174 935 2202 noster
953 2182 1121 2210 perversas
1143 2173 1168 2201 et

199 2214 319 2245 rebellis
342 2217 399 2250 est,
429 2224 489 2244 non
520 2214 661 2244 abediens
692 2215 754 2244 voci
785 2216 921 2252 nostrae,
952 2214 1039 2254 epulo
1069 2216 1111 2245 est
1133 2223 1168 2244 ac

196 2260 389 2288 ‹onero-satur.
435 2257 485 2287 21.
514 2257 599 2287 Tunc
619 2257 802 2296 lapidabunt
824 2267 891 2287 eum
911 2268 1014 2289 (onnes
1032 2257 1168 2287 hanzines

199 2300 284 2329 arlais
306 2311 381 2330 succe
405 2299 577 2339 lapidibus,
606 2302 632 2329 et
661 2300 823 2330 morietur:
853 2303 942 2339 atque
973 2301 1016 2331 ¹z't‘a
1047 2300 1168 2339 auferes

197 2343 315 2372 malam
346 2353 360 2373 e
391 2343 490 2373 medin
519 2343 581 2379 lui,
615 2343 838 2382 masters-usque
863 2343 965 2373 Israel
993 2343 1112 2379 audiet,
1143 2342 1194 2376 et}

1193 2382 1194 2402 ³
1220 2384 1339 2424 111-10111,
1364 2388 1397 2413 111
1421 2382 1569 2413 ostendat
1593 2385 1740 2422 quamvis
1762 2385 1888 2415 nullum
1910 2385 2030 2416 crimen
2050 2385 2186 2425 capitale

1193 2429 1195 2436 ⁸
1221 2427 1402 2466 proferatur
1426 2426 1459 2455 in
1492 2426 1649 2463 medium,
1680 2428 1827 2457 sufficere
1858 2433 1965 2459 tamen
1996 2428 2188 2459 dissolutam

198 2385 320 2415 1111111111.

288 2472 333 2501 18,
373 2472 471 2510 (guum
505 2471 576 2509 quis
607 2470 747 2501 habuerit
779 2471 890 2510 filiam.
949 2470 1043 2510 Quod
1082 2471 1168 2500 Deus

199 2521 273 2542 ant<¹
297 2514 354 2543 sub
381 2514 502 2544 11001105
527 2514 682 2545 membris
707 2514 875 2553 attigerat,
910 2524 994 2544 nunc
1025 2513 1167 2553 generali

200 2555 269 2593 lege
300 2557 532 2596 complectitur.
586 2557 698 2596 Neque
733 2558 819 2587 enim
849 2557 982 2587 dubium
1015 2562 1062 2587 est
1090 2556 1167 2595 quin

201 2609 256 2637 per
281 2600 360 2629 lilios
380 2599 604 2639 immorigeros
624 2599 835 2639 designentur
854 2610 966 2630 omnes
985 2599 1038 2638 11111
1061 2598 1167 2628 10111111

201 2646 276 2671 sunt
302 2642 348 2671 vel
376 2642 599 2673 contumeliosi
624 2643 655 2673 in
687 2648 812 2682 patrem
837 2649 867 2673 et
892 2648 1037 2673 matrem.
1084 2641 1168 2672 Nam

913 189 1126 228 QUINTUM
1149 191 1472 224 PRAEOEPTUM.

1002 2043 1049 2074 19.
1085 2043 1169 2073 Tunc
1193 2055 1195 2084 .'

2126 195 2188 226 608

1192 298 1195 323 ξ
1220 285 1245 317 51
1270 285 1391 317 crimen
1416 287 1551 327 capitale
1575 291 1624 318 est
1648 297 1709 317 nou
1740 287 1870 317 obedire
1900 289 2101 327 parentibus:
2133 300 2189 322 605

201 341 298 371 quam
311 328 453 359 omnium
468 326 608 357 maxime
621 325 837 362 detestabiles,
861 326 937 356 olim
957 326 1049 357 culeo
1068 326 1168 358 fuisse
1193 346 1194 359 1

1219 329 1348 368 pulsare
1370 334 1402 360 et
1425 330 1614 361 verberibus
1638 330 1781 366 afficere,
1812 333 1844 360 et
1874 330 1999 370 probris
2022 332 2186 371 insectari,

1219 371 1323 402 multo
1348 372 1460 412 magis.
1505 372 1545 403 In
1576 383 1702 403 summa
1732 373 1926 411 pronunciat
1947 374 2054 406 Moses
2084 379 2187 407 morte

1192 439 1193 443 ,
1220 414 1334 454 dignos
1347 415 1400 454 qui
1419 415 1465 445 ita
1485 416 1665 455 praefracto
1685 420 1716 445 et
1735 415 1931 446 intractabili
1951 422 2027 448 sunt
2046 417 2188 458 iugenio,

1219 461 1256 487 ut
1278 458 1379 497 patris
1403 462 1435 488 et
1458 458 1570 489 matris
1594 458 1764 497 imperium
1784 464 1939 498 respuant
1955 470 1991 490 ae
2009 470 2066 500 pro
2085 460 2188 492 nihilo

1219 499 1349 531 ducant.
1394 500 1489 531 Unde
1524 501 1620 531 etiam
1655 500 1816 540 colligitur
1850 501 1926 541 quid
1961 503 2003 532 sit
2027 502 2187 535 honorare

1219 546 1343 582 patrem
1377 547 1407 573 et
1442 547 1595 574 matrem:
1630 554 1733 583 neque
1768 544 1855 574 enim
1889 544 2052 585 irrogatur
2084 556 2188 586 poena.

1219 585 1280 616 nisi
1322 586 1361 616 ob
1403 587 1692 626 transgressionem
1737 587 1908 626 praecepti.
1965 587 2075 626 Quum
2110 599 2187 630 ergo

1219 629 1315 658 morti
1340 629 1392 659 lex
1416 628 1543 660 addicat
1566 639 1676 659 omnes
1700 629 1751 668 qui
1776 634 1947 669 parentum
1982 631 2186 670 disciplinam

1219 672 1451 702 contumaciter
1470 672 1648 707 excutiunt,
1672 672 1817 711 sequitur
1836 683 1890 703 eos
1910 672 2052 704 debitum
2072 684 2188 715 paren-

1219 713 1305 745 tibus
1338 714 1493 745 honorem
1524 716 1657 754 eripere.
1714 714 1848 754 Optima
1882 720 1989 746 autem
2031 717 2188 749 statuitur

1221 756 1404 793 moderatio,
1426 757 1479 788 ubi
1498 768 1537 788 ex
1558 757 1659 797 patris
1679 757 1807 796 quidem
1827 762 1859 788 et
1878 759 1989 790 matris
2003 760 2187 791 testimonio

1220 799 1309 830 Deus
1334 800 1407 830 vult
1429 800 1584 832 iudicium
1609 800 1754 831 decerni:
1779 810 1908 831 causam
1929 806 2036 832 tamen
2061 802 2188 842 publice

1219 843 1367 882 cognosci
1391 843 1487 879 iubet,
1512 853 1551 873 06
1575 843 1646 882 111115
1670 844 1795 882 privato
1814 843 1946 875 arbitrio
1965 844 2187 877 interficiatur.

1219 885 1294 915 Iure
1318 896 1450 916 romano
1475 886 1631 925 permissa
1657 886 1716 916 fuit
1747 886 1829 926 patri
1854 886 1887 916 10
1910 887 2026 918 liberos
2051 889 2134 919 vitae
2156 893 2189 919 et

1219 928 1307 959 necis
1330 933 1487 968 potestas:
1520 929 1595 968 quia
1620 928 1782 968 probabile
1808 940 1869 960 000
1894 936 1963 960 erat
1987 934 2096 970 patres
2120 934 2187 962 tam

1219 970 1339 1002 furiosa
1362 971 1564 1002 immanitate
1589 982 1680 1011 posse
1703 971 1821 1011 abripi,
1852 976 1887 1002 ut
1909 972 1943 1002 in
1968 973 2098 1013 propria
2123 974 2187 1005 vis-

1218 1024 1291 1044 cera
1321 1015 1498 1045 saevirent:
1535 1025 1645 1044 vcrum
1681 1015 1754 1053 quia
1787 1015 1993 1054 reperiuntur
2023 1016 2187 1048 interdum

1218 1061 1326 1096 patres
1341 1068 1403 1087 non
1424 1056 1586 1088 absimiles
1607 1057 1682 1087 feris
1703 1057 1823 1095 bestiisy
1843 1064 1874 1088 et
1892 1058 2041 1098 exempla
2061 1058 2186 1097 docent,

1219 1099 1337 1130 multos
1361 1099 1432 1130 odio
1456 1100 1507 1130 vel
1531 1100 1668 1130 avaritia
1692 1108 1895 1138 excaecatos,
1929 1101 2007 1132 filiis
2030 1101 2098 1133 suis
2123 1113 2187 1134 non

1220 1142 1415 1182 pepercisse:
1445 1143 1574 1173 licentia
1605 1142 1660 1173 illa
1689 1144 1813 1173 romani
1842 1143 1922 1174 iuris
1952 1145 2069 1175 merito
2093 1155 2188 1185 161111-

1218 1184 1335 1215 dianda
1359 1192 1415 1216 est.
1453 1186 1571 1216 Fateor
1594 1185 1734 1225 quidem,
1759 1186 1813 1226 qui
1838 1185 1875 1217 de
1900 1187 2009 1218 liberis
2034 1187 2186 1219 volebant

1220 1238 1356 1267 poenam
1391 1229 1534 1268 exigere,
1571 1228 1754 1260 adhibuisse
1785 1229 1903 1260 amicos
1935 1231 1967 1260 in
1998 1229 2186 1261 eonsilium:

1219 1270 1274 1301 sed
1287 1271 1361 1310 quia
1374 1271 1541 1301 domestici
1562 1272 1699 1311 parietes
1719 1271 1875 1303 dedecora
1895 1272 1997 1303 multa
2015 1273 2187 1311 occultant,

1220 1314 1313 1353 louge
1336 1314 1453 1345 melius
1476 1313 1621 1344 fraenum
1647 1314 1736 1345 Deus
1768 1315 1877 1346 iniecit
1907 1315 2113 1355 parentibus,
2146 1327 2188 1347 ne

1220 1356 1305 1387 ultra
1340 1357 1574 1396 querimoniam
1615 1361 1646 1387 et
1676 1358 1896 1388 testimonium
1928 1357 2078 1398 progredi
2107 1358 2187 1399 ipsis

1220 1399 1340 1430 liceret.
1397 1400 1498 1430 Porro
1533 1400 1680 1439 quamvis
1715 1411 1826 1431 eorum
1870 1401 2054 1432 testimonio
2091 1401 2188 1433 fidem

1221 1442 1331 1473 haberi
1356 1443 1440 1479 velit,
1465 1453 1563 1482 quum
1584 1448 1691 1473 tamen
1711 1443 1750 1473 ad
1771 1443 1911 1474 iudicum
1933 1444 2075 1475 tribunal
2093 1446 2187 1476 siste-

1222 1490 1335 1516 rentur
1359 1485 1459 1523 liberi,
1482 1486 1621 1525 cognitio
1645 1485 1730 1516 haud
1756 1485 1850 1517 dubie
1870 1486 2061 1518 intercessit.
2095 1487 2187 1519 Haec

1222 1528 1306 1558 enim
1330 1528 1463 1558 actionis
1486 1528 1588 1558 forma
1607 1528 1847 1568 praescribitur,
1872 1533 1907 1560 ut
1925 1529 2028 1560 filium
2047 1529 2188 1562 educant

1222 1575 1313 1611 pater
1347 1578 1378 1601 ct
1408 1577 1527 1607 mater,
1563 1576 1594 1601 et
1625 1572 1663 1602 de
1694 1571 1884 1603 indomabili
1916 1572 1974 1603 filii
2004 1572 2188 1613 pervicacia

1222 1618 1398 1653 querantur
1417 1613 1500 1653 apud
1520 1613 1650 1646 iudices.
1702 1614 1773 1646 Etsi
1793 1620 1900 1646 autem
1921 1625 1996 1646 mox
2016 1615 2189 1648 subiicitur

1223 1657 1401 1693 damnatio,
1435 1656 1610 1687 tenendum
1642 1661 1690 1688 est
1721 1657 1934 1689 nihilominus
1962 1657 2085 1690 iudices
2113 1662 2188 1690 ante

1222 1700 1453 1740 pronunciasse
1481 1709 1577 1739 quam
1611 1699 1810 1739 lapidaretur
1839 1711 1928 1732 reus:
1964 1701 2081 1741 alioqui
2109 1701 2187 1733 ridi-

1222 1743 1329 1774 culum
1353 1742 1466 1773 fuisset
1488 1742 1599 1773 sedere
1622 1742 1686 1774 illic
1710 1747 1863 1783 tanquam
1887 1744 2027 1776 umbras.
2073 1744 2188 1785 Ipsum

1223 1796 1298 1826 ergo
1311 1784 1419 1816 iudicii
1431 1795 1549 1815 nomen
1566 1785 1766 1816 demonstrat
1787 1785 1889 1817 filium
1908 1786 2010 1818 fuisse
2030 1786 2186 1826 auditum,

1195 1839 1197 1846 ¹
1224 1834 1258 1859 ut
1282 1828 1307 1859 si
1337 1838 1400 1858 non
1432 1833 1515 1858 esset
1545 1827 1604 1858 sibi
1636 1828 1718 1859 male
1748 1829 1910 1867 conscius,
1945 1841 1979 1861 se
2002 1840 2020 1860 a
2052 1830 2189 1861 crimine

1224 1876 1384 1911 purgaret.
1421 1869 1507 1909 Quid
1527 1871 1612 1900 enim
1632 1871 1657 1901 si
1677 1871 1778 1910 patris
1802 1876 1834 1902 et
1857 1872 1970 1904 matris
1993 1873 2092 1913 vulgo
2111 1877 2190 1904 nota

1223 1920 1306 1945 essct
1334 1912 1524 1944 morositas?
1561 1913 1637 1952 quid
1672 1914 1697 1944 si
1733 1919 1823 1953 pater
1856 1915 1997 1955 impulsu
2031 1926 2188 1947 novercae

1222 1957 1325 1987 filium
1339 1955 1526 1987 accusaret?
1548 1956 1623 1995 quid
1637 1956 1662 1987 si
1676 1957 1824 1996 iniquum
1838 1957 1947 1988 odium
1961 1957 2186 1999 detegeretur?

1221 1999 1296 2039 quid
1321 1999 1346 2030 si
1370 1998 1475 2030 subito
1499 1999 1619 2038 impetu
1649 2000 1887 2039 conspirassent
1915 2006 2006 2040 pater
2030 2007 2061 2031 et
2084 2005 2188 2031 mater

1221 2043 1254 2073 in
1279 2047 1415 2072 mortem
1440 2041 1519 2071 filii?
1556 2042 1642 2081 Ergo
1671 2042 1729 2072 sub
1754 2042 1905 2074 adverbio
1929 2044 2021 2075 Tune
2044 2053 2188 2083 compre-

1222 2085 1374 2116 henditur
1409 2085 1452 2114 rei
1485 2084 1642 2114 defensio:
1668 2085 1742 2123 quia
1777 2085 1848 2124 plus
1878 2096 1974 2126 quam
2009 2085 2186 2117 absurdum

1220 2128 1331 2159 suisset
1356 2127 1537 2157 inauditum
1564 2127 1718 2157 damnari.
1766 2128 1961 2159 Praesertim
1986 2139 2084 2168 quum
2110 2129 2186 2169 lapi-

1220 2213 1373 2254 oportuit:
1404 2217 1435 2243 et
1465 2212 1525 2243 hac
1550 2213 1671 2243 rationo
1696 2213 1869 2252 productus
1893 2214 1952 2244 fuit
1975 2214 2008 2244 in
2032 2213 2186 2253 medium,

1220 2262 1257 2287 ut
1291 2255 1517 2286 admitteretur
1550 2254 1588 2284 ad
1623 2265 1749 2286 causam
1783 2256 1960 2287 dicendam.
2014 2257 2188 2288 Caeterum

1220 2298 1366 2339 quamvis
1397 2297 1539 2328 damnati
1564 2298 1682 2328 fuerint
1705 2299 1775 2329 aliis
1804 2309 1929 2339 quoque
1961 2299 2048 2330 vitiis
2072 2299 2187 2331 dediti:

1221 2342 1327 2372 Moses
1352 2346 1457 2371 tamen
1483 2340 1624 2371 ebriosos
1648 2346 1677 2371 et
1706 2342 1957 2381 intemperantes
1988 2342 2107 2374 diserte
2131 2353 2187 2374 ex-

1220 2469 1400 2506 luxuriem,
1434 2469 1458 2498 si
1494 2469 1609 2508 corrigi
1646 2480 1663 2499 a
1698 2470 1884 2508 parentibus
1919 2476 2070 2511 nequeat:
2112 2472 2189 2511 quia.

1194 2536 1195 2556 ζ
1221 2511 1355 2552 perditis
1387 2511 1529 2542 moribus
1559 2522 1628 2541 esse
1660 2518 1783 2542 certum
1816 2518 1880 2551 est,
1911 2514 1964 2553 qni
1996 2513 2187 2545 modestiam

1194 2562 1195 2566 ’
1221 2554 1316 2585 simul
1342 2565 1413 2585 01101
1441 2554 1631 2585 ν61·60111111111
1656 2555 1700 2585 510
1723 2554 1852 2593 abiecit,
1881 2561 1916 2587 ut
1949 2557 2028 2587 nihil
2061 2557 2187 2597 prosint

1222 2596 1456 2628 admonitiones
1489 2603 1651 2636 paternae.
1705 2598 1753 2627 Ex
1786 2598 1850 2628 fine
1881 2610 1994 2631 versus
2023 2600 2188 2640 colligitur

1222 2640 1339 2680 duplex
1364 2639 1435 2670 finis
1456 2650 1641 2679 poenarum,
1664 2646 1696 2670 ut
1718 2646 1802 2670 terra
1827 2641 1999 2673 sceleribus
2019 2646 2188 2683 purgetur,
