2304 3034
177 190 239 222 599

264 285 292 315 6.
319 284 435 322 Septem
459 281 672 313 hebdomadas.
698 279 884 311 Notandum
909 284 958 310 est
982 279 1066 310 diem
1091 290 1146 319 pa-

178 328 300 360 schatis
324 325 473 356 incidisse
498 324 531 354 in
555 329 681 363 partem
706 324 782 353 anni
808 333 869 362 qua
893 327 1018 362 segetes
1041 329 1146 353 matu-

180 370 366 402 rcscebunt:
392 372 467 398 tunc
492 377 569 406 ergo
593 365 719 396 oblatae
744 366 875 396 fuerunt
897 365 1077 405 primitiae,
1109 364 1148 396 de

181 413 296 453 quibus
321 410 457 440 disserui
479 409 511 439 in
536 409 639 448 primo
663 414 844 448 praecepto.
876 407 958 439 Inde
981 414 1053 448 post
1076 419 1148 448 sep-

181 464 246 486 tem
270 452 486 484 hebdomadas
510 451 716 482 celebrarunt
741 451 877 482 alterum
909 450 992 481 diem
1021 450 1147 488 festum,

181 498 234 538 qui
266 507 283 527 a
307 495 442 526 Graecis
472 498 657 534 pentecoste
682 501 812 525 vocatus
836 498 901 531 est,
932 493 1023 533 quasi
1055 494 1148 533 quin-

180 538 396 580 quagesimus.
451 538 495 568 Et
529 536 663 568 totidem
705 536 773 567 dies
814 537 1070 567 intercesserunt
1109 537 1148 567 ab

180 583 270 614 exitu
294 581 402 621 populi
426 590 528 619 usque
552 580 591 610 ad
615 579 697 620 legis
721 579 1025 620 promulgationem.
1057 579 1149 610 Tune

181 636 256 657 vero
280 625 343 654 alia
366 623 427 654 suit
450 622 669 662 primitiarum
693 622 819 658 oblatio¹
845 627 881 652 ut
904 632 963 662 pro
983 631 1042 652 sua
1061 621 1147 661 quis-

181 679 242 708 quc
266 666 424 703 facultate,
447 672 479 696 et
500 665 680 697 secundum
704 667 780 696 anni
802 670 1005 705 proventum,
1030 675 1148 695 munus

181 722 220 742 ex
245 710 393 749 frugibus
415 708 557 740 collectis
588 708 657 739 Deo
680 711 915 739 consecrarent.
962 708 1063 738 Porro
1087 718 1148 747 quo

180 753 360 793 promptior
390 755 421 782 et
450 751 586 782 hilarior
617 756 702 782 esset
730 750 923 788 liberalitas,
957 750 1150 790 proponitur

181 796 244 827 Dei
268 794 446 826 benedictio
470 794 504 824 in
528 793 680 831 medium,
711 804 746 825 ac
770 794 795 824 si
821 794 942 824 iuberet
967 793 1074 824 Moses
1097 803 1150 833 po-

180 838 292 879 pulum
314 836 545 877 gratitudinem
565 847 658 867 suam
672 837 797 867 testari:
823 837 897 876 quia
910 846 1035 866 merum
1049 836 1149 875 ipsius

181 881 244 913 Dei
269 880 460 911 beneficium
485 880 526 910 sit
550 879 706 919 quidquid
730 890 769 910 ex
794 885 881 909 terra
910 879 1063 910 nascitur.

268 924 315 954 11.
341 922 383 954 Et
406 922 577 954 laetaberis.
634 922 709 954 Alia
731 922 857 953 ratione
881 932 934 953 eos
958 921 997 952 ad
1021 932 1149 961 promp-

181 966 355 998 titudinem
381 966 528 996 hortatur
553 970 584 996 et
607 966 738 1000 incitat,
769 965 844 1005 quia
873 965 977 996 cultus
1002 964 1063 995 Dei
1086 965 1150 996 illis

180 1010 286 1050 pariat
310 1009 481 1040 laetitiam:
506 1008 589 1039 nihil
609 1014 717 1039 autem
741 1013 789 1038 est
809 1008 891 1048 quod
911 1007 1014 1047 magis
1037 1007 1076 1038 ad
1096 1007 1149 1038 ob-

181 1053 326 1092 sequium
358 1051 526 1082 stimulare
560 1062 617 1082 nos
641 1050 756 1082 debeat
780 1061 875 1091 quam
900 1051 955 1081 ubi
987 1051 1150 1090 cognosci-

179 1106 250 1126 mus
282 1095 389 1125 Deum
424 1094 516 1125 nobis
551 1094 657 1134 potius
689 1094 856 1125 consulere
885 1104 980 1133 quam
1012 1104 1029 1124 a
1059 1092 1150 1124 nobis

180 1146 311 1177 captare
358 1137 533 1177 quidquam
575 1137 736 1168 utilitatis.
797 1137 981 1167 Laetantur
1021 1135 1149 1176 quidem

180 1182 277 1211 etiam
302 1180 428 1220 profani
453 1180 608 1217 homines,
632 1180 697 1210 imo
720 1180 753 1210 in
778 1190 837 1210 suo
857 1179 974 1220 gaudio
993 1179 1148 1218 intempe—

179 1229 289 1254 ranter
312 1223 502 1254 lasciviunt:
526 1222 581 1253 sed
606 1223 681 1263 quia
703 1233 766 1253 non
791 1224 883 1253 modo
907 1221 1081 1253 evanidum
1101 1227 1150 1252 est

179 1266 335 1307 gaudium
370 1266 459 1302 illud,
494 1266 549 1296 sed
585 1266 669 1297 risus
704 1266 842 1296 vertitur
864 1266 896 1295 in
928 1265 1089 1305 lacrymas
1118 1268 1150 1295 et

179 1309 350 1340 stridorem
377 1309 537 1339 dentium:
564 1320 626 1339 non
650 1309 770 1339 frustra
794 1308 846 1338 hic
865 1312 1018 1347 tanquam
1039 1308 1149 1347 singu-

181 1353 246 1383 lare
270 1352 389 1383 bonum
411 1352 616 1383 commendat
639 1352 764 1389 Moses,
795 1362 902 1382 coram
928 1351 996 1382 Deo
1020 1350 1148 1380 laetari:

180 1405 216 1426 ac
235 1395 262 1426 si
283 1400 374 1435 pater
392 1394 475 1425 filios
499 1405 573 1425 suos
596 1395 724 1433 invitet,
749 1399 784 1425 ut
804 1394 1020 1425 communiter
1039 1403 1148 1424 secum

180 1449 233 1469 eos
257 1437 405 1468 oblectet.
453 1437 624 1468 Caeterum
660 1442 796 1468 externo
820 1437 880 1468 hoc
913 1436 1065 1467 exercitio
1096 1436 1149 1467 ad-

179 1481 295 1511 moniti
321 1481 450 1511 fuerunt
473 1480 593 1517 fideles,
618 1480 744 1511 nullum
768 1490 838 1511 esso
861 1479 998 1511 solidum
1020 1479 1069 1510 vel
1094 1489 1148 1518 op-

179 1524 278 1554 tabile
302 1523 474 1563 gaudium,
499 1523 560 1554 nisi
585 1523 624 1554 ad
648 1522 755 1553 Deum
781 1523 949 1554 referatur.
995 1522 1039 1553 Et
1062 1528 1148 1553 certe

179 1574 344 1606 utcunque
376 1566 407 1596 in
440 1565 505 1597 suis
530 1566 648 1597 delitiis
672 1565 837 1597 exsultent
861 1565 969 1606 impii,
1004 1569 1035 1596 et
1058 1575 1091 1596 se
1114 1565 1148 1595 in

178 1609 363 1649 voluptates
389 1609 575 1648 proiiciant,
606 1609 681 1649 quia
711 1614 820 1639 tamen
852 1619 905 1640 eos
937 1607 1045 1639 deficit
1074 1618 1147 1639 con-

178 1653 332 1683 scientiae
368 1652 602 1691 tranquillitas‚
637 1662 718 1691 quae
753 1651 821 1683 sola
862 1662 937 1682 vere
978 1651 1147 1687 exhilarat,

179 1694 297 1734 gaudio
342 1695 425 1734 quod
468 1695 668 1735 ingurgitare
709 1694 844 1734 cupiunt
885 1705 949 1725 non
990 1694 1149 1724 fruuntur.

180 1737 325 1768 Tandem
340 1738 456 1768 bonum
472 1737 553 1768 illud
566 1748 627 1778 quo
647 1738 853 1777 potiebantur
872 1737 904 1767 in
921 1737 988 1767 Deo
1007 1735 1147 1773 colendo,

181 1781 287 1811 Moses
312 1781 552 1820 comparatione
576 1781 762 1820 amplificat,
786 1781 841 1812 ubi
866 1780 958 1811 dicit:
989 1779 1148 1811 Recordae

181 1823 265 1854 beris
290 1831 321 1854 te
345 1823 445 1854 fuisse
469 1834 598 1854 servum
623 1823 658 1854 in
682 1825 846 1864 Aegypto:
878 1824 953 1863 quia
978 1828 1012 1853 ut
1035 1822 1149 1853 iucun-

181 1865 251 1897 dior
274 1873 358 1897 esset
382 1867 460 1906 ipsis
483 1877 541 1897 sua
564 1866 713 1903 conditio,
744 1867 813 1897 eius
836 1865 1038 1897 dulcedinem
1062 1865 1152 1896 auxit

182 1909 386 1940 tristissimae
411 1910 610 1949 captivitatis
634 1910 799 1940 memoria.
823 1909 886 1940 Hic
911 1919 929 1940 a
953 1919 1003 1939 me
1027 1907 1151 1938 subtilis

184 1952 239 1982 illa
263 1952 348 1982 inter
373 1952 524 1992 gaudium
545 1957 576 1983 et
596 1952 753 1983 laetitiam
766 1952 932 1983 Ciceronis
949 1951 970 1993 ¹)
990 1950 1152 1982 distinctio

184 1995 375 2035 negligitur:
409 1996 483 2035 quia
512 1995 572 2026 nisi
604 1995 636 2025 in
668 1995 784 2026 bonam
819 2000 943 2035 partem
979 1998 1153 2033 utrumque

185 2049 302 2068 nomen
327 2048 463 2075 sumam,
488 2048 553 2068 non
567 2049 692 2078 possem
707 2037 840 2069 reddere
854 2048 946 2069 voces
970 2036 1152 2068 hebraicas:

184 2081 301 2120 quibus
337 2086 443 2111 tamen
469 2082 651 2121 exprimere
675 2081 780 2111 voluit
804 2080 895 2112 Deus
925 2090 1019 2120 quam
1052 2078 1153 2110 indul-

185 2130 299 2163 genter
323 2130 397 2163 agat
422 2135 493 2155 eum
518 2124 594 2155 filiis
616 2124 691 2155 suis.
736 2123 867 2154 Interea
898 2134 974 2154 vero
1005 2121 1154 2153 exhorta-

185 2167 304 2196 tionem
328 2167 472 2198 continet
496 2167 549 2198 hic
575 2167 670 2204 locus,
696 2166 735 2197 ad
759 2168 881 2207 gratias
897 2166 967 2197 Deo
990 2164 1153 2196 liberatori

185 2209 336 2249 agendas.

274 2252 321 2282 13.
357 2252 573 2284 ›S'olenm'latem
602 2252 878 2283 tabernaculorum.
932 2251 1075 2282 Vocatus
1108 2253 1154 2280 est

187 2295 310 2334 primus
342 2295 568 2326 collectionum
593 2295 674 2333 dies,
708 2296 782 2335 quia
812 2300 888 2326 tunc
913 2295 944 2325 in
969 2293 1092 2324 horreis
1123 2296 1155 2323 et

186 2337 273 2367 cellis
299 2339 463 2378 penuariis
487 2338 674 2369 reconditus
698 2343 768 2369 erat
791 2338 891 2369 totins
915 2337 991 2367 anni
1016 2346 1152 2376 proven-

186 2386 248 2410 tus.
307 2381 394 2420 Ergo
431 2392 531 2421 quum
567 2381 607 2411 ab
641 2381 791 2421 operibus
827 2380 956 2412 rusticis
991 2383 1152 2415 vacarent,

187 2424 389 2454 commodum
421 2424 481 2455 fuit
506 2424 583 2455 illud
609 2425 687 2454 anni
712 2429 839 2464 tempus
863 2423 901 2453 ad
925 2421 1152 2454 celebrandum

186 2466 302 2496 festum
329 2466 428 2497 diem:
462 2478 534 2497 uam
571 2478 633 2506 quo
657 2467 808 2497 libentius
832 2465 1043 2497 ascenderent
1069 2464 1151 2493 lere-

186 2508 354 2548 solymatu,
380 2509 535 2541 divinitus
548 2516 752 2550 prospectum
767 2509 827 2540 fuit
840 2514 874 2539 ut
887 2509 1010 2539 minore
1023 2511 1153 2546 sumptu

271 2653 297 2680 1)
318 2654 423 2680 Allwlzt
444 2654 480 2679 ad
502 2654 609 2680 Tusczcl.
632 2655 683 2680 IV.
703 2655 719 2679 6
738 2662 775 2687 sq.
797 2657 819 2680 et
838 2653 880 2678 31.

891 185 1117 225 QUARTUM
1148 186 1465 221 PRAECEPTUM.

2104 190 2167 222 600

1199 290 1230 313 ct
1254 283 1300 314 rei
1325 283 1519 315 domesticae
1542 284 1666 315 iactura
1696 283 1727 313 id
1760 284 1860 314 fieret.
1908 283 1969 314 Ubi
1999 284 2164 322 vertimus,

1199 325 1307 364 Quum
1333 325 1535 357 benedixerit
1558 327 1617 357 tibi
1641 327 1777 362 leliova‚
1809 325 1848 356 ad
1873 327 2006 357 verbum
2032 326 2165 367 legitur:

1199 368 1286 407 Quia
1310 368 1477 400 benedicet
1501 369 1574 405 tibi,
1610 369 1664 400 sed
1701 368 1811 399 eodem
1847 368 1914 399 fere
1944 379 2057 400 sensu:
2088 379 2165 410 quo-

1199 411 1286 442 niam
1310 412 1463 443 admonet
1486 412 1610 450 Moses,
1642 412 1734 442 modo
1764 411 1890 442 animos
1912 416 1944 442 et
1974 411 2081 442 studia
2109 422 2167 443 sua

1200 453 1337 485 fideliter
1372 455 1411 485 ad
1445 455 1550 485 Deum
1585 454 1756 486 colendum
1792 453 1960 490 adiiciant,
1998 465 2165 494 nunquam

1199 496 1263 528 illis
1294 496 1401 528 defore
1431 497 1591 538 gaudendi
1623 497 1808 533 materiam,
1838 497 1914 537 quia
1936 498 2004 538 ipse
2034 508 2166 529 cursum

1200 550 1277 570 suae
1309 539 1538 571 benedictionis
1567 550 1732 579 nunquam
1768 540 1947 580 abrumpet.
1992 540 2105 580 Itaque
2132 540 2166 571 in

1200 583 1265 613 fine
1296 594 1408 614 versus
1444 583 1663 622 decimiquinti
1694 593 1757 613 non
1789 583 1926 622 simplex
1956 588 2004 614 est
2033 582 2166 613 manda—

1200 630 1283 663 tum,
1315 625 1370 656 sed
1395 626 1491 656 etiam
1519 626 1703 665 promissio:
1729 635 1764 656 ac
1788 626 1813 656 si
1836 625 1970 663 diceret,
2002 625 2096 656 modo
2127 635 2167 656 ne

1201 668 1266 699 sint
1290 668 1421 709 ingrati,
1446 669 1577 699 minime
1596 667 1776 699 timendum
1797 679 1866 700 esse
1886 669 1964 709 quin
1979 668 2069 700 Deus
2088 669 2166 700 assi-

1201 711 1262 742 due
1287 722 1404 742 novam
1425 712 1566 742 laetitiae
1586 711 1753 741 materiam
1774 717 1942 752 suggerat:
1963 717 1993 742 et
2017 712 2168 743 coniunc-

1201 754 1259 784 tim
1283 753 1362 785 haec
1385 754 1448 785 duo
1472 754 1616 785 membra
1636 754 1772 793 legenda
1791 759 1884 785 sunt:
1908 754 2085 786 Benedicat
2109 754 2166 785 tibi

1202 797 1301 835 Deus,
1321 796 1453 836 ideoque
1474 796 1813 828 tantummodolaetus
1826 797 1897 828 eris.
1922 797 2005 828 Nam
2027 797 2166 828 hocloco

1202 840 1392 880 particulam
1416 846 1459 882 '1⁸
1484 840 1622 870 libenter
1652 840 1697 870 ita
1720 840 1930 879 interpretor:
1962 839 2166 871 adversative

1201 882 1329 922 quidem
1350 884 1432 914 sumi
1454 882 1626 913 absurdum
1645 888 1700 913 cst.
1726 883 1903 914 Exclusive
1915 893 1992 923 ergo
2005 893 2166 923 exponere

1202 936 1265 956 non
1288 926 1370 956 male
1394 926 1573 963 conveniet,
1598 936 1634 956 ae
1657 926 1684 955 si
1712 925 1839 962 diceret,
1865 926 1944 956 nihil
1974 926 2042 957 fore
2066 926 2166 957 tristi-

1203 968 1264 999 tiae
1287 968 1338 999 vel
1362 968 1586 1000 sollicitudinis
1610 967 1693 1008 quod
1718 969 1802 1008 ipsos
1825 969 1857 999 in
1881 968 2075 1008 praestando
2098 968 2166 1009 pie-

1203 1011 1278 1042 tatis
1302 1011 1407 1043 officio
1428 1011 1598 1051 impediat:
1632 1012 1684 1050 qui
1718 1011 1831 1051 legunt
1861 1011 1990 1052 Utique,
2016 1012 2054 1043 ad
2079 1012 2165 1043 huno

1201 1065 1325 1094 quoque
1348 1064 1478 1085 sensum
1502 1053 1667 1085 accedunt.

1288 1097 1336 1127 16.
1364 1097 1480 1128 Tribus
1501 1097 1627 1128 vicibus.
1653 1097 1805 1127 Diximus
1829 1102 1933 1134 antea,
1954 1098 2103 1138 quamvis
2116 1108 2166 1129 re-

1201 1140 1279 1180 liqui
1299 1140 1361 1170 duo
1382 1140 1451 1171 festi
1472 1139 1540 1170 dies
1559 1151 1622 1170 uon
1639 1145 1747 1170 essent
1766 1140 1950 1179 spernendi,
1970 1141 2044 1180 quia
2056 1145 2167 1172 tamen

1201 1183 1320 1223 aliquid
1344 1182 1455 1223 populi
1480 1183 1527 1214 sui
1551 1183 1733 1213 infirmitati
1758 1183 1932 1214 concedere
1945 1183 2035 1214 Deus
2054 1184 2166 1221 voluit,

1201 1236 1265 1257 non
1296 1226 1392 1256 fuisse
1425 1226 1606 1265 impositam
1643 1226 1884 1264 necessitatem,
1924 1232 1957 1257 ut
1993 1226 2166 1267 quinquies

1201 1269 1411 1300 ascenderent
1434 1268 1675 1309 lerosolymam.
1721 1269 1846 1299 Deinde
1870 1269 1943 1309 quia
1966 1273 2093 1300 tantum
2118 1269 2166 1301 di-

1201 1311 1299 1342 midia
1322 1322 1396 1351 pars
1420 1312 1546 1350 septimi
1572 1312 1690 1342 mensis
1714 1316 1780 1342 tres
1804 1311 1872 1342 dies
1895 1313 1992 1344 festos
2020 1323 2165 1353 eompre-

1202 1353 1379 1391 hendebat‚
1416 1365 1434 1385 a
1465 1353 1617 1385 Calendis
1649 1354 1786 1392 scilicet,
1817 1365 1918 1394 usque
1942 1355 1981 1386 ad
2005 1355 2166 1387 decimum

1201 1398 1365 1437 quintum:
1396 1397 1507 1427 eudem
1538 1398 1662 1428 ratione
1692 1402 1821 1428 tantum
1852 1408 1870 1428 a
1894 1398 2044 1429 masculis
2067 1399 2167 1439 exigi-

1201 1444 1262 1476 tur,
1288 1445 1323 1470 ut
1347 1440 1466 1470 relictis
1490 1440 1635 1471 domibus
1658 1450 1765 1472 sacros
1789 1446 1967 1472 cenventus
1987 1441 2166 1473 celebrent:

1201 1482 1389 1514 mulieribus
1423 1483 1507 1513 enim
1543 1483 1601 1513 hoc
1636 1483 1729 1514 modo
1770 1484 1914 1523 parcitur
1954 1484 2072 1524 quibus
2105 1484 2168 1515 iter

1202 1526 1304 1557 faeere
1339 1536 1402 1556 non
1438 1526 1481 1556 ita
1515 1526 1717 1556 commodum
1753 1532 1809 1557 est.
1867 1525 1959 1557 Adde
1993 1526 2078 1567 quod
2109 1538 2167 1568 pro

1201 1568 1417 1600 foecunditate
1442 1568 1597 1599 divinitus
1627 1570 1798 1608 promissa,
1832 1569 1882 1600 vel
1906 1570 2061 1610 gravidae
2084 1581 2167 1601 sem-

1202 1622 1258 1651 per
1282 1612 1346 1642 fere
1368 1615 1459 1641 erant
1483 1611 1533 1642 vel
1559 1613 1711 1643 nutrices.
1761 1612 1883 1643 Pueros
1912 1613 2008 1643 etiam
2039 1618 2072 1644 et
2095 1613 2170 1644 ado-

1200 1654 1358 1686 lescentes
1382 1655 1498 1694 viginti
1527 1655 1620 1685 annis
1650 1655 1790 1686 minores
1819 1655 1922 1695 excipi
1952 1660 2075 1687 certum
2110 1660 2169 1695 est,

1201 1698 1275 1737 quia
1309 1708 1366 1737 per
1400 1696 1560 1728 masculos
1590 1697 1679 1729 Deus
1714 1708 1779 1728 non
1813 1698 1892 1729 alios
1921 1699 2074 1739 intelligit
2104 1699 2168 1730 nisi

1200 1741 1254 1780 qui
1278 1740 1336 1771 sub
1360 1750 1491 1771 censum
1516 1740 1707 1771 transibant.
1743 1740 1780 1772 Si
1803 1741 1873 1780 quis
1897 1740 2026 1773 obiiciat
2048 1742 2080 1772 in
2104 1742 2168 1782 spi-

1201 1783 1309 1814 rituali
1335 1783 1395 1813 Dei
1419 1782 1508 1813 cultu
1531 1783 1666 1814 feminas
1697 1794 1712 1813 a
1738 1784 1889 1815 masculis
1916 1784 1997 1815 nihil
2022 1784 2168 1816 differre:

1201 1826 1365 1866 responsio
1378 1826 1411 1856 in
1425 1830 1576 1865 promptu
1596 1833 1653 1863 est,
1679 1832 1784 1866 patres
1808 1827 1948 1859 familias
1966 1827 2030 1859 illic
2050 1838 2168 1859 nomen

1203 1869 1329 1900 dedisse
1358 1879 1414 1908 pro
1450 1868 1603 1899 uxoribus
1638 1875 1666 1900 et
1703 1870 1819 1901 liberis.
1874 1870 1925 1901 Ita
1959 1870 1998 1901 ad
2030 1870 2168 1902 alterum

1203 1922 1332 1947 sexum,
1363 1916 1395 1941 et
1426 1911 1465 1941 ad
1490 1916 1635 1941 tenerum
1667 1918 1803 1943 aetatem
1828 1912 2064 1944 extendebatur
2089 1913 2169 1945 haee

1204 1955 1368 1995 professio.
1388 1954 1432 1984 Et
1446 1954 1507 1984 huc
1521 1954 1647 1985 videtur
1659 1955 1802 1986 alludere
1816 1955 1922 1986 David
1936 1955 2034 1997 (Psal.
2047 1956 2116 1994 110,
2127 1955 2170 1998 3),

1205 2008 1303 2038 quum
1324 1996 1414 2028 dicit:
1462 1997 1604 2036 Populus
1635 2003 1709 2029 tuus
1733 1998 1964 2029 liberalitatum
1989 2003 2036 2030 est
2060 1999 2094 2030 in
2118 1998 2170 2030 die

1205 2040 1464 2080 congregationis
1507 2046 1594 2076 tuae,
1635 2042 1668 2071 in
1711 2041 1936 2081 splendoribus
1976 2042 2173 2073 sanctitatis:

1206 2083 1282 2123 quia
1303 2082 1341 2113 de
1367 2082 1557 2113 voluntariis
1582 2082 1725 2114 fidelium
1746 2085 1906 2124 obsequiis
1925 2085 2023 2116 verba
2041 2084 2172 2122 faciens,

1207 2136 1295 2157 more
1319 2125 1503 2164 prophetico
1528 2126 1596 2157 eius
1619 2127 1786 2166 exemplar
1808 2128 1888 2166 petit
1911 2138 1929 2157 a
1951 2126 2047 2168 legali
2071 2127 2171 2159 cultu.

1206 2169 1276 2199 Iam
1302 2178 1340 2199 ne
1364 2168 1513 2198 obiiciant
1538 2169 1666 2207 Iudaei,
1698 2170 1877 2209 periculum
1908 2169 1976 2201 fore
2000 2169 2039 2200 ab
2061 2170 2173 2201 hostili

1207 2212 1346 2247 incursu,
1371 2211 1397 2241 si
1422 2211 1570 2242 omnibus
1595 2212 1673 2243 viris
1697 2213 1728 2242 in
1753 2212 1857 2243 locum
1882 2223 1983 2243 unum
2008 2213 2172 2244 confluen-

1208 2254 1292 2285 tibus
1327 2259 1410 2284 tcrra
1437 2254 1576 2284 nudetur
1605 2255 1778 2294 praesidio:
1804 2255 1878 2286 huic
1902 2255 2098 2286 dubitationi
2120 2266 2171 2287 ea-

1207 2298 1271 2338 pite
1297 2296 1401 2327 Exodi
1426 2297 1473 2327 24.
1501 2298 1588 2327 Deus
1612 2298 1767 2329 occurrit:
1799 2309 1832 2329 se
1855 2299 2016 2329 facturum
2040 2299 2174 2338 promit-

1208 2346 1279 2371 tens
1303 2350 1342 2370 ne
1367 2340 1438 2378 quis
1462 2341 1600 2378 grassari
1633 2346 1761 2380 appetat
1789 2341 1821 2371 in
1847 2341 1957 2373 domos
1991 2341 2170 2373 derelictas.

1208 2383 1291 2413 Nam
1323 2382 1385 2413 hue
1416 2388 1535 2421 spectat
1567 2384 1744 2414 sententia:
1789 2384 1973 2416 Eliininabo
2008 2390 2118 2423 gentes
2153 2395 2171 2415 a

1207 2430 1379 2464 conspectu
1415 2431 1484 2461 tuo,
1520 2432 1549 2456 ct
1585 2426 1786 2466 amplificabo
1821 2428 1974 2458 terminos
2009 2433 2094 2463 tuos,
2136 2431 2172 2458 ut

1207 2468 1314 2499 nullus
1339 2467 1498 2498 desideret.
1522 2474 1639 2499 terrani
1666 2475 1765 2500 tuam.
1810 2470 1904 2501 Unde
1928 2471 2024 2501 etiam
2048 2469 2170 2510 colligi-

1208 2518 1276 2548 tur,
1305 2511 1365 2541 Dei
1396 2511 1517 2541 cultum
1551 2522 1612 2541 uon
1644 2512 1741 2543 fuisse
1765 2514 1852 2543 omui
1877 2524 1915 2544 ex
1941 2519 2030 2553 parte
2051 2512 2172 2544 stabili-

1208 2560 1287 2589 tum,
1313 2553 1412 2584 donec
1435 2554 1575 2584 subactis
1599 2555 1746 2585 omuibus
1767 2556 1913 2586 finitimis
1935 2556 2060 2596 populis
2079 2565 2170 2586 sane-

1209 2597 1347 2627 tuariuiu
1379 2607 1474 2626 suum
1506 2596 1621 2627 locavit
1653 2597 1684 2627 in
1716 2604 1824 2628 monte
1849 2598 1938 2630 Sion.
1985 2599 2056 2629 Non
2087 2597 2171 2638 quod

1208 2646 1282 2670 ante
1311 2639 1391 2669 illud
1423 2644 1548 2678 tempus
1584 2640 1701 2679 populo
1725 2642 1771 2671 fas
1796 2642 1890 2672 suerit
1915 2641 2172 2682 praetermittere
