<?xml version="1.0" encoding="UTF-8"?>
<!DOCTYPE html PUBLIC "-//W3C//DTD XHTML 1.0 Transitional//EN"
    "http://www.w3.org/TR/xhtml1/DTD/xhtml1-transitional.dtd">
<html xmlns="http://www.w3.org/1999/xhtml" xml:lang="en" lang="en">
 <head>
  <title>
</title>
<meta http-equiv="Content-Type" content="text/html;charset=utf-8" />
  <meta name='ocr-system' content='tesseract 3.04.00' />
  <meta name='ocr-capabilities' content='ocr_page ocr_carea ocr_par ocr_line ocrx_word'/>
</head>
<body>
  <div class='ocr_page' id='page_1' title='image "./ioanniscalviniop24calv_0031.png"; bbox 0 0 2304 3034; ppageno 0'>
   <div class='ocr_carea' id='block_1_1' title="bbox 99 191 2072 229">
    <p class='ocr_par' dir='ltr' id='par_1_1' title="bbox 99 191 2072 229">
     <span class='ocr_line' id='line_1_1' title="bbox 99 191 2072 229; baseline -0.004 0"><span class='ocrx_word' id='word_1_1' title='bbox 99 200 137 229; x_wconf 80' lang='lat'>41</span> <span class='ocrx_word' id='word_1_2' title='bbox 673 191 1039 225; x_wconf 83' lang='lat' dir='ltr'><strong>COMMENTARIUS</strong></span> <span class='ocrx_word' id='word_1_3' title='bbox 1064 192 1112 222; x_wconf 92' lang='lat' dir='ltr'>IN</span> <span class='ocrx_word' id='word_1_4' title='bbox 1136 191 1283 222; x_wconf 86' lang='lat' dir='ltr'>EXODI</span> <span class='ocrx_word' id='word_1_5' title='bbox 1305 192 1402 223; x_wconf 82' lang='lat' dir='ltr'>OAP.</span> <span class='ocrx_word' id='word_1_6' title='bbox 1425 191 1487 222; x_wconf 89' lang='grc' dir='ltr'>ΙΙΙ.</span> <span class='ocrx_word' id='word_1_7' title='bbox 2032 191 2072 221; x_wconf 73' lang='lat'>42</span> 
     </span>
    </p>
   </div>
   <div class='ocr_carea' id='block_1_2' title="bbox 101 289 1059 373">
    <p class='ocr_par' dir='ltr' id='par_1_2' title="bbox 101 289 1059 373">
     <span class='ocr_line' id='line_1_2' title="bbox 186 289 1059 330; baseline -0.01 -7"><span class='ocrx_word' id='word_1_8' title='bbox 186 292 232 323; x_wconf 87' lang='lat'>10.</span> <span class='ocrx_word' id='word_1_9' title='bbox 265 291 339 322; x_wconf 79' lang='lat' dir='ltr'>Vem&#39;</span> <span class='ocrx_word' id='word_1_10' title='bbox 362 291 472 330; x_wconf 77' lang='lat' dir='ltr'>itaque.</span> <span class='ocrx_word' id='word_1_11' title='bbox 517 289 691 328; x_wconf 88' lang='lat' dir='ltr'>Postquam</span> <span class='ocrx_word' id='word_1_12' title='bbox 711 296 839 317; x_wconf 87' lang='lat' dir='ltr'>servum</span> <span class='ocrx_word' id='word_1_13' title='bbox 864 295 973 322; x_wconf 90' lang='lat' dir='ltr'>suum,</span> <span class='ocrx_word' id='word_1_14' title='bbox 996 294 1059 324; x_wconf 91' lang='lat' dir='ltr'>quo</span> 
     </span>
     <span class='ocr_line' id='line_1_3' title="bbox 101 326 1059 373; baseline -0.009 -7"><span class='ocrx_word' id='word_1_15' title='bbox 101 345 135 366; x_wconf 87' lang='lat' dir='ltr'>se</span> <span class='ocrx_word' id='word_1_16' title='bbox 158 334 295 366; x_wconf 82' lang='lat' dir='ltr'>alacrius</span> <span class='ocrx_word' id='word_1_17' title='bbox 319 332 358 364; x_wconf 87' lang='lat' dir='ltr'>ad</span> <span class='ocrx_word' id='word_1_18' title='bbox 380 343 458 373; x_wconf 89' lang='lat' dir='ltr'>opus</span> <span class='ocrx_word' id='word_1_19' title='bbox 481 332 669 370; x_wconf 86' lang='lat' dir='ltr'>accingeret,</span> <span class='ocrx_word' id='word_1_20' title='bbox 692 328 956 369; x_wconf 82' lang='lat' dir='ltr'>promissionibus</span> <span class='ocrx_word' id='word_1_21' title='bbox 969 326 1059 358; x_wconf 88' lang='lat' dir='ltr'>Deus</span> 
     </span>
    </p>
   </div>
   <div class='ocr_carea' id='block_1_3' title="bbox 101 367 1085 414">
    <p class='ocr_par' dir='ltr' id='par_1_3' title="bbox 101 367 1085 414">
     <span class='ocr_line' id='line_1_4' title="bbox 101 367 1085 414; baseline -0.009 -6"><span class='ocrx_word' id='word_1_22' title='bbox 101 377 270 414; x_wconf 86' lang='lat' dir='ltr'>instruxit,</span> <span class='ocrx_word' id='word_1_23' title='bbox 299 386 384 407; x_wconf 88' lang='lat' dir='ltr'>nune</span> <span class='ocrx_word' id='word_1_24' title='bbox 407 374 494 405; x_wconf 84' lang='lat' dir='ltr'>addit</span> <span class='ocrx_word' id='word_1_25' title='bbox 516 372 675 408; x_wconf 78' lang='lat' dir='ltr'>mandata,</span> <span class='ocrx_word' id='word_1_26' title='bbox 706 381 842 410; x_wconf 90' lang='lat' dir='ltr'>eumque</span> <span class='ocrx_word' id='word_1_27' title='bbox 872 370 910 401; x_wconf 89' lang='lat' dir='ltr'>ad</span> <span class='ocrx_word' id='word_1_28' title='bbox 941 380 1059 400; x_wconf 87' lang='lat' dir='ltr'>munus</span> <span class='ocrx_word' id='word_1_29' title='bbox 1083 367 1085 397; x_wconf 66' lang='grc' dir='ltr'>Ξ</span> 
     </span>
    </p>
   </div>
   <div class='ocr_carea' id='block_1_4' title="bbox 93 412 1058 2498">
    <p class='ocr_par' dir='ltr' id='par_1_4' title="bbox 97 412 1058 1134">
     <span class='ocr_line' id='line_1_5' title="bbox 101 412 1058 452; baseline -0.009 -2"><span class='ocrx_word' id='word_1_30' title='bbox 101 420 151 451; x_wconf 92' lang='lat' dir='ltr'>cui</span> <span class='ocrx_word' id='word_1_31' title='bbox 176 419 353 450; x_wconf 88' lang='lat' dir='ltr'>destinatus</span> <span class='ocrx_word' id='word_1_32' title='bbox 376 422 423 448; x_wconf 88' lang='lat' dir='ltr'>est</span> <span class='ocrx_word' id='word_1_33' title='bbox 443 415 624 448; x_wconf 89' lang='lat' dir='ltr'>obeundum</span> <span class='ocrx_word' id='word_1_34' title='bbox 642 419 741 445; x_wconf 85' lang='lat' dir='ltr'>vocat.</span> <span class='ocrx_word' id='word_1_35' title='bbox 777 415 883 452; x_wconf 85' lang='lat' dir='ltr'><strong>Atque</strong></span> <span class='ocrx_word' id='word_1_36' title='bbox 903 412 981 443; x_wconf 89' lang='lat' dir='ltr'>haec</span> <span class='ocrx_word' id='word_1_37' title='bbox 1002 422 1058 451; x_wconf 91' lang='lat' dir='ltr'>op—</span> 
     </span>
     <span class='ocr_line' id='line_1_6' title="bbox 100 455 1057 493; baseline -0.009 0"><span class='ocrx_word' id='word_1_38' title='bbox 100 463 180 493; x_wconf 89' lang='lat' dir='ltr'>tima</span> <span class='ocrx_word' id='word_1_39' title='bbox 203 466 252 492; x_wconf 87' lang='lat' dir='ltr'>est</span> <span class='ocrx_word' id='word_1_40' title='bbox 275 461 314 491; x_wconf 92' lang='lat' dir='ltr'>ad</span> <span class='ocrx_word' id='word_1_41' title='bbox 337 459 472 491; x_wconf 89' lang='lat' dir='ltr'>officium</span> <span class='ocrx_word' id='word_1_42' title='bbox 496 456 658 488; x_wconf 90' lang='lat' dir='ltr'>animandi</span> <span class='ocrx_word' id='word_1_43' title='bbox 681 456 770 493; x_wconf 86' lang='lat' dir='ltr'>ratio,</span> <span class='ocrx_word' id='word_1_44' title='bbox 800 456 852 486; x_wconf 89' lang='lat' dir='ltr'>ubi</span> <span class='ocrx_word' id='word_1_45' title='bbox 878 455 968 486; x_wconf 85' lang='lat' dir='ltr'>Deus</span> <span class='ocrx_word' id='word_1_46' title='bbox 990 465 1057 485; x_wconf 92' lang='lat' dir='ltr'>cer-</span> 
     </span>
     <span class='ocr_line' id='line_1_7' title="bbox 101 497 1058 542; baseline -0.009 -7"><span class='ocrx_word' id='word_1_47' title='bbox 101 505 197 535; x_wconf 89' lang='lat' dir='ltr'>tiores</span> <span class='ocrx_word' id='word_1_48' title='bbox 229 504 267 535; x_wconf 89' lang='lat' dir='ltr'>de</span> <span class='ocrx_word' id='word_1_49' title='bbox 298 512 447 542; x_wconf 91' lang='lat' dir='ltr'>prospero</span> <span class='ocrx_word' id='word_1_50' title='bbox 477 510 626 532; x_wconf 89' lang='lat' dir='ltr'>successu</span> <span class='ocrx_word' id='word_1_51' title='bbox 650 498 756 529; x_wconf 83' lang='lat' dir='ltr'>reddit</span> <span class='ocrx_word' id='word_1_52' title='bbox 779 498 834 537; x_wconf 89' lang='lat' dir='ltr'>qui</span> <span class='ocrx_word' id='word_1_53' title='bbox 858 497 1058 528; x_wconf 80' lang='lat' dir='ltr'>dubitatione</span> 
     </span>
     <span class='ocr_line' id='line_1_8' title="bbox 100 539 1057 587; baseline -0.009 -9"><span class='ocrx_word' id='word_1_54' title='bbox 100 557 215 587; x_wconf 82' lang='lat' dir='ltr'>segnes</span> <span class='ocrx_word' id='word_1_55' title='bbox 248 545 363 584; x_wconf 84' lang='lat' dir='ltr'>alioqui</span> <span class='ocrx_word' id='word_1_56' title='bbox 397 548 510 575; x_wconf 86' lang='lat' dir='ltr'>essent.</span> <span class='ocrx_word' id='word_1_57' title='bbox 565 542 649 572; x_wconf 90' lang='lat' dir='ltr'>Nam</span> <span class='ocrx_word' id='word_1_58' title='bbox 679 541 738 572; x_wconf 84' lang='lat' dir='ltr'>etsi</span> <span class='ocrx_word' id='word_1_59' title='bbox 769 539 966 580; x_wconf 79' lang='lat' dir='ltr'>simplicibus</span> <span class='ocrx_word' id='word_1_60' title='bbox 996 539 1057 570; x_wconf 91' lang='lat' dir='ltr'>Dei</span> 
     </span>
     <span class='ocr_line' id='line_1_9' title="bbox 100 582 1056 627; baseline -0.008 -7"><span class='ocrx_word' id='word_1_61' title='bbox 100 589 196 620; x_wconf 86' lang='lat' dir='ltr'>iussis</span> <span class='ocrx_word' id='word_1_62' title='bbox 230 589 347 627; x_wconf 82' lang='lat' dir='ltr'>absque</span> <span class='ocrx_word' id='word_1_63' title='bbox 370 586 579 617; x_wconf 82' lang='lat' dir='ltr'>haesitatione</span> <span class='ocrx_word' id='word_1_64' title='bbox 602 589 634 614; x_wconf 92' lang='lat' dir='ltr'>et</span> <span class='ocrx_word' id='word_1_65' title='bbox 656 593 746 614; x_wconf 80' lang='lat' dir='ltr'>mora</span> <span class='ocrx_word' id='word_1_66' title='bbox 769 582 1056 622; x_wconf 89' lang='lat' dir='ltr'>obtemperandum</span> 
     </span>
     <span class='ocr_line' id='line_1_10' title="bbox 101 625 1055 664; baseline -0.008 -2"><span class='ocrx_word' id='word_1_67' title='bbox 101 636 164 663; x_wconf 89' lang='lat' dir='ltr'>est:</span> <span class='ocrx_word' id='word_1_68' title='bbox 189 630 330 662; x_wconf 81' lang='lat' dir='ltr'>tarditati</span> <span class='ocrx_word' id='word_1_69' title='bbox 353 634 459 659; x_wconf 88' lang='lat' dir='ltr'>tamen</span> <span class='ocrx_word' id='word_1_70' title='bbox 480 631 606 658; x_wconf 88' lang='lat' dir='ltr'>nostrae</span> <span class='ocrx_word' id='word_1_71' title='bbox 628 626 796 657; x_wconf 87' lang='lat' dir='ltr'>consulere</span> <span class='ocrx_word' id='word_1_72' title='bbox 821 625 952 662; x_wconf 85' lang='lat' dir='ltr'>volens,</span> <span class='ocrx_word' id='word_1_73' title='bbox 984 634 1055 664; x_wconf 89' lang='lat' dir='ltr'>pro-</span> 
     </span>
     <span class='ocr_line' id='line_1_11' title="bbox 100 668 1054 704; baseline -0.007 0"><span class='ocrx_word' id='word_1_74' title='bbox 100 674 201 704; x_wconf 88' lang='lat' dir='ltr'>mittit</span> <span class='ocrx_word' id='word_1_75' title='bbox 223 683 284 703; x_wconf 91' lang='lat' dir='ltr'>non</span> <span class='ocrx_word' id='word_1_76' title='bbox 308 681 405 702; x_wconf 86' lang='lat' dir='ltr'>vanos</span> <span class='ocrx_word' id='word_1_77' title='bbox 428 670 494 701; x_wconf 88' lang='lat' dir='ltr'>fore</span> <span class='ocrx_word' id='word_1_78' title='bbox 524 680 582 700; x_wconf 89' lang='lat' dir='ltr'>nec</span> <span class='ocrx_word' id='word_1_79' title='bbox 611 668 741 699; x_wconf 87' lang='lat' dir='ltr'>inutiles</span> <span class='ocrx_word' id='word_1_80' title='bbox 764 672 890 699; x_wconf 84' lang='lat' dir='ltr'>nostros</span> <span class='ocrx_word' id='word_1_81' title='bbox 913 672 1054 698; x_wconf 85' lang='lat' dir='ltr'>conatus.</span> 
     </span>
     <span class='ocr_line' id='line_1_12' title="bbox 100 711 1056 750; baseline -0.008 -3"><span class='ocrx_word' id='word_1_82' title='bbox 100 717 144 747; x_wconf 87' lang='lat' dir='ltr'>Et</span> <span class='ocrx_word' id='word_1_83' title='bbox 166 720 251 747; x_wconf 90' lang='lat' dir='ltr'>certe</span> <span class='ocrx_word' id='word_1_84' title='bbox 272 714 331 745; x_wconf 91' lang='lat' dir='ltr'>hoc</span> <span class='ocrx_word' id='word_1_85' title='bbox 354 712 500 743; x_wconf 88' lang='lat' dir='ltr'>omnibus</span> <span class='ocrx_word' id='word_1_86' title='bbox 528 711 718 742; x_wconf 81' lang='lat' dir='ltr'>naturaliter</span> <span class='ocrx_word' id='word_1_87' title='bbox 741 715 790 742; x_wconf 89' lang='lat' dir='ltr'>est</span> <span class='ocrx_word' id='word_1_88' title='bbox 812 711 992 750; x_wconf 86' lang='lat' dir='ltr'>ingenitum</span> <span class='ocrx_word' id='word_1_89' title='bbox 1022 716 1056 739; x_wconf 87' lang='lat' dir='ltr'>ut</span> 
     </span>
     <span class='ocr_line' id='line_1_13' title="bbox 100 752 1056 797; baseline -0.006 -8"><span class='ocrx_word' id='word_1_90' title='bbox 100 757 217 789; x_wconf 89' lang='lat' dir='ltr'>fiducia</span> <span class='ocrx_word' id='word_1_91' title='bbox 236 755 378 797; x_wconf 89' lang='lat' dir='ltr'>prosperi</span> <span class='ocrx_word' id='word_1_92' title='bbox 401 755 507 785; x_wconf 84' lang='lat' dir='ltr'>exitus</span> <span class='ocrx_word' id='word_1_93' title='bbox 529 754 569 785; x_wconf 89' lang='lat' dir='ltr'>ad</span> <span class='ocrx_word' id='word_1_94' title='bbox 600 752 759 793; x_wconf 87' lang='lat' dir='ltr'>agendum</span> <span class='ocrx_word' id='word_1_95' title='bbox 782 753 968 783; x_wconf 80' lang='lat' dir='ltr'>incitentur.</span> <span class='ocrx_word' id='word_1_96' title='bbox 1013 753 1056 783; x_wconf 91' lang='lat' dir='ltr'>Ac</span> 
     </span>
     <span class='ocr_line' id='line_1_14' title="bbox 100 796 1055 840; baseline -0.007 -9"><span class='ocrx_word' id='word_1_97' title='bbox 100 800 239 840; x_wconf 83' lang='lat' dir='ltr'>proinde,</span> <span class='ocrx_word' id='word_1_98' title='bbox 262 798 408 839; x_wconf 89' lang='lat' dir='ltr'>quamvis</span> <span class='ocrx_word' id='word_1_99' title='bbox 432 797 520 828; x_wconf 93' lang='lat' dir='ltr'>Deus</span> <span class='ocrx_word' id='word_1_100' title='bbox 543 796 704 827; x_wconf 89' lang='lat' dir='ltr'>interdum</span> <span class='ocrx_word' id='word_1_101' title='bbox 728 806 838 826; x_wconf 86' lang='lat' dir='ltr'>servos</span> <span class='ocrx_word' id='word_1_102' title='bbox 861 805 952 831; x_wconf 88' lang='lat' dir='ltr'>suos,</span> <span class='ocrx_word' id='word_1_103' title='bbox 983 804 1055 834; x_wconf 91' lang='lat' dir='ltr'>pro-</span> 
     </span>
     <span class='ocr_line' id='line_1_15' title="bbox 100 838 1056 881; baseline -0.006 -8"><span class='ocrx_word' id='word_1_104' title='bbox 100 842 221 873; x_wconf 83' lang='lat' dir='ltr'>bandae</span> <span class='ocrx_word' id='word_1_105' title='bbox 248 843 387 881; x_wconf 87' lang='lat' dir='ltr'>ipsorum</span> <span class='ocrx_word' id='word_1_106' title='bbox 416 839 614 871; x_wconf 81' lang='lat' dir='ltr'>obedientiae</span> <span class='ocrx_word' id='word_1_107' title='bbox 645 848 756 875; x_wconf 88' lang='lat' dir='ltr'>causa,</span> <span class='ocrx_word' id='word_1_108' title='bbox 787 848 842 877; x_wconf 89' lang='lat' dir='ltr'>spe</span> <span class='ocrx_word' id='word_1_109' title='bbox 869 838 1056 875; x_wconf 86' lang='lat' dir='ltr'>destituens,</span> 
     </span>
     <span class='ocr_line' id='line_1_16' title="bbox 98 880 1056 925; baseline -0.007 -9"><span class='ocrx_word' id='word_1_110' title='bbox 98 885 238 925; x_wconf 88' lang='lat' dir='ltr'>praecise</span> <span class='ocrx_word' id='word_1_111' title='bbox 260 883 366 914; x_wconf 88' lang='lat' dir='ltr'>iubeat</span> <span class='ocrx_word' id='word_1_112' title='bbox 388 882 446 913; x_wconf 90' lang='lat' dir='ltr'>hoc</span> <span class='ocrx_word' id='word_1_113' title='bbox 469 881 521 913; x_wconf 87' lang='lat' dir='ltr'>vel</span> <span class='ocrx_word' id='word_1_114' title='bbox 543 880 622 912; x_wconf 92' lang='lat' dir='ltr'>illud</span> <span class='ocrx_word' id='word_1_115' title='bbox 647 881 766 912; x_wconf 88' lang='lat' dir='ltr'>facere:</span> <span class='ocrx_word' id='word_1_116' title='bbox 796 880 923 920; x_wconf 90' lang='lat' dir='ltr'>saepius</span> <span class='ocrx_word' id='word_1_117' title='bbox 947 885 1056 910; x_wconf 87' lang='lat' dir='ltr'>tamen</span> 
     </span>
     <span class='ocr_line' id='line_1_17' title="bbox 100 922 1054 964; baseline -0.006 -6"><span class='ocrx_word' id='word_1_118' title='bbox 100 927 223 958; x_wconf 82' lang='lat' dir='ltr'>felicem</span> <span class='ocrx_word' id='word_1_119' title='bbox 257 931 408 957; x_wconf 87' lang='lat' dir='ltr'>eventum</span> <span class='ocrx_word' id='word_1_120' title='bbox 441 923 635 964; x_wconf 85' lang='lat' dir='ltr'>pollicendo,</span> <span class='ocrx_word' id='word_1_121' title='bbox 665 924 901 955; x_wconf 80' lang='lat' dir='ltr'>cunctationem</span> <span class='ocrx_word' id='word_1_122' title='bbox 933 922 1054 953; x_wconf 85' lang='lat' dir='ltr'>eximit.</span> 
     </span>
     <span class='ocr_line' id='line_1_18' title="bbox 100 965 1055 1009; baseline -0.006 -8"><span class='ocrx_word' id='word_1_123' title='bbox 100 969 154 1001; x_wconf 85' lang='lat' dir='ltr'>Sic</span> <span class='ocrx_word' id='word_1_124' title='bbox 176 969 274 1009; x_wconf 87' lang='lat' dir='ltr'>igitur</span> <span class='ocrx_word' id='word_1_125' title='bbox 304 977 387 999; x_wconf 90' lang='lat' dir='ltr'>nunc</span> <span class='ocrx_word' id='word_1_126' title='bbox 412 977 467 1007; x_wconf 89' lang='lat' dir='ltr'>spe</span> <span class='ocrx_word' id='word_1_127' title='bbox 497 966 728 1006; x_wconf 88' lang='lat' dir='ltr'>redemptionis</span> <span class='ocrx_word' id='word_1_128' title='bbox 755 965 919 1006; x_wconf 84' lang='lat' dir='ltr'>proposita</span> <span class='ocrx_word' id='word_1_129' title='bbox 942 965 1055 996; x_wconf 84' lang='lat' dir='ltr'>Mosen</span> 
     </span>
     <span class='ocr_line' id='line_1_19' title="bbox 99 1007 1057 1050; baseline -0.006 -7"><span class='ocrx_word' id='word_1_130' title='bbox 99 1012 138 1043; x_wconf 89' lang='lat' dir='ltr'>ad</span> <span class='ocrx_word' id='word_1_131' title='bbox 160 1012 245 1042; x_wconf 86' lang='lat' dir='ltr'>iussa</span> <span class='ocrx_word' id='word_1_132' title='bbox 268 1009 468 1050; x_wconf 85' lang='lat' dir='ltr'>exsequenda</span> <span class='ocrx_word' id='word_1_133' title='bbox 486 1010 598 1040; x_wconf 81' lang='lat' dir='ltr'>erexit.</span> <span class='ocrx_word' id='word_1_134' title='bbox 633 1007 709 1039; x_wconf 91' lang='lat' dir='ltr'>Ideo</span> <span class='ocrx_word' id='word_1_135' title='bbox 731 1009 844 1048; x_wconf 85' lang='lat' dir='ltr'>copula</span> <span class='ocrx_word' id='word_1_136' title='bbox 868 1009 899 1038; x_wconf 90' lang='lat' dir='ltr'>in</span> <span class='ocrx_word' id='word_1_137' title='bbox 919 1009 1057 1047; x_wconf 87' lang='lat' dir='ltr'>particu-</span> 
     </span>
     <span class='ocr_line' id='line_1_20' title="bbox 98 1050 1056 1091; baseline -0.004 -7"><span class='ocrx_word' id='word_1_138' title='bbox 98 1054 161 1085; x_wconf 87' lang='lat' dir='ltr'>lam</span> <span class='ocrx_word' id='word_1_139' title='bbox 196 1053 351 1084; x_wconf 83' lang='lat' dir='ltr'>illativam</span> <span class='ocrx_word' id='word_1_140' title='bbox 384 1052 501 1083; x_wconf 87' lang='lat' dir='ltr'>resolvi</span> <span class='ocrx_word' id='word_1_141' title='bbox 535 1051 643 1083; x_wconf 88' lang='lat' dir='ltr'>debet:</span> <span class='ocrx_word' id='word_1_142' title='bbox 685 1051 761 1091; x_wconf 87' lang='lat' dir='ltr'>quia</span> <span class='ocrx_word' id='word_1_143' title='bbox 794 1061 811 1081; x_wconf 93' lang='lat' dir='ltr'>a</span> <span class='ocrx_word' id='word_1_144' title='bbox 845 1050 1056 1090; x_wconf 86' lang='lat' dir='ltr'>promissione</span> 
     </span>
     <span class='ocr_line' id='line_1_21' title="bbox 97 1094 850 1134; baseline -0.004 -7"><span class='ocrx_word' id='word_1_145' title='bbox 97 1095 183 1127; x_wconf 89' lang='lat' dir='ltr'>haud</span> <span class='ocrx_word' id='word_1_146' title='bbox 206 1096 299 1126; x_wconf 91' lang='lat' dir='ltr'>dubie</span> <span class='ocrx_word' id='word_1_147' title='bbox 322 1094 437 1134; x_wconf 87' lang='lat' dir='ltr'>pendet</span> <span class='ocrx_word' id='word_1_148' title='bbox 458 1094 646 1125; x_wconf 90' lang='lat' dir='ltr'>mandatum</span> <span class='ocrx_word' id='word_1_149' title='bbox 666 1101 696 1124; x_wconf 86' lang='lat' dir='ltr'>et</span> <span class='ocrx_word' id='word_1_150' title='bbox 720 1094 850 1125; x_wconf 87' lang='lat' dir='ltr'>vocatio.</span> 
     </span>
    </p>

    <p class='ocr_par' dir='ltr' id='par_1_5' title="bbox 93 1136 1056 2498">
     <span class='ocr_line' id='line_1_22' title="bbox 184 1136 1055 1177; baseline -0.003 -9"><span class='ocrx_word' id='word_1_151' title='bbox 184 1138 230 1169; x_wconf 89' lang='lat'>11.</span> <span class='ocrx_word' id='word_1_152' title='bbox 258 1138 333 1177; x_wconf 77' lang='lat' dir='ltr'>Quis</span> <span class='ocrx_word' id='word_1_153' title='bbox 343 1147 412 1169; x_wconf 74' lang='lat' dir='ltr'>sum</span> <span class='ocrx_word' id='word_1_154' title='bbox 430 1147 488 1177; x_wconf 74' lang='lat' dir='ltr'>eyo.</span> <span class='ocrx_word' id='word_1_155' title='bbox 525 1136 618 1176; x_wconf 82' lang='lat' dir='ltr'>Quod</span> <span class='ocrx_word' id='word_1_156' title='bbox 637 1136 865 1168; x_wconf 86' lang='lat' dir='ltr'>imbecillitatis</span> <span class='ocrx_word' id='word_1_157' title='bbox 885 1146 961 1166; x_wconf 88' lang='lat' dir='ltr'>suae</span> <span class='ocrx_word' id='word_1_158' title='bbox 980 1145 1055 1166; x_wconf 90' lang='lat' dir='ltr'>con-</span> 
     </span>
     <span class='ocr_line' id='line_1_23' title="bbox 97 1178 1055 1219; baseline -0.004 -7"><span class='ocrx_word' id='word_1_159' title='bbox 97 1181 187 1218; x_wconf 89' lang='lat' dir='ltr'>scius,</span> <span class='ocrx_word' id='word_1_160' title='bbox 211 1191 244 1211; x_wconf 89' lang='lat' dir='ltr'>se</span> <span class='ocrx_word' id='word_1_161' title='bbox 267 1191 331 1211; x_wconf 89' lang='lat' dir='ltr'>non</span> <span class='ocrx_word' id='word_1_162' title='bbox 351 1190 418 1211; x_wconf 86' lang='lat' dir='ltr'>esse</span> <span class='ocrx_word' id='word_1_163' title='bbox 431 1180 579 1210; x_wconf 91' lang='lat' dir='ltr'>idoneum</span> <span class='ocrx_word' id='word_1_164' title='bbox 599 1178 780 1219; x_wconf 76' lang='lat' dir='ltr'>respondet,</span> <span class='ocrx_word' id='word_1_165' title='bbox 804 1184 899 1218; x_wconf 85' lang='lat' dir='ltr'>atque</span> <span class='ocrx_word' id='word_1_166' title='bbox 918 1178 963 1208; x_wconf 89' lang='lat' dir='ltr'>ita</span> <span class='ocrx_word' id='word_1_167' title='bbox 983 1188 1055 1218; x_wconf 90' lang='lat' dir='ltr'>pro-</span> 
     </span>
     <span class='ocr_line' id='line_1_24' title="bbox 95 1221 1054 1260; baseline -0.004 -6"><span class='ocrx_word' id='word_1_168' title='bbox 95 1224 233 1254; x_wconf 86' lang='lat' dir='ltr'>vinciam</span> <span class='ocrx_word' id='word_1_169' title='bbox 257 1222 428 1260; x_wconf 82' lang='lat' dir='ltr'>detrectat,</span> <span class='ocrx_word' id='word_1_170' title='bbox 462 1222 605 1253; x_wconf 91' lang='lat' dir='ltr'>nondum</span> <span class='ocrx_word' id='word_1_171' title='bbox 634 1221 870 1252; x_wconf 86' lang='lat' dir='ltr'>inobedientiae</span> <span class='ocrx_word' id='word_1_172' title='bbox 900 1222 969 1251; x_wconf 91' lang='lat' dir='ltr'>fieri</span> <span class='ocrx_word' id='word_1_173' title='bbox 999 1230 1054 1260; x_wconf 93' lang='lat' dir='ltr'>po-</span> 
     </span>
     <span class='ocr_line' id='line_1_25' title="bbox 96 1264 1055 1305; baseline -0.003 -9"><span class='ocrx_word' id='word_1_174' title='bbox 96 1271 158 1297; x_wconf 88' lang='lat' dir='ltr'>test</span> <span class='ocrx_word' id='word_1_175' title='bbox 180 1276 261 1296; x_wconf 89' lang='lat' dir='ltr'>reus.</span> <span class='ocrx_word' id='word_1_176' title='bbox 307 1265 510 1305; x_wconf 86' lang='lat' dir='ltr'>Comparatio</span> <span class='ocrx_word' id='word_1_177' title='bbox 533 1265 601 1295; x_wconf 89' lang='lat' dir='ltr'>eius</span> <span class='ocrx_word' id='word_1_178' title='bbox 625 1275 697 1296; x_wconf 90' lang='lat' dir='ltr'>cum</span> <span class='ocrx_word' id='word_1_179' title='bbox 721 1264 891 1295; x_wconf 80' lang='lat' dir='ltr'>Pharaone</span> <span class='ocrx_word' id='word_1_180' title='bbox 916 1264 1055 1304; x_wconf 87' lang='lat' dir='ltr'>augebat</span> 
     </span>
     <span class='ocr_line' id='line_1_26' title="bbox 96 1306 1055 1348; baseline -0.003 -9"><span class='ocrx_word' id='word_1_181' title='bbox 96 1307 262 1340; x_wconf 85' lang='lat' dir='ltr'>recusandi</span> <span class='ocrx_word' id='word_1_182' title='bbox 285 1312 496 1348; x_wconf 86' lang='lat' dir='ltr'>praetextum.</span> <span class='ocrx_word' id='word_1_183' title='bbox 542 1307 718 1338; x_wconf 86' lang='lat' dir='ltr'>Modestiae</span> <span class='ocrx_word' id='word_1_184' title='bbox 741 1308 850 1346; x_wconf 89' lang='lat' dir='ltr'>itaque</span> <span class='ocrx_word' id='word_1_185' title='bbox 872 1313 904 1337; x_wconf 91' lang='lat' dir='ltr'>et</span> <span class='ocrx_word' id='word_1_186' title='bbox 928 1306 1055 1336; x_wconf 87' lang='lat' dir='ltr'>humili-</span> 
     </span>
     <span class='ocr_line' id='line_1_27' title="bbox 97 1349 1053 1389; baseline -0.002 -8"><span class='ocrx_word' id='word_1_187' title='bbox 97 1350 171 1382; x_wconf 88' lang='lat' dir='ltr'>tatis</span> <span class='ocrx_word' id='word_1_188' title='bbox 201 1349 325 1381; x_wconf 83' lang='lat' dir='ltr'>videtur</span> <span class='ocrx_word' id='word_1_189' title='bbox 358 1360 426 1381; x_wconf 87' lang='lat' dir='ltr'>esse</span> <span class='ocrx_word' id='word_1_190' title='bbox 454 1349 533 1381; x_wconf 86' lang='lat' dir='ltr'>haec</span> <span class='ocrx_word' id='word_1_191' title='bbox 564 1350 736 1381; x_wconf 80' lang='lat' dir='ltr'>excusatio.</span> <span class='ocrx_word' id='word_1_192' title='bbox 782 1350 853 1389; x_wconf 86' lang='lat' dir='ltr'>Ego</span> <span class='ocrx_word' id='word_1_193' title='bbox 881 1354 966 1380; x_wconf 88' lang='lat' dir='ltr'>certe</span> <span class='ocrx_word' id='word_1_194' title='bbox 989 1358 1053 1379; x_wconf 89' lang='lat' dir='ltr'>non</span> 
     </span>
     <span class='ocr_line' id='line_1_28' title="bbox 96 1392 1052 1433; baseline -0.003 -9"><span class='ocrx_word' id='word_1_195' title='bbox 96 1393 189 1424; x_wconf 91' lang='lat' dir='ltr'>modo</span> <span class='ocrx_word' id='word_1_196' title='bbox 212 1393 303 1433; x_wconf 90' lang='lat' dir='ltr'>culpa</span> <span class='ocrx_word' id='word_1_197' title='bbox 325 1403 446 1430; x_wconf 88' lang='lat' dir='ltr'>vacare,</span> <span class='ocrx_word' id='word_1_198' title='bbox 469 1392 524 1423; x_wconf 87' lang='lat' dir='ltr'>sed</span> <span class='ocrx_word' id='word_1_199' title='bbox 548 1392 641 1423; x_wconf 90' lang='lat' dir='ltr'>laude</span> <span class='ocrx_word' id='word_1_200' title='bbox 665 1392 796 1432; x_wconf 80' lang='lat' dir='ltr'>dignam</span> <span class='ocrx_word' id='word_1_201' title='bbox 820 1402 888 1423; x_wconf 86' lang='lat' dir='ltr'>esse</span> <span class='ocrx_word' id='word_1_202' title='bbox 907 1392 1052 1422; x_wconf 75' lang='lat' dir='ltr'>arbitror.</span> 
     </span>
     <span class='ocr_line' id='line_1_29' title="bbox 96 1434 1053 1475; baseline -0.001 -9"><span class='ocrx_word' id='word_1_203' title='bbox 96 1435 162 1467; x_wconf 88' lang='lat' dir='ltr'>Nec</span> <span class='ocrx_word' id='word_1_204' title='bbox 192 1435 295 1466; x_wconf 80' lang='lat' dir='ltr'>obstat</span> <span class='ocrx_word' id='word_1_205' title='bbox 325 1435 409 1475; x_wconf 91' lang='lat' dir='ltr'>quod</span> <span class='ocrx_word' id='word_1_206' title='bbox 438 1435 544 1466; x_wconf 90' lang='lat' dir='ltr'>Deum</span> <span class='ocrx_word' id='word_1_207' title='bbox 574 1435 635 1467; x_wconf 88' lang='lat' dir='ltr'>sibi</span> <span class='ocrx_word' id='word_1_208' title='bbox 664 1441 811 1466; x_wconf 88' lang='lat' dir='ltr'>autorem</span> <span class='ocrx_word' id='word_1_209' title='bbox 841 1434 961 1466; x_wconf 87' lang='lat' dir='ltr'>sciebat</span> <span class='ocrx_word' id='word_1_210' title='bbox 984 1444 1053 1465; x_wconf 88' lang='lat' dir='ltr'>esse</span> 
     </span>
     <span class='ocr_line' id='line_1_30' title="bbox 96 1475 1053 1518; baseline -0.001 -10"><span class='ocrx_word' id='word_1_211' title='bbox 96 1482 161 1509; x_wconf 88' lang='lat' dir='ltr'>tam</span> <span class='ocrx_word' id='word_1_212' title='bbox 191 1477 281 1508; x_wconf 89' lang='lat' dir='ltr'>ardui</span> <span class='ocrx_word' id='word_1_213' title='bbox 309 1478 420 1518; x_wconf 83' lang='lat' dir='ltr'>operis.</span> <span class='ocrx_word' id='word_1_214' title='bbox 465 1478 606 1509; x_wconf 87' lang='lat' dir='ltr'>Miratur</span> <span class='ocrx_word' id='word_1_215' title='bbox 634 1478 736 1514; x_wconf 89' lang='lat' dir='ltr'>enim,</span> <span class='ocrx_word' id='word_1_216' title='bbox 770 1476 899 1516; x_wconf 91' lang='lat' dir='ltr'>quando</span> <span class='ocrx_word' id='word_1_217' title='bbox 928 1476 961 1507; x_wconf 87' lang='lat' dir='ltr'>in</span> <span class='ocrx_word' id='word_1_218' title='bbox 990 1475 1053 1507; x_wconf 84' lang='lat' dir='ltr'>Dei</span> 
     </span>
     <span class='ocr_line' id='line_1_31' title="bbox 97 1518 1052 1560; baseline -0.001 -9"><span class='ocrx_word' id='word_1_219' title='bbox 97 1532 192 1551; x_wconf 77' lang='lat' dir='ltr'>manu</span> <span class='ocrx_word' id='word_1_220' title='bbox 214 1525 261 1551; x_wconf 91' lang='lat' dir='ltr'>tot</span> <span class='ocrx_word' id='word_1_221' title='bbox 283 1526 358 1551; x_wconf 88' lang='lat' dir='ltr'>sunt</span> <span class='ocrx_word' id='word_1_222' title='bbox 381 1520 489 1559; x_wconf 89' lang='lat' dir='ltr'>millia,</span> <span class='ocrx_word' id='word_1_223' title='bbox 512 1531 575 1551; x_wconf 92' lang='lat' dir='ltr'>non</span> <span class='ocrx_word' id='word_1_224' title='bbox 599 1520 698 1551; x_wconf 89' lang='lat' dir='ltr'>alium</span> <span class='ocrx_word' id='word_1_225' title='bbox 721 1521 826 1560; x_wconf 91' lang='lat' dir='ltr'>potius</span> <span class='ocrx_word' id='word_1_226' title='bbox 851 1520 955 1559; x_wconf 85' lang='lat' dir='ltr'>deligi.</span> <span class='ocrx_word' id='word_1_227' title='bbox 988 1518 1052 1550; x_wconf 77' lang='lat' dir='ltr'>Sed</span> 
     </span>
     <span class='ocr_line' id='line_1_32' title="bbox 97 1563 1052 1603; baseline -0.001 -10"><span class='ocrx_word' id='word_1_228' title='bbox 97 1563 159 1594; x_wconf 87' lang='lat' dir='ltr'>alia</span> <span class='ocrx_word' id='word_1_229' title='bbox 181 1563 324 1594; x_wconf 89' lang='lat' dir='ltr'>nascitur</span> <span class='ocrx_word' id='word_1_230' title='bbox 346 1563 494 1603; x_wconf 82' lang='lat' dir='ltr'>quaestio,</span> <span class='ocrx_word' id='word_1_231' title='bbox 528 1574 584 1594; x_wconf 89' lang='lat' dir='ltr'>cur</span> <span class='ocrx_word' id='word_1_232' title='bbox 607 1574 693 1594; x_wconf 90' lang='lat' dir='ltr'>nunc</span> <span class='ocrx_word' id='word_1_233' title='bbox 716 1563 826 1593; x_wconf 85' lang='lat' dir='ltr'>timide</span> <span class='ocrx_word' id='word_1_234' title='bbox 849 1563 995 1594; x_wconf 87' lang='lat' dir='ltr'>sufficere</span> <span class='ocrx_word' id='word_1_235' title='bbox 1019 1573 1052 1592; x_wconf 88' lang='lat' dir='ltr'>se</span> 
     </span>
     <span class='ocr_line' id='line_1_33' title="bbox 97 1605 1053 1646; baseline -0.001 -10"><span class='ocrx_word' id='word_1_236' title='bbox 97 1612 191 1645; x_wconf 88' lang='lat' dir='ltr'>neget</span> <span class='ocrx_word' id='word_1_237' title='bbox 224 1605 262 1636; x_wconf 90' lang='lat' dir='ltr'>ad</span> <span class='ocrx_word' id='word_1_238' title='bbox 298 1605 498 1637; x_wconf 86' lang='lat' dir='ltr'>liberandum</span> <span class='ocrx_word' id='word_1_239' title='bbox 535 1606 705 1646; x_wconf 85' lang='lat' dir='ltr'>populum,</span> <span class='ocrx_word' id='word_1_240' title='bbox 751 1606 803 1644; x_wconf 91' lang='lat' dir='ltr'>qui</span> <span class='ocrx_word' id='word_1_241' title='bbox 838 1605 1053 1645; x_wconf 80' lang='lat' dir='ltr'>quadraginta</span> 
     </span>
     <span class='ocr_line' id='line_1_34' title="bbox 95 1647 1052 1688; baseline 0 -10"><span class='ocrx_word' id='word_1_242' title='bbox 95 1654 170 1678; x_wconf 86' lang='lat' dir='ltr'>ante</span> <span class='ocrx_word' id='word_1_243' title='bbox 192 1649 283 1678; x_wconf 89' lang='lat' dir='ltr'>annis</span> <span class='ocrx_word' id='word_1_244' title='bbox 312 1648 388 1679; x_wconf 89' lang='lat' dir='ltr'>adeo</span> <span class='ocrx_word' id='word_1_245' title='bbox 416 1653 584 1688; x_wconf 87' lang='lat' dir='ltr'>promptus</span> <span class='ocrx_word' id='word_1_246' title='bbox 612 1648 716 1679; x_wconf 87' lang='lat' dir='ltr'>fuerat</span> <span class='ocrx_word' id='word_1_247' title='bbox 737 1648 770 1678; x_wconf 91' lang='lat' dir='ltr'>in</span> <span class='ocrx_word' id='word_1_248' title='bbox 794 1647 966 1679; x_wconf 89' lang='lat' dir='ltr'>occidendo</span> <span class='ocrx_word' id='word_1_249' title='bbox 989 1648 1052 1678; x_wconf 87' lang='lat' dir='ltr'>Ae—</span> 
     </span>
     <span class='ocr_line' id='line_1_35' title="bbox 95 1690 1052 1731; baseline 0 -11"><span class='ocrx_word' id='word_1_250' title='bbox 95 1691 221 1731; x_wconf 87' lang='lat' dir='ltr'>gyptio:</span> <span class='ocrx_word' id='word_1_251' title='bbox 256 1690 331 1721; x_wconf 88' lang='lat' dir='ltr'>dum</span> <span class='ocrx_word' id='word_1_252' title='bbox 355 1691 517 1722; x_wconf 87' lang='lat' dir='ltr'>vocatione</span> <span class='ocrx_word' id='word_1_253' title='bbox 540 1691 601 1722; x_wconf 92' lang='lat' dir='ltr'>Dei</span> <span class='ocrx_word' id='word_1_254' title='bbox 624 1691 726 1722; x_wconf 89' lang='lat' dir='ltr'>fretus</span> <span class='ocrx_word' id='word_1_255' title='bbox 749 1697 814 1721; x_wconf 89' lang='lat' dir='ltr'>tam</span> <span class='ocrx_word' id='word_1_256' title='bbox 838 1690 1052 1730; x_wconf 89' lang='lat' dir='ltr'>periculosum</span> 
     </span>
     <span class='ocr_line' id='line_1_36' title="bbox 95 1733 1052 1774; baseline 0 -11"><span class='ocrx_word' id='word_1_257' title='bbox 95 1733 219 1764; x_wconf 82' lang='lat' dir='ltr'>facinus</span> <span class='ocrx_word' id='word_1_258' title='bbox 242 1743 338 1764; x_wconf 86' lang='lat' dir='ltr'>ausus</span> <span class='ocrx_word' id='word_1_259' title='bbox 360 1739 417 1765; x_wconf 87' lang='lat' dir='ltr'>est.</span> <span class='ocrx_word' id='word_1_260' title='bbox 461 1733 617 1774; x_wconf 88' lang='lat' dir='ltr'>Vigorem</span> <span class='ocrx_word' id='word_1_261' title='bbox 649 1734 752 1773; x_wconf 89' lang='lat' dir='ltr'>ipsius</span> <span class='ocrx_word' id='word_1_262' title='bbox 775 1734 864 1764; x_wconf 89' lang='lat' dir='ltr'>senio</span> <span class='ocrx_word' id='word_1_263' title='bbox 889 1733 1052 1763; x_wconf 83' lang='lat' dir='ltr'>refrixisse</span> 
     </span>
     <span class='ocr_line' id='line_1_37' title="bbox 96 1775 1052 1817; baseline -0.002 -10"><span class='ocrx_word' id='word_1_264' title='bbox 96 1775 201 1817; x_wconf 87' lang='lat' dir='ltr'>(sicuti</span> <span class='ocrx_word' id='word_1_265' title='bbox 224 1776 411 1807; x_wconf 88' lang='lat' dir='ltr'>naturaliter</span> <span class='ocrx_word' id='word_1_266' title='bbox 436 1776 549 1807; x_wconf 87' lang='lat' dir='ltr'>fervidi</span> <span class='ocrx_word' id='word_1_267' title='bbox 572 1781 649 1807; x_wconf 85' lang='lat' dir='ltr'>sunt</span> <span class='ocrx_word' id='word_1_268' title='bbox 669 1777 811 1814; x_wconf 81' lang='lat' dir='ltr'>iuvenes,</span> <span class='ocrx_word' id='word_1_269' title='bbox 833 1782 922 1807; x_wconf 86' lang='lat' dir='ltr'>aetas</span> <span class='ocrx_word' id='word_1_270' title='bbox 944 1780 1052 1806; x_wconf 90' lang='lat' dir='ltr'>autem</span> 
     </span>
     <span class='ocr_line' id='line_1_38' title="bbox 93 1818 1052 1860; baseline 0 -12"><span class='ocrx_word' id='word_1_271' title='bbox 93 1818 196 1858; x_wconf 86' lang='lat' dir='ltr'>frigus</span> <span class='ocrx_word' id='word_1_272' title='bbox 218 1822 249 1849; x_wconf 89' lang='lat' dir='ltr'>et</span> <span class='ocrx_word' id='word_1_273' title='bbox 271 1818 506 1850; x_wconf 88' lang='lat' dir='ltr'>cunctationem</span> <span class='ocrx_word' id='word_1_274' title='bbox 529 1818 635 1860; x_wconf 88' lang='lat' dir='ltr'>affert)</span> <span class='ocrx_word' id='word_1_275' title='bbox 655 1818 817 1858; x_wconf 89' lang='lat' dir='ltr'>probabile</span> <span class='ocrx_word' id='word_1_276' title='bbox 836 1829 900 1849; x_wconf 90' lang='lat' dir='ltr'>non</span> <span class='ocrx_word' id='word_1_277' title='bbox 912 1818 1052 1849; x_wconf 91' lang='lat' dir='ltr'>videtur.</span> 
     </span>
     <span class='ocr_line' id='line_1_39' title="bbox 98 1859 1052 1901; baseline 0 -10"><span class='ocrx_word' id='word_1_278' title='bbox 98 1859 162 1892; x_wconf 86' lang='lat' dir='ltr'>Sed</span> <span class='ocrx_word' id='word_1_279' title='bbox 196 1860 257 1891; x_wconf 89' lang='lat' dir='ltr'>alio</span> <span class='ocrx_word' id='word_1_280' title='bbox 290 1861 368 1892; x_wconf 88' lang='lat' dir='ltr'>vitio</span> <span class='ocrx_word' id='word_1_281' title='bbox 401 1861 560 1893; x_wconf 88' lang='lat' dir='ltr'>laborasse</span> <span class='ocrx_word' id='word_1_282' title='bbox 595 1866 742 1901; x_wconf 88' lang='lat' dir='ltr'>apparet,</span> <span class='ocrx_word' id='word_1_283' title='bbox 777 1861 859 1901; x_wconf 84' lang='lat' dir='ltr'>quod</span> <span class='ocrx_word' id='word_1_284' title='bbox 896 1861 1052 1901; x_wconf 91' lang='lat' dir='ltr'>principio</span> 
     </span>
     <span class='ocr_line' id='line_1_40' title="bbox 94 1903 1052 1943; baseline 0 -10"><span class='ocrx_word' id='word_1_285' title='bbox 94 1913 158 1934; x_wconf 91' lang='lat' dir='ltr'>non</span> <span class='ocrx_word' id='word_1_286' title='bbox 181 1904 259 1934; x_wconf 78' lang='lat' dir='ltr'>satis</span> <span class='ocrx_word' id='word_1_287' title='bbox 281 1914 313 1934; x_wconf 86' lang='lat' dir='ltr'>se</span> <span class='ocrx_word' id='word_1_288' title='bbox 336 1904 440 1943; x_wconf 90' lang='lat' dir='ltr'>ipsum</span> <span class='ocrx_word' id='word_1_289' title='bbox 464 1904 640 1941; x_wconf 82' lang='lat' dir='ltr'>excutiens,</span> <span class='ocrx_word' id='word_1_290' title='bbox 664 1914 767 1943; x_wconf 85' lang='lat' dir='ltr'>neque</span> <span class='ocrx_word' id='word_1_291' title='bbox 791 1903 959 1935; x_wconf 79' lang='lat' dir='ltr'>facultates</span> <span class='ocrx_word' id='word_1_292' title='bbox 978 1914 1052 1934; x_wconf 86' lang='lat' dir='ltr'>suas</span> 
     </span>
     <span class='ocr_line' id='line_1_41' title="bbox 95 1945 1052 1987; baseline 0 -11"><span class='ocrx_word' id='word_1_293' title='bbox 95 1945 144 1976; x_wconf 91' lang='lat' dir='ltr'>vel</span> <span class='ocrx_word' id='word_1_294' title='bbox 169 1946 285 1986; x_wconf 82' lang='lat' dir='ltr'>negotii</span> <span class='ocrx_word' id='word_1_295' title='bbox 309 1946 561 1987; x_wconf 84' lang='lat' dir='ltr'>magnitudinem</span> <span class='ocrx_word' id='word_1_296' title='bbox 584 1947 767 1983; x_wconf 84' lang='lat' dir='ltr'>aestimans,</span> <span class='ocrx_word' id='word_1_297' title='bbox 790 1946 957 1978; x_wconf 87' lang='lat' dir='ltr'>confestim</span> <span class='ocrx_word' id='word_1_298' title='bbox 981 1957 1052 1986; x_wconf 90' lang='lat' dir='ltr'>pro-</span> 
     </span>
     <span class='ocr_line' id='line_1_42' title="bbox 94 1987 1053 2029; baseline 0.001 -11"><span class='ocrx_word' id='word_1_299' title='bbox 94 1988 226 2027; x_wconf 88' lang='lat' dir='ltr'>peravit.</span> <span class='ocrx_word' id='word_1_300' title='bbox 277 1987 467 2029; x_wconf 75' lang='lat' dir='ltr'>Quanquam</span> <span class='ocrx_word' id='word_1_301' title='bbox 498 1994 605 2020; x_wconf 90' lang='lat' dir='ltr'>autem</span> <span class='ocrx_word' id='word_1_302' title='bbox 640 1989 734 2020; x_wconf 86' lang='lat' dir='ltr'>laude</span> <span class='ocrx_word' id='word_1_303' title='bbox 768 1989 867 2029; x_wconf 83' lang='lat' dir='ltr'>digna</span> <span class='ocrx_word' id='word_1_304' title='bbox 900 1994 948 2019; x_wconf 90' lang='lat' dir='ltr'>est</span> <span class='ocrx_word' id='word_1_305' title='bbox 980 1989 1053 2019; x_wconf 89' lang='lat' dir='ltr'>talis</span> 
     </span>
     <span class='ocr_line' id='line_1_43' title="bbox 96 2031 1053 2071; baseline 0.002 -11"><span class='ocrx_word' id='word_1_306' title='bbox 96 2031 265 2068; x_wconf 88' lang='lat' dir='ltr'>festinatio,</span> <span class='ocrx_word' id='word_1_307' title='bbox 289 2042 383 2071; x_wconf 87' lang='lat' dir='ltr'>saepe</span> <span class='ocrx_word' id='word_1_308' title='bbox 396 2038 502 2063; x_wconf 90' lang='lat' dir='ltr'>tamen</span> <span class='ocrx_word' id='word_1_309' title='bbox 526 2032 559 2062; x_wconf 91' lang='lat' dir='ltr'>in</span> <span class='ocrx_word' id='word_1_310' title='bbox 583 2032 687 2063; x_wconf 90' lang='lat' dir='ltr'>medio</span> <span class='ocrx_word' id='word_1_311' title='bbox 700 2043 796 2063; x_wconf 88' lang='lat' dir='ltr'>eursu</span> <span class='ocrx_word' id='word_1_312' title='bbox 816 2032 1053 2071; x_wconf 82' lang='lat' dir='ltr'>deficit,quem-</span> 
     </span>
     <span class='ocr_line' id='line_1_44' title="bbox 96 2073 1053 2114; baseline 0.001 -11"><span class='ocrx_word' id='word_1_313' title='bbox 96 2073 265 2104; x_wconf 89' lang='lat' dir='ltr'>admodum</span> <span class='ocrx_word' id='word_1_314' title='bbox 305 2074 427 2106; x_wconf 87' lang='lat' dir='ltr'>fructus</span> <span class='ocrx_word' id='word_1_315' title='bbox 466 2085 633 2114; x_wconf 87' lang='lat' dir='ltr'>praecoces</span> <span class='ocrx_word' id='word_1_316' title='bbox 674 2075 725 2105; x_wconf 90' lang='lat' dir='ltr'>vel</span> <span class='ocrx_word' id='word_1_317' title='bbox 759 2074 798 2105; x_wconf 90' lang='lat' dir='ltr'>ad</span> <span class='ocrx_word' id='word_1_318' title='bbox 834 2075 1053 2105; x_wconf 89' lang='lat' dir='ltr'>maturitatem</span> 
     </span>
     <span class='ocr_line' id='line_1_45' title="bbox 98 2116 1055 2157; baseline 0.002 -12"><span class='ocrx_word' id='word_1_319' title='bbox 98 2125 159 2146; x_wconf 91' lang='lat' dir='ltr'>non</span> <span class='ocrx_word' id='word_1_320' title='bbox 182 2116 382 2155; x_wconf 83' lang='lat' dir='ltr'>perveniunt,</span> <span class='ocrx_word' id='word_1_321' title='bbox 413 2117 465 2147; x_wconf 90' lang='lat' dir='ltr'>vel</span> <span class='ocrx_word' id='word_1_322' title='bbox 488 2127 551 2148; x_wconf 93' lang='lat' dir='ltr'>non</span> <span class='ocrx_word' id='word_1_323' title='bbox 571 2117 624 2148; x_wconf 88' lang='lat' dir='ltr'>diu</span> <span class='ocrx_word' id='word_1_324' title='bbox 649 2122 849 2157; x_wconf 87' lang='lat' dir='ltr'>permanent.</span> <span class='ocrx_word' id='word_1_325' title='bbox 895 2116 1055 2156; x_wconf 77' lang='lat' dir='ltr'>Quamvis</span> 
     </span>
     <span class='ocr_line' id='line_1_46' title="bbox 98 2159 1056 2199; baseline 0.002 -11"><span class='ocrx_word' id='word_1_326' title='bbox 98 2168 171 2197; x_wconf 80' lang='lat' dir='ltr'>ergo</span> <span class='ocrx_word' id='word_1_327' title='bbox 194 2168 365 2198; x_wconf 86' lang='lat' dir='ltr'>generosae</span> <span class='ocrx_word' id='word_1_328' title='bbox 395 2159 511 2190; x_wconf 91' lang='lat' dir='ltr'>indolis</span> <span class='ocrx_word' id='word_1_329' title='bbox 533 2160 695 2199; x_wconf 87' lang='lat' dir='ltr'>specimen</span> <span class='ocrx_word' id='word_1_330' title='bbox 726 2160 911 2199; x_wconf 88' lang='lat' dir='ltr'>praebuerit</span> <span class='ocrx_word' id='word_1_331' title='bbox 939 2160 1056 2197; x_wconf 84' lang='lat' dir='ltr'>Moses,</span> 
     </span>
     <span class='ocr_line' id='line_1_47' title="bbox 98 2200 1054 2242; baseline 0.002 -12"><span class='ocrx_word' id='word_1_332' title='bbox 98 2210 195 2238; x_wconf 88' lang='lat' dir='ltr'>quum</span> <span class='ocrx_word' id='word_1_333' title='bbox 235 2200 304 2232; x_wconf 92' lang='lat' dir='ltr'>Deo</span> <span class='ocrx_word' id='word_1_334' title='bbox 344 2212 433 2233; x_wconf 89' lang='lat' dir='ltr'>suam</span> <span class='ocrx_word' id='word_1_335' title='bbox 470 2213 599 2242; x_wconf 84' lang='lat' dir='ltr'>operam</span> <span class='ocrx_word' id='word_1_336' title='bbox 645 2202 837 2233; x_wconf 85' lang='lat' dir='ltr'>festinanter</span> <span class='ocrx_word' id='word_1_337' title='bbox 881 2202 1054 2242; x_wconf 86' lang='lat' dir='ltr'>impendit:</span> 
     </span>
     <span class='ocr_line' id='line_1_48' title="bbox 99 2241 1055 2284; baseline 0.003 -13"><span class='ocrx_word' id='word_1_338' title='bbox 99 2241 236 2273; x_wconf 88' lang='lat' dir='ltr'>nondum</span> <span class='ocrx_word' id='word_1_339' title='bbox 266 2248 373 2275; x_wconf 90' lang='lat' dir='ltr'>tamen</span> <span class='ocrx_word' id='word_1_340' title='bbox 404 2255 441 2276; x_wconf 86' lang='lat' dir='ltr'>ea</span> <span class='ocrx_word' id='word_1_341' title='bbox 469 2245 646 2276; x_wconf 88' lang='lat' dir='ltr'>constantia</span> <span class='ocrx_word' id='word_1_342' title='bbox 670 2246 845 2276; x_wconf 86' lang='lat' dir='ltr'>instructus</span> <span class='ocrx_word' id='word_1_343' title='bbox 876 2250 945 2276; x_wconf 89' lang='lat' dir='ltr'>crat</span> <span class='ocrx_word' id='word_1_344' title='bbox 974 2255 1055 2284; x_wconf 83' lang='lat' dir='ltr'>quae</span> 
     </span>
     <span class='ocr_line' id='line_1_49' title="bbox 99 2285 1053 2331; baseline 0.004 -18"><span class='ocrx_word' id='word_1_345' title='bbox 99 2294 171 2331; x_wconf 72' lang='lat' dir='ltr'>enm</span> <span class='ocrx_word' id='word_1_346' title='bbox 199 2285 237 2315; x_wconf 93' lang='lat' dir='ltr'>ad</span> <span class='ocrx_word' id='word_1_347' title='bbox 267 2286 363 2317; x_wconf 87' lang='lat' dir='ltr'>finem</span> <span class='ocrx_word' id='word_1_348' title='bbox 394 2298 494 2327; x_wconf 86' lang='lat' dir='ltr'>usque</span> <span class='ocrx_word' id='word_1_349' title='bbox 521 2288 659 2319; x_wconf 88' lang='lat' dir='ltr'>fulciret:</span> <span class='ocrx_word' id='word_1_350' title='bbox 699 2288 773 2327; x_wconf 88' lang='lat' dir='ltr'>quia</span> <span class='ocrx_word' id='word_1_351' title='bbox 803 2287 881 2319; x_wconf 88' lang='lat' dir='ltr'>fides</span> <span class='ocrx_word' id='word_1_352' title='bbox 910 2298 991 2327; x_wconf 88' lang='lat' dir='ltr'>quae</span> <span class='ocrx_word' id='word_1_353' title='bbox 1021 2288 1053 2318; x_wconf 88' lang='lat' dir='ltr'>in</span> 
     </span>
     <span class='ocr_line' id='line_1_50' title="bbox 99 2326 1054 2374; baseline 0.004 -18"><span class='ocrx_word' id='word_1_354' title='bbox 99 2337 166 2374; x_wconf 80' lang='lat' dir='ltr'>ems</span> <span class='ocrx_word' id='word_1_355' title='bbox 189 2326 281 2358; x_wconf 91' lang='lat' dir='ltr'>corde</span> <span class='ocrx_word' id='word_1_356' title='bbox 303 2328 444 2367; x_wconf 86' lang='lat' dir='ltr'>florebat,</span> <span class='ocrx_word' id='word_1_357' title='bbox 467 2330 608 2361; x_wconf 92' lang='lat' dir='ltr'>nondum</span> <span class='ocrx_word' id='word_1_358' title='bbox 633 2336 741 2371; x_wconf 84' lang='lat' dir='ltr'>egerat</span> <span class='ocrx_word' id='word_1_359' title='bbox 763 2331 841 2361; x_wconf 83' lang='lat' dir='ltr'>satis</span> <span class='ocrx_word' id='word_1_360' title='bbox 860 2329 1054 2370; x_wconf 80' lang='lat' dir='ltr'>profundam</span> 
     </span>
     <span class='ocr_line' id='line_1_51' title="bbox 99 2368 1054 2417; baseline 0.005 -19"><span class='ocrx_word' id='word_1_361' title='bbox 99 2368 246 2417; x_wconf 56' lang='lat' dir='ltr'>radicem,</span> <span class='ocrx_word' id='word_1_362' title='bbox 270 2380 327 2400; x_wconf 86' lang='lat' dir='ltr'>nec</span> <span class='ocrx_word' id='word_1_363' title='bbox 345 2371 411 2410; x_wconf 90' lang='lat' dir='ltr'>ipse</span> <span class='ocrx_word' id='word_1_364' title='bbox 433 2373 561 2411; x_wconf 87' lang='lat' dir='ltr'>penitus</span> <span class='ocrx_word' id='word_1_365' title='bbox 580 2374 823 2404; x_wconf 78' lang='lat' dir='ltr'>examinaverat</span> <span class='ocrx_word' id='word_1_366' title='bbox 842 2373 917 2413; x_wconf 88' lang='lat' dir='ltr'>quid</span> <span class='ocrx_word' id='word_1_367' title='bbox 937 2378 1054 2412; x_wconf 88' lang='lat' dir='ltr'>posset.</span> 
     </span>
     <span class='ocr_line' id='line_1_52' title="bbox 100 2411 1054 2459; baseline 0.004 -18"><span class='ocrx_word' id='word_1_368' title='bbox 100 2411 212 2459; x_wconf 80' lang='lat' dir='ltr'>Itaque</span> <span class='ocrx_word' id='word_1_369' title='bbox 235 2423 267 2441; x_wconf 91' lang='lat' dir='ltr'>1n</span> <span class='ocrx_word' id='word_1_370' title='bbox 296 2422 363 2443; x_wconf 87' lang='lat' dir='ltr'>rem</span> <span class='ocrx_word' id='word_1_371' title='bbox 393 2422 594 2454; x_wconf 82' lang='lat' dir='ltr'>praesentem</span> <span class='ocrx_word' id='word_1_372' title='bbox 622 2415 779 2447; x_wconf 87' lang='lat' dir='ltr'>adductus</span> <span class='ocrx_word' id='word_1_373' title='bbox 810 2415 966 2455; x_wconf 82' lang='lat' dir='ltr'>trepidat,</span> <span class='ocrx_word' id='word_1_374' title='bbox 1000 2416 1054 2455; x_wconf 88' lang='lat' dir='ltr'>qui</span> 
     </span>
     <span class='ocr_line' id='line_1_53' title="bbox 100 2453 1054 2498; baseline 0.005 -15"><span class='ocrx_word' id='word_1_375' title='bbox 100 2453 285 2485; x_wconf 81' lang='lat' dir='ltr'>difficultate</span> <span class='ocrx_word' id='word_1_376' title='bbox 318 2455 459 2487; x_wconf 90' lang='lat' dir='ltr'>nondum</span> <span class='ocrx_word' id='word_1_377' title='bbox 497 2465 662 2498; x_wconf 87' lang='lat' dir='ltr'>perspecta</span> <span class='ocrx_word' id='word_1_378' title='bbox 696 2459 801 2489; x_wconf 88' lang='lat' dir='ltr'>fuerat</span> <span class='ocrx_word' id='word_1_379' title='bbox 833 2458 1054 2489; x_wconf 88' lang='lat' dir='ltr'>confidentior.</span> 
     </span>
    </p>
   </div>
   <div class='ocr_carea' id='block_1_5' title="bbox 99 2495 1081 2539">
    <p class='ocr_par' dir='ltr' id='par_1_6' title="bbox 99 2495 1081 2539">
     <span class='ocr_line' id='line_1_54' title="bbox 99 2495 1081 2539; baseline 0.006 -14"><span class='ocrx_word' id='word_1_380' title='bbox 99 2495 151 2526; x_wconf 86' lang='lat' dir='ltr'>Ita</span> <span class='ocrx_word' id='word_1_381' title='bbox 180 2495 319 2536; x_wconf 89' lang='lat' dir='ltr'>quotidie</span> <span class='ocrx_word' id='word_1_382' title='bbox 357 2508 429 2535; x_wconf 91' lang='lat' dir='ltr'>nos,</span> <span class='ocrx_word' id='word_1_383' title='bbox 468 2500 521 2539; x_wconf 93' lang='lat' dir='ltr'>qui</span> <span class='ocrx_word' id='word_1_384' title='bbox 561 2506 653 2531; x_wconf 88' lang='lat' dir='ltr'>extra</span> <span class='ocrx_word' id='word_1_385' title='bbox 686 2501 824 2531; x_wconf 91' lang='lat' dir='ltr'>telorum</span> <span class='ocrx_word' id='word_1_386' title='bbox 855 2501 973 2531; x_wconf 89' lang='lat' dir='ltr'>iactum</span> <span class='ocrx_word' id='word_1_387' title='bbox 1009 2501 1081 2531; x_wconf 53' lang='lat' dir='ltr'>vi-›</span> 
     </span>
    </p>
   </div>
   <div class='ocr_carea' id='block_1_6' title="bbox 99 2537 1054 2666">
    <p class='ocr_par' dir='ltr' id='par_1_7' title="bbox 99 2537 1054 2666">
     <span class='ocr_line' id='line_1_55' title="bbox 101 2537 1054 2579; baseline 0.006 -12"><span class='ocrx_word' id='word_1_388' title='bbox 101 2537 214 2570; x_wconf 89' lang='lat' dir='ltr'>demur</span> <span class='ocrx_word' id='word_1_389' title='bbox 242 2539 331 2569; x_wconf 89' lang='lat' dir='ltr'>nobis</span> <span class='ocrx_word' id='word_1_390' title='bbox 356 2541 452 2579; x_wconf 90' lang='lat' dir='ltr'>probe</span> <span class='ocrx_word' id='word_1_391' title='bbox 480 2542 627 2579; x_wconf 88' lang='lat' dir='ltr'>animati,</span> <span class='ocrx_word' id='word_1_392' title='bbox 663 2543 793 2574; x_wconf 84' lang='lat' dir='ltr'>tandem</span> <span class='ocrx_word' id='word_1_393' title='bbox 828 2543 880 2573; x_wconf 92' lang='lat' dir='ltr'>ubi</span> <span class='ocrx_word' id='word_1_394' title='bbox 911 2543 1054 2574; x_wconf 90' lang='lat' dir='ltr'>cominus</span> 
     </span>
     <span class='ocr_line' id='line_1_56' title="bbox 100 2581 1054 2628; baseline 0.007 -18"><span class='ocrx_word' id='word_1_395' title='bbox 100 2581 310 2628; x_wconf 80' lang='lat' dir='ltr'>pugnandum</span> <span class='ocrx_word' id='word_1_396' title='bbox 340 2588 388 2613; x_wconf 89' lang='lat' dir='ltr'>est</span> <span class='ocrx_word' id='word_1_397' title='bbox 416 2585 668 2622; x_wconf 81' lang='lat' dir='ltr'>expavescimus:</span> <span class='ocrx_word' id='word_1_398' title='bbox 700 2587 774 2625; x_wconf 90' lang='lat' dir='ltr'>quia</span> <span class='ocrx_word' id='word_1_399' title='bbox 804 2587 923 2616; x_wconf 87' lang='lat' dir='ltr'>sentire</span> <span class='ocrx_word' id='word_1_400' title='bbox 946 2587 1054 2626; x_wconf 90' lang='lat' dir='ltr'>incipi-</span> 
     </span>
     <span class='ocr_line' id='line_1_57' title="bbox 99 2623 1052 2666; baseline 0.007 -14"><span class='ocrx_word' id='word_1_401' title='bbox 99 2633 172 2653; x_wconf 91' lang='lat' dir='ltr'>mus</span> <span class='ocrx_word' id='word_1_402' title='bbox 194 2623 334 2663; x_wconf 78' lang='lat' dir='ltr'>pericula</span> <span class='ocrx_word' id='word_1_403' title='bbox 355 2635 434 2664; x_wconf 91' lang='lat' dir='ltr'>quae</span> <span class='ocrx_word' id='word_1_404' title='bbox 457 2637 514 2657; x_wconf 87' lang='lat' dir='ltr'>nos</span> <span class='ocrx_word' id='word_1_405' title='bbox 536 2628 643 2666; x_wconf 88' lang='lat' dir='ltr'>procul</span> <span class='ocrx_word' id='word_1_406' title='bbox 668 2638 731 2658; x_wconf 91' lang='lat' dir='ltr'>non</span> <span class='ocrx_word' id='word_1_407' title='bbox 754 2628 936 2659; x_wconf 86' lang='lat' dir='ltr'>movebant.</span> <span class='ocrx_word' id='word_1_408' title='bbox 965 2628 1052 2659; x_wconf 88' lang='lat' dir='ltr'>Nihil</span> 
     </span>
    </p>
   </div>
   <div class='ocr_carea' id='block_1_7' title="bbox 1079 298 1086 2651">
    <p class='ocr_par' dir='ltr' id='par_1_8' title="bbox 1079 298 1086 2651">
     <span class='ocr_line' id='line_1_58' title="bbox 1079 298 1086 2651; baseline 0 0"><span class='ocrx_word' id='word_1_409' title='bbox 1079 298 1086 2651; x_wconf 95' lang='lat' dir='ltr'> </span> 
     </span>
    </p>
   </div>
   <div class='ocr_carea' id='block_1_8' title="bbox 1104 283 2072 2580">
    <p class='ocr_par' dir='ltr' id='par_1_9' title="bbox 1110 283 2072 451">
     <span class='ocr_line' id='line_1_59' title="bbox 1111 283 2072 325; baseline -0.001 -10"><span class='ocrx_word' id='word_1_410' title='bbox 1111 295 1187 325; x_wconf 87' lang='lat' dir='ltr'>ergo</span> <span class='ocrx_word' id='word_1_411' title='bbox 1215 285 1331 315; x_wconf 91' lang='lat' dir='ltr'>mirum</span> <span class='ocrx_word' id='word_1_412' title='bbox 1363 286 1389 316; x_wconf 88' lang='lat' dir='ltr'>si</span> <span class='ocrx_word' id='word_1_413' title='bbox 1414 285 1538 323; x_wconf 87' lang='lat' dir='ltr'>Moses,</span> <span class='ocrx_word' id='word_1_414' title='bbox 1569 285 1623 324; x_wconf 90' lang='lat' dir='ltr'>qui</span> <span class='ocrx_word' id='word_1_415' title='bbox 1652 288 1782 324; x_wconf 86' lang='lat' dir='ltr'>paratus</span> <span class='ocrx_word' id='word_1_416' title='bbox 1817 283 1856 314; x_wconf 88' lang='lat' dir='ltr'>ad</span> <span class='ocrx_word' id='word_1_417' title='bbox 1886 283 2072 323; x_wconf 88' lang='lat' dir='ltr'>obsequium</span> 
     </span>
     <span class='ocr_line' id='line_1_60' title="bbox 1110 326 2069 367; baseline -0.001 -10"><span class='ocrx_word' id='word_1_418' title='bbox 1110 328 1216 357; x_wconf 89' lang='lat' dir='ltr'>fuerat</span> <span class='ocrx_word' id='word_1_419' title='bbox 1239 332 1314 358; x_wconf 88' lang='lat' dir='ltr'>ante</span> <span class='ocrx_word' id='word_1_420' title='bbox 1336 327 1550 367; x_wconf 82' lang='lat' dir='ltr'>quadraginta</span> <span class='ocrx_word' id='word_1_421' title='bbox 1574 337 1683 363; x_wconf 83' lang='lat' dir='ltr'>annos,</span> <span class='ocrx_word' id='word_1_422' title='bbox 1707 337 1806 366; x_wconf 89' lang='lat' dir='ltr'>seque</span> <span class='ocrx_word' id='word_1_423' title='bbox 1825 326 1954 357; x_wconf 84' lang='lat' dir='ltr'>assidue</span> <span class='ocrx_word' id='word_1_424' title='bbox 1978 337 2069 357; x_wconf 87' lang='lat' dir='ltr'>exer-</span> 
     </span>
     <span class='ocr_line' id='line_1_61' title="bbox 1110 368 2072 406; baseline 0 -6"><span class='ocrx_word' id='word_1_425' title='bbox 1110 375 1221 401; x_wconf 88' lang='lat' dir='ltr'>cuerat</span> <span class='ocrx_word' id='word_1_426' title='bbox 1251 371 1283 400; x_wconf 92' lang='lat' dir='ltr'>in</span> <span class='ocrx_word' id='word_1_427' title='bbox 1313 369 1371 401; x_wconf 90' lang='lat' dir='ltr'>hoc</span> <span class='ocrx_word' id='word_1_428' title='bbox 1405 376 1513 401; x_wconf 87' lang='lat' dir='ltr'>sancto</span> <span class='ocrx_word' id='word_1_429' title='bbox 1536 370 1670 406; x_wconf 88' lang='lat' dir='ltr'>affectu,</span> <span class='ocrx_word' id='word_1_430' title='bbox 1706 370 1782 400; x_wconf 88' lang='lat' dir='ltr'>dum</span> <span class='ocrx_word' id='word_1_431' title='bbox 1811 370 1845 399; x_wconf 91' lang='lat' dir='ltr'>in</span> <span class='ocrx_word' id='word_1_432' title='bbox 1865 378 1996 400; x_wconf 87' lang='lat' dir='ltr'>arenam</span> <span class='ocrx_word' id='word_1_433' title='bbox 2019 368 2072 400; x_wconf 89' lang='lat' dir='ltr'>de-</span> 
     </span>
     <span class='ocr_line' id='line_1_62' title="bbox 1111 411 1913 451; baseline 0 -9"><span class='ocrx_word' id='word_1_434' title='bbox 1111 411 1263 443; x_wconf 90' lang='lat' dir='ltr'>scendere</span> <span class='ocrx_word' id='word_1_435' title='bbox 1286 411 1424 449; x_wconf 86' lang='lat' dir='ltr'>iubetur,</span> <span class='ocrx_word' id='word_1_436' title='bbox 1450 423 1568 443; x_wconf 87' lang='lat' dir='ltr'>novum</span> <span class='ocrx_word' id='word_1_437' title='bbox 1589 417 1743 442; x_wconf 90' lang='lat' dir='ltr'>terrorem</span> <span class='ocrx_word' id='word_1_438' title='bbox 1768 411 1913 451; x_wconf 86' lang='lat' dir='ltr'>concipit.</span> 
     </span>
    </p>

    <p class='ocr_par' dir='ltr' id='par_1_10' title="bbox 1104 453 2072 2580">
     <span class='ocr_line' id='line_1_63' title="bbox 1197 453 2072 494; baseline -0.001 -9"><span class='ocrx_word' id='word_1_439' title='bbox 1197 455 1245 485; x_wconf 81' lang='lat'>12.</span> <span class='ocrx_word' id='word_1_440' title='bbox 1276 453 1318 485; x_wconf 69' lang='lat' dir='ltr'>Et</span> <span class='ocrx_word' id='word_1_441' title='bbox 1347 455 1515 494; x_wconf 69' lang='lat' dir='ltr'>respondit:</span> <span class='ocrx_word' id='word_1_442' title='bbox 1548 455 1630 493; x_wconf 78' lang='lat' dir='ltr'>Quia</span> <span class='ocrx_word' id='word_1_443' title='bbox 1659 464 1709 485; x_wconf 82' lang='lat' dir='ltr'>ero</span> <span class='ocrx_word' id='word_1_444' title='bbox 1737 457 1839 485; x_wconf 76' lang='lat' dir='ltr'>tecum.</span> <span class='ocrx_word' id='word_1_445' title='bbox 1886 453 2072 484; x_wconf 82' lang='lat' dir='ltr'>Notandum</span> 
     </span>
     <span class='ocr_line' id='line_1_64' title="bbox 1110 495 2072 537; baseline -0.001 -10"><span class='ocrx_word' id='word_1_446' title='bbox 1110 497 1207 536; x_wconf 89' lang='lat' dir='ltr'>quod,</span> <span class='ocrx_word' id='word_1_447' title='bbox 1238 497 1277 527; x_wconf 87' lang='lat' dir='ltr'>ad</span> <span class='ocrx_word' id='word_1_448' title='bbox 1308 497 1505 537; x_wconf 87' lang='lat' dir='ltr'>superandos</span> <span class='ocrx_word' id='word_1_449' title='bbox 1540 507 1651 528; x_wconf 90' lang='lat' dir='ltr'>omnes</span> <span class='ocrx_word' id='word_1_450' title='bbox 1688 502 1792 527; x_wconf 90' lang='lat' dir='ltr'>metus</span> <span class='ocrx_word' id='word_1_451' title='bbox 1821 500 1852 527; x_wconf 90' lang='lat' dir='ltr'>et</span> <span class='ocrx_word' id='word_1_452' title='bbox 1885 495 2072 527; x_wconf 86' lang='lat' dir='ltr'>eximendos</span> 
     </span>
     <span class='ocr_line' id='line_1_65' title="bbox 1109 539 2072 579; baseline 0 -9"><span class='ocrx_word' id='word_1_453' title='bbox 1109 550 1220 570; x_wconf 86' lang='lat' dir='ltr'>omnes</span> <span class='ocrx_word' id='word_1_454' title='bbox 1243 540 1418 579; x_wconf 82' lang='lat' dir='ltr'>scrupulos,</span> <span class='ocrx_word' id='word_1_455' title='bbox 1441 540 1539 570; x_wconf 87' lang='lat' dir='ltr'>solam</span> <span class='ocrx_word' id='word_1_456' title='bbox 1563 541 1631 579; x_wconf 89' lang='lat' dir='ltr'>opis</span> <span class='ocrx_word' id='word_1_457' title='bbox 1654 550 1730 571; x_wconf 88' lang='lat' dir='ltr'>suae</span> <span class='ocrx_word' id='word_1_458' title='bbox 1753 539 1967 579; x_wconf 85' lang='lat' dir='ltr'>praesentiam</span> <span class='ocrx_word' id='word_1_459' title='bbox 1981 539 2072 570; x_wconf 85' lang='lat' dir='ltr'>Deus</span> 
     </span>
     <span class='ocr_line' id='line_1_66' title="bbox 1108 581 2072 622; baseline -0.001 -10"><span class='ocrx_word' id='word_1_460' title='bbox 1108 582 1256 622; x_wconf 90' lang='lat' dir='ltr'>opponit,</span> <span class='ocrx_word' id='word_1_461' title='bbox 1285 593 1321 613; x_wconf 89' lang='lat' dir='ltr'>ac</span> <span class='ocrx_word' id='word_1_462' title='bbox 1345 583 1371 612; x_wconf 87' lang='lat' dir='ltr'>si</span> <span class='ocrx_word' id='word_1_463' title='bbox 1393 582 1525 619; x_wconf 85' lang='lat' dir='ltr'>diceret,</span> <span class='ocrx_word' id='word_1_464' title='bbox 1556 593 1619 613; x_wconf 90' lang='lat' dir='ltr'>non</span> <span class='ocrx_word' id='word_1_465' title='bbox 1643 582 1764 613; x_wconf 91' lang='lat' dir='ltr'>referre</span> <span class='ocrx_word' id='word_1_466' title='bbox 1797 582 1868 621; x_wconf 90' lang='lat' dir='ltr'>quis</span> <span class='ocrx_word' id='word_1_467' title='bbox 1892 582 1933 611; x_wconf 85' lang='lat' dir='ltr'>sit</span> <span class='ocrx_word' id='word_1_468' title='bbox 1956 581 2072 619; x_wconf 88' lang='lat' dir='ltr'>Moses,</span> 
     </span>
     <span class='ocr_line' id='line_1_67' title="bbox 1109 623 2070 664; baseline -0.001 -10"><span class='ocrx_word' id='word_1_469' title='bbox 1109 624 1161 655; x_wconf 88' lang='lat' dir='ltr'>vel</span> <span class='ocrx_word' id='word_1_470' title='bbox 1191 624 1267 664; x_wconf 91' lang='lat' dir='ltr'>quid</span> <span class='ocrx_word' id='word_1_471' title='bbox 1296 624 1400 655; x_wconf 85' lang='lat' dir='ltr'>ferant</span> <span class='ocrx_word' id='word_1_472' title='bbox 1430 625 1497 655; x_wconf 85' lang='lat' dir='ltr'>eius</span> <span class='ocrx_word' id='word_1_473' title='bbox 1527 625 1625 656; x_wconf 87' lang='lat' dir='ltr'>vires:</span> <span class='ocrx_word' id='word_1_474' title='bbox 1657 624 1752 655; x_wconf 92' lang='lat' dir='ltr'>modo</span> <span class='ocrx_word' id='word_1_475' title='bbox 1788 625 1829 655; x_wconf 89' lang='lat' dir='ltr'>sit</span> <span class='ocrx_word' id='word_1_476' title='bbox 1858 624 1925 654; x_wconf 89' lang='lat' dir='ltr'>eius</span> <span class='ocrx_word' id='word_1_477' title='bbox 1949 623 2070 654; x_wconf 88' lang='lat' dir='ltr'>ductor.</span> 
     </span>
     <span class='ocr_line' id='line_1_68' title="bbox 1108 666 2070 705; baseline 0 -8"><span class='ocrx_word' id='word_1_478' title='bbox 1108 666 1236 705; x_wconf 78' lang='lat' dir='ltr'>Quibus</span> <span class='ocrx_word' id='word_1_479' title='bbox 1259 666 1365 698; x_wconf 85' lang='lat' dir='ltr'>verbis</span> <span class='ocrx_word' id='word_1_480' title='bbox 1389 666 1549 703; x_wconf 85' lang='lat' dir='ltr'>docemur,</span> <span class='ocrx_word' id='word_1_481' title='bbox 1572 668 1656 699; x_wconf 90' lang='lat' dir='ltr'>iusto</span> <span class='ocrx_word' id='word_1_482' title='bbox 1679 678 1751 698; x_wconf 92' lang='lat' dir='ltr'>eum</span> <span class='ocrx_word' id='word_1_483' title='bbox 1771 666 1893 697; x_wconf 89' lang='lat' dir='ltr'>honore</span> <span class='ocrx_word' id='word_1_484' title='bbox 1916 670 1993 697; x_wconf 88' lang='lat' dir='ltr'>tunc</span> <span class='ocrx_word' id='word_1_485' title='bbox 2017 666 2070 697; x_wconf 89' lang='lat' dir='ltr'>de-</span> 
     </span>
     <span class='ocr_line' id='line_1_69' title="bbox 1109 708 2070 748; baseline -0.001 -9"><span class='ocrx_word' id='word_1_486' title='bbox 1109 720 1198 740; x_wconf 90' lang='lat' dir='ltr'>mum</span> <span class='ocrx_word' id='word_1_487' title='bbox 1221 720 1240 739; x_wconf 88' lang='lat' dir='ltr'>a</span> <span class='ocrx_word' id='word_1_488' title='bbox 1263 709 1353 740; x_wconf 86' lang='lat' dir='ltr'>nobis</span> <span class='ocrx_word' id='word_1_489' title='bbox 1377 709 1476 748; x_wconf 85' lang='lat' dir='ltr'>affici,</span> <span class='ocrx_word' id='word_1_490' title='bbox 1506 710 1559 740; x_wconf 90' lang='lat' dir='ltr'>ubi</span> <span class='ocrx_word' id='word_1_491' title='bbox 1583 711 1649 742; x_wconf 86' lang='lat' dir='ltr'>solo</span> <span class='ocrx_word' id='word_1_492' title='bbox 1672 710 1740 741; x_wconf 89' lang='lat' dir='ltr'>eius</span> <span class='ocrx_word' id='word_1_493' title='bbox 1767 708 1887 740; x_wconf 85' lang='lat' dir='ltr'>auxilio</span> <span class='ocrx_word' id='word_1_494' title='bbox 1916 708 2070 745; x_wconf 86' lang='lat' dir='ltr'>contenti,</span> 
     </span>
     <span class='ocr_line' id='line_1_70' title="bbox 1109 751 2069 792; baseline -0.002 -10"><span class='ocrx_word' id='word_1_495' title='bbox 1109 752 1231 782; x_wconf 90' lang='lat' dir='ltr'>nullam</span> <span class='ocrx_word' id='word_1_496' title='bbox 1266 751 1401 783; x_wconf 87' lang='lat' dir='ltr'>fiduciae</span> <span class='ocrx_word' id='word_1_497' title='bbox 1431 753 1597 783; x_wconf 84' lang='lat' dir='ltr'>materiam</span> <span class='ocrx_word' id='word_1_498' title='bbox 1622 759 1713 784; x_wconf 84' lang='lat' dir='ltr'>extra</span> <span class='ocrx_word' id='word_1_499' title='bbox 1735 752 1842 792; x_wconf 91' lang='lat' dir='ltr'>ipsum</span> <span class='ocrx_word' id='word_1_500' title='bbox 1869 751 2069 791; x_wconf 86' lang='lat' dir='ltr'>quaerimus:</span> 
     </span>
     <span class='ocr_line' id='line_1_71' title="bbox 1108 794 2070 835; baseline -0.002 -10"><span class='ocrx_word' id='word_1_501' title='bbox 1108 799 1140 824; x_wconf 89' lang='lat' dir='ltr'>et</span> <span class='ocrx_word' id='word_1_502' title='bbox 1164 794 1240 825; x_wconf 89' lang='lat' dir='ltr'>dum</span> <span class='ocrx_word' id='word_1_503' title='bbox 1264 804 1323 825; x_wconf 86' lang='lat' dir='ltr'>nos</span> <span class='ocrx_word' id='word_1_504' title='bbox 1347 794 1455 825; x_wconf 88' lang='lat' dir='ltr'>turbat</span> <span class='ocrx_word' id='word_1_505' title='bbox 1477 797 1605 835; x_wconf 83' lang='lat' dir='ltr'>propria</span> <span class='ocrx_word' id='word_1_506' title='bbox 1627 795 1837 830; x_wconf 83' lang='lat' dir='ltr'>imbecillitas,</span> <span class='ocrx_word' id='word_1_507' title='bbox 1861 794 1938 825; x_wconf 86' lang='lat' dir='ltr'>satis</span> <span class='ocrx_word' id='word_1_508' title='bbox 1961 797 2070 824; x_wconf 88' lang='lat' dir='ltr'>tamen</span> 
     </span>
     <span class='ocr_line' id='line_1_72' title="bbox 1109 835 2072 878; baseline -0.001 -11"><span class='ocrx_word' id='word_1_509' title='bbox 1109 836 1263 868; x_wconf 88' lang='lat' dir='ltr'>habemus</span> <span class='ocrx_word' id='word_1_510' title='bbox 1286 847 1304 867; x_wconf 89' lang='lat' dir='ltr'>a</span> <span class='ocrx_word' id='word_1_511' title='bbox 1327 842 1417 877; x_wconf 88' lang='lat' dir='ltr'>parte</span> <span class='ocrx_word' id='word_1_512' title='bbox 1440 842 1550 868; x_wconf 85' lang='lat' dir='ltr'>nostra</span> <span class='ocrx_word' id='word_1_513' title='bbox 1572 839 1677 878; x_wconf 88' lang='lat' dir='ltr'>ipsum</span> <span class='ocrx_word' id='word_1_514' title='bbox 1701 843 1795 869; x_wconf 88' lang='lat' dir='ltr'>stare.</span> <span class='ocrx_word' id='word_1_515' title='bbox 1826 836 1913 867; x_wconf 89' lang='lat' dir='ltr'>Hinc</span> <span class='ocrx_word' id='word_1_516' title='bbox 1931 835 2072 867; x_wconf 88' lang='lat' dir='ltr'>celebres</span> 
     </span>
     <span class='ocr_line' id='line_1_73' title="bbox 1108 878 2071 911; baseline -0.001 -2"><span class='ocrx_word' id='word_1_517' title='bbox 1108 879 1181 910; x_wconf 81' lang='lat' dir='ltr'>illae</span> <span class='ocrx_word' id='word_1_518' title='bbox 1215 884 1400 911; x_wconf 88' lang='lat' dir='ltr'>sanctorum</span> <span class='ocrx_word' id='word_1_519' title='bbox 1434 890 1536 911; x_wconf 90' lang='lat' dir='ltr'>voces.</span> <span class='ocrx_word' id='word_1_520' title='bbox 1595 880 1631 911; x_wconf 79' lang='lat' dir='ltr'>Si</span> <span class='ocrx_word' id='word_1_521' title='bbox 1665 880 1870 911; x_wconf 86' lang='lat' dir='ltr'>ambulavero</span> <span class='ocrx_word' id='word_1_522' title='bbox 1903 879 1935 909; x_wconf 91' lang='lat' dir='ltr'>in</span> <span class='ocrx_word' id='word_1_523' title='bbox 1966 878 2071 909; x_wconf 90' lang='lat' dir='ltr'>medio</span> 
     </span>
     <span class='ocr_line' id='line_1_74' title="bbox 1109 921 2071 962; baseline -0.001 -10"><span class='ocrx_word' id='word_1_524' title='bbox 1109 921 1241 953; x_wconf 87' lang='lat' dir='ltr'>umbrae</span> <span class='ocrx_word' id='word_1_525' title='bbox 1264 922 1385 958; x_wconf 81' lang='lat' dir='ltr'>mortis,</span> <span class='ocrx_word' id='word_1_526' title='bbox 1410 933 1474 952; x_wconf 89' lang='lat' dir='ltr'>non</span> <span class='ocrx_word' id='word_1_527' title='bbox 1498 923 1615 954; x_wconf 89' lang='lat' dir='ltr'>timebo</span> <span class='ocrx_word' id='word_1_528' title='bbox 1638 923 1738 959; x_wconf 83' lang='lat' dir='ltr'>mala,</span> <span class='ocrx_word' id='word_1_529' title='bbox 1767 922 1917 962; x_wconf 89' lang='lat' dir='ltr'>quoniam</span> <span class='ocrx_word' id='word_1_530' title='bbox 1941 926 1977 951; x_wconf 86' lang='lat' dir='ltr'>tu</span> <span class='ocrx_word' id='word_1_531' title='bbox 2005 931 2071 951; x_wconf 90' lang='lat' dir='ltr'>me-</span> 
     </span>
     <span class='ocr_line' id='line_1_75' title="bbox 1107 963 2071 1007; baseline -0.002 -12"><span class='ocrx_word' id='word_1_532' title='bbox 1107 975 1180 996; x_wconf 90' lang='lat' dir='ltr'>cum</span> <span class='ocrx_word' id='word_1_533' title='bbox 1214 976 1263 1002; x_wconf 85' lang='lat' dir='ltr'>es,</span> <span class='ocrx_word' id='word_1_534' title='bbox 1297 971 1356 996; x_wconf 90' lang='lat' dir='ltr'>etc.</span> <span class='ocrx_word' id='word_1_535' title='bbox 1391 963 1489 1005; x_wconf 76' lang='lat' dir='ltr'>(Psal.</span> <span class='ocrx_word' id='word_1_536' title='bbox 1514 966 1563 1003; x_wconf 79' lang='lat'>23,</span> <span class='ocrx_word' id='word_1_537' title='bbox 1586 965 1628 1007; x_wconf 84' lang='lat'>4).</span> <span class='ocrx_word' id='word_1_538' title='bbox 1674 965 1770 996; x_wconf 90' lang='lat' dir='ltr'>Item:</span> <span class='ocrx_word' id='word_1_539' title='bbox 1796 964 1956 995; x_wconf 87' lang='lat' dir='ltr'>Dominus</span> <span class='ocrx_word' id='word_1_540' title='bbox 1991 963 2071 994; x_wconf 91' lang='lat' dir='ltr'>mihi</span> 
     </span>
     <span class='ocr_line' id='line_1_76' title="bbox 1108 1005 2069 1047; baseline -0.001 -10"><span class='ocrx_word' id='word_1_541' title='bbox 1108 1007 1251 1045; x_wconf 85' lang='lat' dir='ltr'>adiutor,</span> <span class='ocrx_word' id='word_1_542' title='bbox 1282 1018 1346 1038; x_wconf 91' lang='lat' dir='ltr'>non</span> <span class='ocrx_word' id='word_1_543' title='bbox 1375 1007 1494 1038; x_wconf 88' lang='lat' dir='ltr'>timebo</span> <span class='ocrx_word' id='word_1_544' title='bbox 1521 1008 1595 1047; x_wconf 87' lang='lat' dir='ltr'>quid</span> <span class='ocrx_word' id='word_1_545' title='bbox 1631 1009 1727 1038; x_wconf 86' lang='lat' dir='ltr'>faciat</span> <span class='ocrx_word' id='word_1_546' title='bbox 1755 1007 1834 1038; x_wconf 91' lang='lat' dir='ltr'>mihi</span> <span class='ocrx_word' id='word_1_547' title='bbox 1864 1016 1937 1037; x_wconf 88' lang='lat' dir='ltr'>caro</span> <span class='ocrx_word' id='word_1_548' title='bbox 1970 1005 2069 1047; x_wconf 87' lang='lat' dir='ltr'>(Psal.</span> 
     </span>
     <span class='ocr_line' id='line_1_77' title="bbox 1108 1049 2069 1091; baseline -0.002 -10"><span class='ocrx_word' id='word_1_549' title='bbox 1108 1050 1158 1088; x_wconf 80' lang='lat'>56,</span> <span class='ocrx_word' id='word_1_550' title='bbox 1180 1050 1221 1091; x_wconf 83' lang='lat'>5).</span> <span class='ocrx_word' id='word_1_551' title='bbox 1257 1050 1354 1080; x_wconf 85' lang='lat' dir='ltr'>Item:</span> <span class='ocrx_word' id='word_1_552' title='bbox 1380 1049 1414 1081; x_wconf 82' lang='lat' dir='ltr'>Si</span> <span class='ocrx_word' id='word_1_553' title='bbox 1435 1060 1486 1080; x_wconf 87' lang='lat' dir='ltr'>mc</span> <span class='ocrx_word' id='word_1_554' title='bbox 1505 1051 1777 1081; x_wconf 89' lang='lat' dir='ltr'>circumsteterint</span> <span class='ocrx_word' id='word_1_555' title='bbox 1796 1049 1899 1080; x_wconf 90' lang='lat' dir='ltr'>millia</span> <span class='ocrx_word' id='word_1_556' title='bbox 1918 1049 2069 1086; x_wconf 87' lang='lat' dir='ltr'>hostium,</span> 
     </span>
     <span class='ocr_line' id='line_1_78' title="bbox 1107 1091 2070 1134; baseline -0.002 -11"><span class='ocrx_word' id='word_1_557' title='bbox 1107 1093 1267 1123; x_wconf 84' lang='lat' dir='ltr'>confidam</span> <span class='ocrx_word' id='word_1_558' title='bbox 1307 1092 1406 1133; x_wconf 85' lang='lat' dir='ltr'>(Psal.</span> <span class='ocrx_word' id='word_1_559' title='bbox 1439 1092 1468 1129; x_wconf 84' lang='lat'>3,</span> <span class='ocrx_word' id='word_1_560' title='bbox 1493 1093 1533 1134; x_wconf 85' lang='lat'>7).</span> <span class='ocrx_word' id='word_1_561' title='bbox 1578 1094 1673 1124; x_wconf 85' lang='lat' dir='ltr'>Item:</span> <span class='ocrx_word' id='word_1_562' title='bbox 1710 1092 1744 1124; x_wconf 80' lang='lat' dir='ltr'>Si</span> <span class='ocrx_word' id='word_1_563' title='bbox 1767 1093 1858 1123; x_wconf 88' lang='lat' dir='ltr'>Deus</span> <span class='ocrx_word' id='word_1_564' title='bbox 1881 1101 1938 1131; x_wconf 90' lang='lat' dir='ltr'>pro</span> <span class='ocrx_word' id='word_1_565' title='bbox 1968 1091 2070 1131; x_wconf 86' lang='lat' dir='ltr'>nobis,</span> 
     </span>
     <span class='ocr_line' id='line_1_79' title="bbox 1107 1134 2070 1176; baseline -0.002 -11"><span class='ocrx_word' id='word_1_566' title='bbox 1107 1136 1177 1175; x_wconf 88' lang='lat' dir='ltr'>quis</span> <span class='ocrx_word' id='word_1_567' title='bbox 1200 1139 1312 1166; x_wconf 89' lang='lat' dir='ltr'>contra</span> <span class='ocrx_word' id='word_1_568' title='bbox 1335 1145 1391 1166; x_wconf 88' lang='lat' dir='ltr'>nos</span> <span class='ocrx_word' id='word_1_569' title='bbox 1414 1134 1520 1175; x_wconf 89' lang='lat' dir='ltr'>(Rom.</span> <span class='ocrx_word' id='word_1_570' title='bbox 1545 1136 1572 1173; x_wconf 81' lang='lat'>8,</span> <span class='ocrx_word' id='word_1_571' title='bbox 1593 1135 1665 1176; x_wconf 81' lang='lat'>31)‘?</span> <span class='ocrx_word' id='word_1_572' title='bbox 1700 1135 1777 1166; x_wconf 91' lang='lat' dir='ltr'>Ideo</span> <span class='ocrx_word' id='word_1_573' title='bbox 1800 1138 1836 1165; x_wconf 91' lang='lat' dir='ltr'>ut</span> <span class='ocrx_word' id='word_1_574' title='bbox 1858 1134 1991 1174; x_wconf 90' lang='lat' dir='ltr'>quisque</span> <span class='ocrx_word' id='word_1_575' title='bbox 2013 1143 2070 1173; x_wconf 92' lang='lat' dir='ltr'>op-</span> 
     </span>
     <span class='ocr_line' id='line_1_80' title="bbox 1107 1175 2070 1218; baseline -0.002 -10"><span class='ocrx_word' id='word_1_576' title='bbox 1107 1178 1183 1209; x_wconf 91' lang='lat' dir='ltr'>time</span> <span class='ocrx_word' id='word_1_577' title='bbox 1217 1178 1250 1208; x_wconf 92' lang='lat' dir='ltr'>in</span> <span class='ocrx_word' id='word_1_578' title='bbox 1284 1177 1346 1208; x_wconf 87' lang='lat' dir='ltr'>fide</span> <span class='ocrx_word' id='word_1_579' title='bbox 1380 1178 1519 1218; x_wconf 87' lang='lat' dir='ltr'>profecit,</span> <span class='ocrx_word' id='word_1_580' title='bbox 1555 1179 1608 1209; x_wconf 88' lang='lat' dir='ltr'>ubi</span> <span class='ocrx_word' id='word_1_581' title='bbox 1642 1178 1680 1209; x_wconf 89' lang='lat' dir='ltr'>ad</span> <span class='ocrx_word' id='word_1_582' title='bbox 1712 1178 1890 1208; x_wconf 84' lang='lat' dir='ltr'>maximum</span> <span class='ocrx_word' id='word_1_583' title='bbox 1921 1175 2070 1216; x_wconf 89' lang='lat' dir='ltr'>quodque</span> 
     </span>
     <span class='ocr_line' id='line_1_81' title="bbox 1107 1219 2070 1258; baseline -0.002 -7"><span class='ocrx_word' id='word_1_584' title='bbox 1107 1220 1277 1252; x_wconf 87' lang='lat' dir='ltr'>discrimen</span> <span class='ocrx_word' id='word_1_585' title='bbox 1302 1224 1435 1251; x_wconf 90' lang='lat' dir='ltr'>ventum</span> <span class='ocrx_word' id='word_1_586' title='bbox 1460 1225 1524 1258; x_wconf 85' lang='lat' dir='ltr'>cst,</span> <span class='ocrx_word' id='word_1_587' title='bbox 1558 1220 1621 1251; x_wconf 89' lang='lat' dir='ltr'>Dei</span> <span class='ocrx_word' id='word_1_588' title='bbox 1644 1221 1797 1251; x_wconf 90' lang='lat' dir='ltr'>virtutem</span> <span class='ocrx_word' id='word_1_589' title='bbox 1820 1219 1977 1250; x_wconf 88' lang='lat' dir='ltr'>extollens</span> <span class='ocrx_word' id='word_1_590' title='bbox 2006 1229 2070 1249; x_wconf 88' lang='lat' dir='ltr'>una</span> 
     </span>
     <span class='ocr_line' id='line_1_82' title="bbox 1107 1262 2070 1303; baseline -0.002 -10"><span class='ocrx_word' id='word_1_591' title='bbox 1107 1264 1268 1303; x_wconf 82' lang='lat' dir='ltr'>exsurgit,</span> <span class='ocrx_word' id='word_1_592' title='bbox 1293 1273 1355 1303; x_wconf 91' lang='lat' dir='ltr'>quo</span> <span class='ocrx_word' id='word_1_593' title='bbox 1379 1264 1435 1293; x_wconf 88' lang='lat' dir='ltr'>toti</span> <span class='ocrx_word' id='word_1_594' title='bbox 1459 1263 1578 1294; x_wconf 90' lang='lat' dir='ltr'>mundo</span> <span class='ocrx_word' id='word_1_595' title='bbox 1602 1263 1752 1294; x_wconf 87' lang='lat' dir='ltr'>audacter</span> <span class='ocrx_word' id='word_1_596' title='bbox 1774 1262 1917 1293; x_wconf 85' lang='lat' dir='ltr'>insultet.</span> <span class='ocrx_word' id='word_1_597' title='bbox 1962 1262 2070 1301; x_wconf 88' lang='lat' dir='ltr'>Atque</span> 
     </span>
     <span class='ocr_line' id='line_1_83' title="bbox 1107 1304 2069 1346; baseline -0.003 -9"><span class='ocrx_word' id='word_1_598' title='bbox 1107 1305 1181 1337; x_wconf 87' lang='lat' dir='ltr'>binc</span> <span class='ocrx_word' id='word_1_599' title='bbox 1205 1307 1317 1337; x_wconf 88' lang='lat' dir='ltr'>firmus</span> <span class='ocrx_word' id='word_1_600' title='bbox 1337 1311 1367 1335; x_wconf 87' lang='lat' dir='ltr'>et</span> <span class='ocrx_word' id='word_1_601' title='bbox 1390 1306 1599 1346; x_wconf 84' lang='lat' dir='ltr'>infatigabilis</span> <span class='ocrx_word' id='word_1_602' title='bbox 1621 1306 1819 1336; x_wconf 83' lang='lat' dir='ltr'>obedientiae</span> <span class='ocrx_word' id='word_1_603' title='bbox 1838 1308 1940 1341; x_wconf 77' lang='lat' dir='ltr'>tenor,</span> <span class='ocrx_word' id='word_1_604' title='bbox 1959 1304 1986 1334; x_wconf 80' lang='lat' dir='ltr'>si</span> <span class='ocrx_word' id='word_1_605' title='bbox 2006 1314 2069 1334; x_wconf 84' lang='lat' dir='ltr'>vox</span> 
     </span>
     <span class='ocr_line' id='line_1_84' title="bbox 1106 1347 2068 1385; baseline -0.002 -7"><span class='ocrx_word' id='word_1_606' title='bbox 1106 1348 1184 1379; x_wconf 88' lang='lat' dir='ltr'>haec</span> <span class='ocrx_word' id='word_1_607' title='bbox 1207 1348 1360 1379; x_wconf 88' lang='lat' dir='ltr'>radicitus</span> <span class='ocrx_word' id='word_1_608' title='bbox 1383 1349 1483 1379; x_wconf 81' lang='lat' dir='ltr'>infixa</span> <span class='ocrx_word' id='word_1_609' title='bbox 1506 1349 1545 1380; x_wconf 83' lang='lat' dir='ltr'>sit</span> <span class='ocrx_word' id='word_1_610' title='bbox 1569 1349 1715 1379; x_wconf 82' lang='lat' dir='ltr'>cordibus</span> <span class='ocrx_word' id='word_1_611' title='bbox 1738 1347 1867 1385; x_wconf 81' lang='lat' dir='ltr'>nostris,</span> <span class='ocrx_word' id='word_1_612' title='bbox 1886 1347 1991 1377; x_wconf 92' lang='lat' dir='ltr'>Deum</span> <span class='ocrx_word' id='word_1_613' title='bbox 2012 1356 2068 1376; x_wconf 91' lang='lat' dir='ltr'>no-</span> 
     </span>
     <span class='ocr_line' id='line_1_85' title="bbox 1106 1389 2069 1430; baseline -0.003 -8"><span class='ocrx_word' id='word_1_614' title='bbox 1106 1391 1154 1422; x_wconf 90' lang='lat' dir='ltr'>bis</span> <span class='ocrx_word' id='word_1_615' title='bbox 1177 1391 1298 1422; x_wconf 88' lang='lat' dir='ltr'>adesse.</span> <span class='ocrx_word' id='word_1_616' title='bbox 1344 1391 1520 1430; x_wconf 87' lang='lat' dir='ltr'>Postquam</span> <span class='ocrx_word' id='word_1_617' title='bbox 1543 1397 1651 1421; x_wconf 85' lang='lat' dir='ltr'>autem</span> <span class='ocrx_word' id='word_1_618' title='bbox 1674 1391 1781 1421; x_wconf 88' lang='lat' dir='ltr'>iussus</span> <span class='ocrx_word' id='word_1_619' title='bbox 1805 1395 1852 1421; x_wconf 88' lang='lat' dir='ltr'>est</span> <span class='ocrx_word' id='word_1_620' title='bbox 1871 1389 1979 1421; x_wconf 85' lang='lat' dir='ltr'>Moses</span> <span class='ocrx_word' id='word_1_621' title='bbox 1998 1399 2017 1419; x_wconf 90' lang='lat' dir='ltr'>a</span> <span class='ocrx_word' id='word_1_622' title='bbox 2035 1399 2069 1419; x_wconf 85' lang='lat' dir='ltr'>se</span> 
     </span>
     <span class='ocr_line' id='line_1_86' title="bbox 1106 1431 2068 1473; baseline -0.003 -9"><span class='ocrx_word' id='word_1_623' title='bbox 1106 1434 1175 1473; x_wconf 91' lang='lat' dir='ltr'>ipso</span> <span class='ocrx_word' id='word_1_624' title='bbox 1199 1434 1316 1464; x_wconf 87' lang='lat' dir='ltr'>mentis</span> <span class='ocrx_word' id='word_1_625' title='bbox 1339 1434 1624 1465; x_wconf 85' lang='lat' dir='ltr'>considerationem</span> <span class='ocrx_word' id='word_1_626' title='bbox 1648 1438 1801 1469; x_wconf 86' lang='lat' dir='ltr'>avertere,</span> <span class='ocrx_word' id='word_1_627' title='bbox 1826 1438 1861 1463; x_wconf 92' lang='lat' dir='ltr'>ut</span> <span class='ocrx_word' id='word_1_628' title='bbox 1879 1433 1913 1462; x_wconf 92' lang='lat' dir='ltr'>in</span> <span class='ocrx_word' id='word_1_629' title='bbox 1933 1431 2068 1471; x_wconf 90' lang='lat' dir='ltr'>promis-</span> 
     </span>
     <span class='ocr_line' id='line_1_87' title="bbox 1107 1474 2067 1514; baseline -0.003 -7"><span class='ocrx_word' id='word_1_630' title='bbox 1107 1487 1179 1507; x_wconf 90' lang='lat' dir='ltr'>sum</span> <span class='ocrx_word' id='word_1_631' title='bbox 1208 1477 1269 1507; x_wconf 91' lang='lat' dir='ltr'>Dei</span> <span class='ocrx_word' id='word_1_632' title='bbox 1304 1476 1463 1507; x_wconf 84' lang='lat' dir='ltr'>auxilium</span> <span class='ocrx_word' id='word_1_633' title='bbox 1492 1487 1602 1507; x_wconf 88' lang='lat' dir='ltr'>omnes</span> <span class='ocrx_word' id='word_1_634' title='bbox 1635 1486 1709 1507; x_wconf 85' lang='lat' dir='ltr'>suos</span> <span class='ocrx_word' id='word_1_635' title='bbox 1739 1476 1876 1506; x_wconf 90' lang='lat' dir='ltr'>intuitus</span> <span class='ocrx_word' id='word_1_636' title='bbox 1906 1474 2067 1514; x_wconf 88' lang='lat' dir='ltr'>defigeret,</span> 
     </span>
     <span class='ocr_line' id='line_1_88' title="bbox 1106 1516 2069 1559; baseline -0.003 -10"><span class='ocrx_word' id='word_1_637' title='bbox 1106 1520 1198 1559; x_wconf 84' lang='lat' dir='ltr'>signo</span> <span class='ocrx_word' id='word_1_638' title='bbox 1231 1520 1330 1551; x_wconf 88' lang='lat' dir='ltr'>etiam</span> <span class='ocrx_word' id='word_1_639' title='bbox 1359 1520 1585 1555; x_wconf 88' lang='lat' dir='ltr'>confirmatur,</span> <span class='ocrx_word' id='word_1_640' title='bbox 1617 1518 1722 1549; x_wconf 90' lang='lat' dir='ltr'>triduo</span> <span class='ocrx_word' id='word_1_641' title='bbox 1751 1522 1920 1558; x_wconf 85' lang='lat' dir='ltr'>postquam</span> <span class='ocrx_word' id='word_1_642' title='bbox 1948 1516 2069 1556; x_wconf 86' lang='lat' dir='ltr'>egressi</span> 
     </span>
     <span class='ocr_line' id='line_1_89' title="bbox 1106 1559 2069 1602; baseline -0.003 -10"><span class='ocrx_word' id='word_1_643' title='bbox 1106 1562 1225 1593; x_wconf 88' lang='lat' dir='ltr'>fuerint</span> <span class='ocrx_word' id='word_1_644' title='bbox 1248 1574 1287 1593; x_wconf 86' lang='lat' dir='ltr'>ex</span> <span class='ocrx_word' id='word_1_645' title='bbox 1311 1563 1460 1602; x_wconf 71' lang='lat' dir='ltr'>Aegypto</span> <span class='ocrx_word' id='word_1_646' title='bbox 1483 1562 1658 1599; x_wconf 78' lang='lat' dir='ltr'>Israelitae,</span> <span class='ocrx_word' id='word_1_647' title='bbox 1684 1561 1919 1592; x_wconf 84' lang='lat' dir='ltr'>sacrificaturos</span> <span class='ocrx_word' id='word_1_648' title='bbox 1942 1559 2012 1590; x_wconf 89' lang='lat' dir='ltr'>Deo</span> <span class='ocrx_word' id='word_1_649' title='bbox 2034 1559 2069 1589; x_wconf 91' lang='lat' dir='ltr'>in</span> 
     </span>
     <span class='ocr_line' id='line_1_90' title="bbox 1105 1603 2070 1641; baseline -0.005 -5"><span class='ocrx_word' id='word_1_650' title='bbox 1105 1609 1215 1636; x_wconf 89' lang='lat' dir='ltr'>monte</span> <span class='ocrx_word' id='word_1_651' title='bbox 1247 1604 1367 1636; x_wconf 87' lang='lat' dir='ltr'>Horeb.</span> <span class='ocrx_word' id='word_1_652' title='bbox 1417 1604 1551 1636; x_wconf 86' lang='lat' dir='ltr'>Videtur</span> <span class='ocrx_word' id='word_1_653' title='bbox 1585 1610 1693 1635; x_wconf 85' lang='lat' dir='ltr'>tamen</span> <span class='ocrx_word' id='word_1_654' title='bbox 1727 1603 1859 1634; x_wconf 91' lang='lat' dir='ltr'>minime</span> <span class='ocrx_word' id='word_1_655' title='bbox 1893 1606 1967 1641; x_wconf 86' lang='lat' dir='ltr'>apta</span> <span class='ocrx_word' id='word_1_656' title='bbox 1999 1611 2070 1632; x_wconf 85' lang='lat' dir='ltr'>esse</span> 
     </span>
     <span class='ocr_line' id='line_1_91' title="bbox 1105 1643 2069 1688; baseline -0.004 -10"><span class='ocrx_word' id='word_1_657' title='bbox 1105 1648 1158 1678; x_wconf 92' lang='lat' dir='ltr'>vel</span> <span class='ocrx_word' id='word_1_658' title='bbox 1181 1652 1362 1688; x_wconf 87' lang='lat' dir='ltr'>opportuna</span> <span class='ocrx_word' id='word_1_659' title='bbox 1384 1647 1463 1679; x_wconf 88' lang='lat' dir='ltr'>haec</span> <span class='ocrx_word' id='word_1_660' title='bbox 1487 1647 1654 1687; x_wconf 89' lang='lat' dir='ltr'>promissio</span> <span class='ocrx_word' id='word_1_661' title='bbox 1677 1647 1767 1678; x_wconf 85' lang='lat' dir='ltr'>cuius</span> <span class='ocrx_word' id='word_1_662' title='bbox 1786 1646 1919 1677; x_wconf 86' lang='lat' dir='ltr'>effectus</span> <span class='ocrx_word' id='word_1_663' title='bbox 1938 1643 2069 1675; x_wconf 88' lang='lat' dir='ltr'>nonnisi</span> 
     </span>
     <span class='ocr_line' id='line_1_92' title="bbox 1105 1685 2070 1730; baseline -0.005 -9"><span class='ocrx_word' id='word_1_664' title='bbox 1105 1701 1139 1722; x_wconf 91' lang='lat' dir='ltr'>re</span> <span class='ocrx_word' id='word_1_665' title='bbox 1162 1695 1293 1730; x_wconf 86' lang='lat' dir='ltr'>peracta</span> <span class='ocrx_word' id='word_1_666' title='bbox 1315 1690 1450 1721; x_wconf 83' lang='lat' dir='ltr'>exstitit.</span> <span class='ocrx_word' id='word_1_667' title='bbox 1483 1690 1616 1721; x_wconf 85' lang='lat' dir='ltr'>Coactos</span> <span class='ocrx_word' id='word_1_668' title='bbox 1632 1689 1653 1730; x_wconf 88' lang='lat'>¹)</span> <span class='ocrx_word' id='word_1_669' title='bbox 1676 1699 1798 1725; x_wconf 84' lang='lat' dir='ltr'>sensus,</span> <span class='ocrx_word' id='word_1_670' title='bbox 1820 1698 1900 1727; x_wconf 86' lang='lat' dir='ltr'>quos</span> <span class='ocrx_word' id='word_1_671' title='bbox 1920 1685 2070 1718; x_wconf 88' lang='lat' dir='ltr'>vitandae</span> 
     </span>
     <span class='ocr_line' id='line_1_93' title="bbox 1105 1729 2069 1772; baseline -0.005 -8"><span class='ocrx_word' id='word_1_672' title='bbox 1105 1733 1314 1765; x_wconf 88' lang='lat' dir='ltr'>absurditatis</span> <span class='ocrx_word' id='word_1_673' title='bbox 1344 1744 1440 1764; x_wconf 89' lang='lat' dir='ltr'>causa</span> <span class='ocrx_word' id='word_1_674' title='bbox 1469 1732 1597 1772; x_wconf 88' lang='lat' dir='ltr'>quidam</span> <span class='ocrx_word' id='word_1_675' title='bbox 1622 1736 1801 1768; x_wconf 84' lang='lat' dir='ltr'>accersunt,</span> <span class='ocrx_word' id='word_1_676' title='bbox 1830 1730 1960 1761; x_wconf 86' lang='lat' dir='ltr'>omitto:</span> <span class='ocrx_word' id='word_1_677' title='bbox 1995 1729 2069 1768; x_wconf 84' lang='lat' dir='ltr'>quia.</span> 
     </span>
     <span class='ocr_line' id='line_1_94' title="bbox 1105 1772 2069 1816; baseline -0.007 -8"><span class='ocrx_word' id='word_1_678' title='bbox 1105 1781 1190 1808; x_wconf 88' lang='lat' dir='ltr'>recte</span> <span class='ocrx_word' id='word_1_679' title='bbox 1210 1780 1241 1807; x_wconf 91' lang='lat' dir='ltr'>et</span> <span class='ocrx_word' id='word_1_680' title='bbox 1264 1775 1439 1816; x_wconf 85' lang='lat' dir='ltr'>prudenter</span> <span class='ocrx_word' id='word_1_681' title='bbox 1462 1776 1515 1806; x_wconf 89' lang='lat' dir='ltr'>alii</span> <span class='ocrx_word' id='word_1_682' title='bbox 1539 1775 1719 1811; x_wconf 79' lang='lat' dir='ltr'>observant,</span> <span class='ocrx_word' id='word_1_683' title='bbox 1742 1784 1806 1804; x_wconf 90' lang='lat' dir='ltr'>non</span> <span class='ocrx_word' id='word_1_684' title='bbox 1830 1772 1975 1804; x_wconf 88' lang='lat' dir='ltr'>inutilem</span> <span class='ocrx_word' id='word_1_685' title='bbox 2000 1781 2069 1802; x_wconf 86' lang='lat' dir='ltr'>esse</span> 
     </span>
     <span class='ocr_line' id='line_1_95' title="bbox 1106 1813 2069 1856; baseline -0.006 -6"><span class='ocrx_word' id='word_1_686' title='bbox 1106 1829 1165 1850; x_wconf 88' lang='lat' dir='ltr'>nec</span> <span class='ocrx_word' id='word_1_687' title='bbox 1188 1829 1305 1850; x_wconf 87' lang='lat' dir='ltr'>vanam</span> <span class='ocrx_word' id='word_1_688' title='bbox 1339 1818 1615 1850; x_wconf 87' lang='lat' dir='ltr'>confirmationem</span> <span class='ocrx_word' id='word_1_689' title='bbox 1650 1828 1667 1848; x_wconf 89' lang='lat' dir='ltr'>a</span> <span class='ocrx_word' id='word_1_690' title='bbox 1696 1816 1796 1856; x_wconf 85' lang='lat' dir='ltr'>signis</span> <span class='ocrx_word' id='word_1_691' title='bbox 1826 1813 2069 1855; x_wconf 87' lang='lat' dir='ltr'>posterioribus,</span> 
     </span>
     <span class='ocr_line' id='line_1_96' title="bbox 1104 1856 2068 1898; baseline -0.007 -5"><span class='ocrx_word' id='word_1_692' title='bbox 1104 1863 1195 1894; x_wconf 91' lang='lat' dir='ltr'>cuius</span> <span class='ocrx_word' id='word_1_693' title='bbox 1218 1861 1315 1892; x_wconf 90' lang='lat' dir='ltr'>etiam</span> <span class='ocrx_word' id='word_1_694' title='bbox 1339 1861 1415 1892; x_wconf 85' lang='lat' dir='ltr'>alibi</span> <span class='ocrx_word' id='word_1_695' title='bbox 1438 1865 1612 1891; x_wconf 89' lang='lat' dir='ltr'>occurrunt</span> <span class='ocrx_word' id='word_1_696' title='bbox 1632 1858 1788 1898; x_wconf 83' lang='lat' dir='ltr'>exempla.</span> <span class='ocrx_word' id='word_1_697' title='bbox 1829 1856 1988 1889; x_wconf 83' lang='lat' dir='ltr'>Davidem</span> <span class='ocrx_word' id='word_1_698' title='bbox 2007 1867 2068 1887; x_wconf 91' lang='lat' dir='ltr'>un-</span> 
     </span>
     <span class='ocr_line' id='line_1_97' title="bbox 1105 1898 2068 1945; baseline -0.006 -10"><span class='ocrx_word' id='word_1_699' title='bbox 1105 1915 1183 1945; x_wconf 86' lang='lat' dir='ltr'>gens</span> <span class='ocrx_word' id='word_1_700' title='bbox 1208 1903 1340 1935; x_wconf 82' lang='lat' dir='ltr'>Samuel</span> <span class='ocrx_word' id='word_1_701' title='bbox 1370 1904 1528 1943; x_wconf 85' lang='lat' dir='ltr'>promittit</span> <span class='ocrx_word' id='word_1_702' title='bbox 1561 1903 1626 1933; x_wconf 84' lang='lat' dir='ltr'>fore</span> <span class='ocrx_word' id='word_1_703' title='bbox 1655 1912 1762 1942; x_wconf 80' lang='lat' dir='ltr'>rogem</span> <span class='ocrx_word' id='word_1_704' title='bbox 1785 1901 1892 1941; x_wconf 81' lang='lat' dir='ltr'>populi</span> <span class='ocrx_word' id='word_1_705' title='bbox 1922 1899 1952 1940; x_wconf 90' lang='lat'>(1</span> <span class='ocrx_word' id='word_1_706' title='bbox 1979 1898 2068 1930; x_wconf 82' lang='lat' dir='ltr'>Sam.</span> 
     </span>
     <span class='ocr_line' id='line_1_98' title="bbox 1107 1941 2068 1988; baseline -0.007 -10"><span class='ocrx_word' id='word_1_707' title='bbox 1107 1948 1155 1984; x_wconf 83' lang='lat'>16,</span> <span class='ocrx_word' id='word_1_708' title='bbox 1171 1946 1237 1988; x_wconf 84' lang='lat'>13):</span> <span class='ocrx_word' id='word_1_709' title='bbox 1255 1952 1350 1986; x_wconf 89' lang='lat' dir='ltr'>atque</span> <span class='ocrx_word' id='word_1_710' title='bbox 1362 1946 1421 1978; x_wconf 88' lang='lat' dir='ltr'>hoc</span> <span class='ocrx_word' id='word_1_711' title='bbox 1434 1947 1563 1986; x_wconf 86' lang='lat' dir='ltr'>signum</span> <span class='ocrx_word' id='word_1_712' title='bbox 1577 1946 1642 1976; x_wconf 86' lang='lat' dir='ltr'>fore</span> <span class='ocrx_word' id='word_1_713' title='bbox 1655 1944 1855 1984; x_wconf 88' lang='lat' dir='ltr'>pronunciat,</span> <span class='ocrx_word' id='word_1_714' title='bbox 1869 1941 2068 1982; x_wconf 93' lang='lat' dir='ltr'>quodunctio</span> 
     </span>
     <span class='ocr_line' id='line_1_99' title="bbox 1106 1984 2069 2021; baseline -0.007 0"><span class='ocrx_word' id='word_1_715' title='bbox 1106 1991 1149 2021; x_wconf 86' lang='lat' dir='ltr'>sit</span> <span class='ocrx_word' id='word_1_716' title='bbox 1161 2000 1179 2020; x_wconf 87' lang='lat' dir='ltr'>a</span> <span class='ocrx_word' id='word_1_717' title='bbox 1194 1990 1271 2020; x_wconf 89' lang='lat' dir='ltr'>Deo.</span> <span class='ocrx_word' id='word_1_718' title='bbox 1296 1989 1363 2020; x_wconf 93' lang='lat' dir='ltr'>Diu</span> <span class='ocrx_word' id='word_1_719' title='bbox 1377 1996 1407 2019; x_wconf 87' lang='lat' dir='ltr'>et</span> <span class='ocrx_word' id='word_1_720' title='bbox 1418 1989 1521 2019; x_wconf 90' lang='lat' dir='ltr'>dubiis</span> <span class='ocrx_word' id='word_1_721' title='bbox 1534 1988 1660 2019; x_wconf 87' lang='lat' dir='ltr'>casibus</span> <span class='ocrx_word' id='word_1_722' title='bbox 1678 1985 1865 2017; x_wconf 82' lang='lat' dir='ltr'>bellandum</span> <span class='ocrx_word' id='word_1_723' title='bbox 1888 1984 1957 2021; x_wconf 89' lang='lat' dir='ltr'>fuit,</span> <span class='ocrx_word' id='word_1_724' title='bbox 1977 1988 2069 2015; x_wconf 89' lang='lat' dir='ltr'>ante-</span> 
     </span>
     <span class='ocr_line' id='line_1_100' title="bbox 1106 2029 2070 2073; baseline -0.007 -10"><span class='ocrx_word' id='word_1_725' title='bbox 1106 2043 1200 2073; x_wconf 88' lang='lat' dir='ltr'>quam</span> <span class='ocrx_word' id='word_1_726' title='bbox 1216 2033 1275 2063; x_wconf 90' lang='lat' dir='ltr'>hoc</span> <span class='ocrx_word' id='word_1_727' title='bbox 1288 2032 1381 2072; x_wconf 87' lang='lat' dir='ltr'>signo</span> <span class='ocrx_word' id='word_1_728' title='bbox 1399 2032 1559 2062; x_wconf 85' lang='lat' dir='ltr'>frueretur</span> <span class='ocrx_word' id='word_1_729' title='bbox 1577 2029 1699 2061; x_wconf 89' lang='lat' dir='ltr'>David:</span> <span class='ocrx_word' id='word_1_730' title='bbox 1715 2039 1817 2068; x_wconf 86' lang='lat' dir='ltr'>neque</span> <span class='ocrx_word' id='word_1_731' title='bbox 1836 2032 1943 2059; x_wconf 89' lang='lat' dir='ltr'>tamen</span> <span class='ocrx_word' id='word_1_732' title='bbox 1960 2036 2070 2066; x_wconf 91' lang='lat' dir='ltr'>super-</span> 
     </span>
     <span class='ocr_line' id='line_1_101' title="bbox 1108 2069 2070 2113; baseline -0.008 -7"><span class='ocrx_word' id='word_1_733' title='bbox 1108 2086 1242 2106; x_wconf 85' lang='lat' dir='ltr'>vacuum</span> <span class='ocrx_word' id='word_1_734' title='bbox 1263 2075 1453 2111; x_wconf 84' lang='lat' dir='ltr'>censebitur,</span> <span class='ocrx_word' id='word_1_735' title='bbox 1473 2074 1547 2113; x_wconf 89' lang='lat' dir='ltr'>quia</span> <span class='ocrx_word' id='word_1_736' title='bbox 1560 2083 1616 2103; x_wconf 86' lang='lat' dir='ltr'>suo</span> <span class='ocrx_word' id='word_1_737' title='bbox 1629 2078 1770 2111; x_wconf 87' lang='lat' dir='ltr'>tempore</span> <span class='ocrx_word' id='word_1_738' title='bbox 1784 2069 1989 2110; x_wconf 87' lang='lat' dir='ltr'>comprobata</span> <span class='ocrx_word' id='word_1_739' title='bbox 2008 2069 2070 2099; x_wconf 91' lang='lat' dir='ltr'>fuit</span> 
     </span>
     <span class='ocr_line' id='line_1_102' title="bbox 1109 2111 2068 2158; baseline -0.008 -9"><span class='ocrx_word' id='word_1_740' title='bbox 1109 2119 1169 2149; x_wconf 80' lang='lat' dir='ltr'>Dei</span> <span class='ocrx_word' id='word_1_741' title='bbox 1189 2118 1302 2158; x_wconf 83' lang='lat' dir='ltr'>gratia.</span> <span class='ocrx_word' id='word_1_742' title='bbox 1328 2118 1376 2148; x_wconf 92' lang='lat' dir='ltr'>De</span> <span class='ocrx_word' id='word_1_743' title='bbox 1389 2117 1543 2147; x_wconf 88' lang='lat' dir='ltr'>solvenda</span> <span class='ocrx_word' id='word_1_744' title='bbox 1560 2116 1647 2146; x_wconf 80' lang='lat' dir='ltr'>urbis</span> <span class='ocrx_word' id='word_1_745' title='bbox 1666 2114 1830 2145; x_wconf 88' lang='lat' dir='ltr'>obsidione</span> <span class='ocrx_word' id='word_1_746' title='bbox 1842 2113 1942 2143; x_wconf 83' lang='lat' dir='ltr'>Isaias</span> <span class='ocrx_word' id='word_1_747' title='bbox 1955 2112 2004 2149; x_wconf 80' lang='lat'>37,</span> <span class='ocrx_word' id='word_1_748' title='bbox 2017 2111 2068 2148; x_wconf 81' lang='lat'>30,</span> 
     </span>
     <span class='ocr_line' id='line_1_103' title="bbox 1107 2157 2068 2200; baseline -0.008 -9"><span class='ocrx_word' id='word_1_749' title='bbox 1107 2161 1276 2196; x_wconf 80' lang='lat' dir='ltr'>disserens,</span> <span class='ocrx_word' id='word_1_750' title='bbox 1294 2161 1421 2200; x_wconf 83' lang='lat' dir='ltr'>signum</span> <span class='ocrx_word' id='word_1_751' title='bbox 1435 2158 1596 2198; x_wconf 78' lang='lat' dir='ltr'>adiungit:</span> <span class='ocrx_word' id='word_1_752' title='bbox 1612 2157 1795 2189; x_wconf 82' lang='lat' dir='ltr'>Comcdetis</span> <span class='ocrx_word' id='word_1_753' title='bbox 1809 2157 1865 2187; x_wconf 89' lang='lat' dir='ltr'>hoc</span> <span class='ocrx_word' id='word_1_754' title='bbox 1878 2165 1971 2191; x_wconf 79' lang='lat' dir='ltr'>anno,</span> <span class='ocrx_word' id='word_1_755' title='bbox 1986 2163 2068 2194; x_wconf 84' lang='lat' dir='ltr'>quae</span> 
     </span>
     <span class='ocr_line' id='line_1_104' title="bbox 1106 2197 2069 2243; baseline -0.008 -9"><span class='ocrx_word' id='word_1_756' title='bbox 1106 2209 1202 2243; x_wconf 87' lang='lat' dir='ltr'>ponte</span> <span class='ocrx_word' id='word_1_757' title='bbox 1226 2207 1411 2234; x_wconf 88' lang='lat' dir='ltr'>nascentur:</span> <span class='ocrx_word' id='word_1_758' title='bbox 1437 2202 1537 2233; x_wconf 88' lang='lat' dir='ltr'>altero</span> <span class='ocrx_word' id='word_1_759' title='bbox 1560 2211 1642 2240; x_wconf 87' lang='lat' dir='ltr'>quac</span> <span class='ocrx_word' id='word_1_760' title='bbox 1665 2210 1702 2230; x_wconf 82' lang='lat' dir='ltr'>ex</span> <span class='ocrx_word' id='word_1_761' title='bbox 1727 2203 1840 2239; x_wconf 87' lang='lat' dir='ltr'>sponte</span> <span class='ocrx_word' id='word_1_762' title='bbox 1863 2197 2069 2228; x_wconf 84' lang='lat' dir='ltr'>nascentibus</span> 
     </span>
     <span class='ocr_line' id='line_1_105' title="bbox 1106 2239 2069 2286; baseline -0.009 -9"><span class='ocrx_word' id='word_1_763' title='bbox 1106 2245 1356 2286; x_wconf 83' lang='lat' dir='ltr'>pullulaverint:</span> <span class='ocrx_word' id='word_1_764' title='bbox 1391 2245 1484 2275; x_wconf 89' lang='lat' dir='ltr'>tertio</span> <span class='ocrx_word' id='word_1_765' title='bbox 1514 2254 1597 2274; x_wconf 84' lang='lat' dir='ltr'>anno</span> <span class='ocrx_word' id='word_1_766' title='bbox 1634 2241 1847 2278; x_wconf 83' lang='lat' dir='ltr'>seminabitis,</span> <span class='ocrx_word' id='word_1_767' title='bbox 1882 2239 2069 2279; x_wconf 83' lang='lat' dir='ltr'>plantabitis</span> 
     </span>
     <span class='ocr_line' id='line_1_106' title="bbox 1108 2281 2069 2326; baseline -0.007 -8"><span class='ocrx_word' id='word_1_768' title='bbox 1108 2289 1226 2326; x_wconf 85' lang='lat' dir='ltr'>vineas,</span> <span class='ocrx_word' id='word_1_769' title='bbox 1260 2292 1293 2318; x_wconf 87' lang='lat' dir='ltr'>et</span> <span class='ocrx_word' id='word_1_770' title='bbox 1311 2287 1483 2319; x_wconf 83' lang='lat' dir='ltr'>comedetis</span> <span class='ocrx_word' id='word_1_771' title='bbox 1506 2287 1656 2317; x_wconf 86' lang='lat' dir='ltr'>fructum.</span> <span class='ocrx_word' id='word_1_772' title='bbox 1702 2284 1833 2315; x_wconf 85' lang='lat' dir='ltr'>Dictum</span> <span class='ocrx_word' id='word_1_773' title='bbox 1864 2282 1926 2313; x_wconf 87' lang='lat' dir='ltr'>fuit</span> <span class='ocrx_word' id='word_1_774' title='bbox 1954 2281 2069 2312; x_wconf 88' lang='lat' dir='ltr'>Ioanni</span> 
     </span>
     <span class='ocr_line' id='line_1_107' title="bbox 1106 2325 2069 2371; baseline -0.009 -9"><span class='ocrx_word' id='word_1_775' title='bbox 1106 2332 1279 2371; x_wconf 82' lang='lat' dir='ltr'>baptistae,</span> <span class='ocrx_word' id='word_1_776' title='bbox 1313 2341 1409 2371; x_wconf 83' lang='lat' dir='ltr'>super</span> <span class='ocrx_word' id='word_1_777' title='bbox 1432 2340 1524 2369; x_wconf 91' lang='lat' dir='ltr'>quem</span> <span class='ocrx_word' id='word_1_778' title='bbox 1550 2327 1667 2359; x_wconf 86' lang='lat' dir='ltr'>videris</span> <span class='ocrx_word' id='word_1_779' title='bbox 1690 2327 1836 2366; x_wconf 87' lang='lat' dir='ltr'>spiritum</span> <span class='ocrx_word' id='word_1_780' title='bbox 1866 2325 2069 2360; x_wconf 86' lang='lat' dir='ltr'>descendere,</span> 
     </span>
     <span class='ocr_line' id='line_1_108' title="bbox 1108 2366 2066 2413; baseline -0.008 -9"><span class='ocrx_word' id='word_1_781' title='bbox 1108 2375 1159 2404; x_wconf 89' lang='lat' dir='ltr'>hic</span> <span class='ocrx_word' id='word_1_782' title='bbox 1182 2379 1230 2404; x_wconf 89' lang='lat' dir='ltr'>est</span> <span class='ocrx_word' id='word_1_783' title='bbox 1253 2374 1306 2413; x_wconf 93' lang='lat' dir='ltr'>qui</span> <span class='ocrx_word' id='word_1_784' title='bbox 1330 2373 1470 2413; x_wconf 80' lang='lat' dir='ltr'>baptizat</span> <span class='ocrx_word' id='word_1_785' title='bbox 1498 2372 1530 2402; x_wconf 90' lang='lat' dir='ltr'>in</span> <span class='ocrx_word' id='word_1_786' title='bbox 1561 2370 1675 2410; x_wconf 88' lang='lat' dir='ltr'>spiritu</span> <span class='ocrx_word' id='word_1_787' title='bbox 1699 2376 1731 2400; x_wconf 87' lang='lat' dir='ltr'>ct</span> <span class='ocrx_word' id='word_1_788' title='bbox 1754 2369 1819 2409; x_wconf 87' lang='lat' dir='ltr'>igni</span> <span class='ocrx_word' id='word_1_789' title='bbox 1844 2367 1925 2408; x_wconf 86' lang='lat' dir='ltr'>(Iob.</span> <span class='ocrx_word' id='word_1_790' title='bbox 1952 2367 1978 2403; x_wconf 87' lang='lat'>1,</span> <span class='ocrx_word' id='word_1_791' title='bbox 2002 2366 2066 2407; x_wconf 86' lang='lat'>33).</span> 
     </span>
     <span class='ocr_line' id='line_1_109' title="bbox 1106 2410 2066 2456; baseline -0.008 -9"><span class='ocrx_word' id='word_1_792' title='bbox 1106 2416 1206 2456; x_wconf 89' lang='lat' dir='ltr'>Atqui</span> <span class='ocrx_word' id='word_1_793' title='bbox 1229 2422 1399 2455; x_wconf 85' lang='lat' dir='ltr'>antequam</span> <span class='ocrx_word' id='word_1_794' title='bbox 1428 2415 1555 2455; x_wconf 83' lang='lat' dir='ltr'>signum</span> <span class='ocrx_word' id='word_1_795' title='bbox 1579 2413 1657 2443; x_wconf 85' lang='lat' dir='ltr'>illud</span> <span class='ocrx_word' id='word_1_796' title='bbox 1681 2412 1890 2451; x_wconf 88' lang='lat' dir='ltr'>conspiceret,</span> <span class='ocrx_word' id='word_1_797' title='bbox 1920 2410 1982 2440; x_wconf 87' lang='lat' dir='ltr'>iam</span> <span class='ocrx_word' id='word_1_798' title='bbox 2015 2419 2066 2439; x_wconf 90' lang='lat' dir='ltr'>co-</span> 
     </span>
     <span class='ocr_line' id='line_1_110' title="bbox 1107 2452 2067 2499; baseline -0.009 -9"><span class='ocrx_word' id='word_1_799' title='bbox 1107 2465 1264 2499; x_wconf 87' lang='lat' dir='ltr'>gnoverat</span> <span class='ocrx_word' id='word_1_800' title='bbox 1293 2459 1460 2489; x_wconf 86' lang='lat' dir='ltr'>Christum</span> <span class='ocrx_word' id='word_1_801' title='bbox 1490 2466 1558 2487; x_wconf 82' lang='lat' dir='ltr'>esse</span> <span class='ocrx_word' id='word_1_802' title='bbox 1587 2455 1686 2486; x_wconf 88' lang='lat' dir='ltr'>filium</span> <span class='ocrx_word' id='word_1_803' title='bbox 1717 2454 1786 2485; x_wconf 91' lang='lat' dir='ltr'>Dei.</span> <span class='ocrx_word' id='word_1_804' title='bbox 1840 2453 1950 2491; x_wconf 79' lang='lat' dir='ltr'>Neque</span> <span class='ocrx_word' id='word_1_805' title='bbox 1981 2452 2067 2482; x_wconf 83' lang='lat' dir='ltr'>enim</span> 
     </span>
     <span class='ocr_line' id='line_1_111' title="bbox 1106 2493 2067 2538; baseline -0.009 -6"><span class='ocrx_word' id='word_1_806' title='bbox 1106 2512 1181 2532; x_wconf 91' lang='lat' dir='ltr'>eum</span> <span class='ocrx_word' id='word_1_807' title='bbox 1204 2502 1348 2532; x_wconf 88' lang='lat' dir='ltr'>latebant</span> <span class='ocrx_word' id='word_1_808' title='bbox 1371 2500 1538 2538; x_wconf 84' lang='lat' dir='ltr'>utriusque</span> <span class='ocrx_word' id='word_1_809' title='bbox 1561 2497 1704 2538; x_wconf 88' lang='lat' dir='ltr'>parentis</span> <span class='ocrx_word' id='word_1_810' title='bbox 1728 2496 1890 2527; x_wconf 81' lang='lat' dir='ltr'>vaticinia.</span> <span class='ocrx_word' id='word_1_811' title='bbox 1926 2494 1991 2525; x_wconf 78' lang='lat' dir='ltr'>Sed</span> <span class='ocrx_word' id='word_1_812' title='bbox 2015 2493 2067 2524; x_wconf 83' lang='lat' dir='ltr'>ab-</span> 
     </span>
     <span class='ocr_line' id='line_1_112' title="bbox 1106 2537 2065 2580; baseline -0.008 -6"><span class='ocrx_word' id='word_1_813' title='bbox 1106 2543 1240 2575; x_wconf 83' lang='lat' dir='ltr'>surdum</span> <span class='ocrx_word' id='word_1_814' title='bbox 1266 2555 1327 2574; x_wconf 82' lang='lat' dir='ltr'>non</span> <span class='ocrx_word' id='word_1_815' title='bbox 1353 2550 1409 2579; x_wconf 85' lang='lat' dir='ltr'>est,</span> <span class='ocrx_word' id='word_1_816' title='bbox 1441 2542 1536 2573; x_wconf 84' lang='lat' dir='ltr'>fidem</span> <span class='ocrx_word' id='word_1_817' title='bbox 1568 2550 1648 2580; x_wconf 85' lang='lat' dir='ltr'>quae</span> <span class='ocrx_word' id='word_1_818' title='bbox 1672 2540 1703 2569; x_wconf 86' lang='lat' dir='ltr'>in</span> <span class='ocrx_word' id='word_1_819' title='bbox 1729 2539 1826 2570; x_wconf 90' lang='lat' dir='ltr'>verbo</span> <span class='ocrx_word' id='word_1_820' title='bbox 1850 2537 1985 2568; x_wconf 81' lang='lat' dir='ltr'>fundata</span> <span class='ocrx_word' id='word_1_821' title='bbox 2008 2542 2065 2573; x_wconf 87' lang='lat' dir='ltr'>est,</span> 
     </span>
    </p>
   </div>
   <div class='ocr_carea' id='block_1_9' title="bbox 1138 2604 1307 2607">
    <p class='ocr_par' dir='ltr' id='par_1_11' title="bbox 1138 2604 1307 2607">
     <span class='ocr_line' id='line_1_113' title="bbox 1138 2604 1307 2607; baseline 0 0"><span class='ocrx_word' id='word_1_822' title='bbox 1138 2604 1307 2607; x_wconf 95' lang='lat' dir='ltr'> </span> 
     </span>
    </p>
   </div>
   <div class='ocr_carea' id='block_1_10' title="bbox 1177 2636 1507 2669">
    <p class='ocr_par' dir='ltr' id='par_1_12' title="bbox 1177 2636 1507 2669">
     <span class='ocr_line' id='line_1_114' title="bbox 1177 2636 1507 2669; baseline -0.006 -8"><span class='ocrx_word' id='word_1_823' title='bbox 1177 2636 1204 2667; x_wconf 93' lang='grc'>1)</span> <span class='ocrx_word' id='word_1_824' title='bbox 1225 2637 1367 2669; x_wconf 78' lang='lat' dir='ltr'>Princeps:</span> <span class='ocrx_word' id='word_1_825' title='bbox 1387 2637 1507 2660; x_wconf 78' lang='lat' dir='ltr'>Cunctos.</span> 
     </span>
    </p>
   </div>
  </div>
 </body>
</html>
