2304 3034
112 178 152 209 53
693 176 1059 209 COMMENTARIUS
1082 177 1131 208 IN
1155 178 1303 210 EXODI
1327 180 1423 212 CAP.
1448 182 1506 212 lv.

112 271 151 303 ad
175 273 327 303 maiorem
352 271 578 303 certitudinem
609 275 639 301 et
661 270 875 301 constantiam
899 270 1072 318 perductus

112 321 169 348 est.
214 315 299 346 Nam
325 314 407 354 quod
438 314 532 344 altius
560 312 639 343 illud
670 312 862 352 principium
894 318 1010 352 repetit
1033 313 1072 342 de

112 366 258 389 veterum
284 364 409 397 patrum
434 357 616 395 adoptione,
648 355 774 385 tametsi
805 354 844 384 ad
873 355 1070 402 fundandam

113 413 201 442 spem
227 399 452 439 redemptionis
479 398 658 437 spectabat,
691 408 753 427 non
784 404 892 427 tamen
922 397 993 428 ldeo
1023 408 1071 428 se—

113 445 221 485 quitur
254 443 352 473 fuisse
384 446 587 481 praeparatos
620 439 658 470 ad
694 439 913 478 recipiendum
948 440 1070 476 Mosen,

113 488 213 518 donec
239 485 390 516 autoritas
420 484 486 514 eius
515 481 693 512 ministerio
719 489 809 520 parta
841 482 910 512 fuit.
963 482 1072 521 Quare

113 529 180 560 dixi
204 527 297 559 fidem
322 528 354 557 in
378 525 441 556 illis
463 524 560 555 fuisse
584 524 736 555 miraculo
760 524 953 555 inchoatam.

198 572 227 602 ss.
262 570 361 600 Indue
394 578 474 598 nune
506 577 631 597 manum
665 570 750 597 tuam
784 568 814 597 in
846 568 949 598 statam
975 570 1069 598 tuum.

112 614 182 645 Hoc
206 614 297 652 signo
321 610 449 641 edoctus
473 610 531 640 fuit
554 609 671 644 Moses
696 608 778 648 quod
803 610 944 640 maxime
977 621 1070 650 vege-

112 662 180 687 tum
204 662 252 686 est
274 663 416 685 arescere
440 652 585 692 protinus
610 652 647 682 ad
669 650 731 682 Dei
753 657 877 688 nutum,
902 659 933 682 et
958 663 1071 683 rursus

112 698 193 739 quod
229 697 352 727 aridum
382 701 432 726 est
461 694 585 725 restitui
616 694 751 734 pristino
780 695 898 734 vigori:
934 694 1070 734 denique

112 740 316 780 comprobata
338 738 396 768 fuit
425 737 478 767 illa
503 736 595 767 Pauli
627 737 800 773 sententia,
828 737 931 768 Deum
957 748 1071 781 vocare

112 793 241 823 eaquae
261 792 323 812 non
343 786 426 817 sunt,
451 785 605 819 tanquam
625 780 689 809 sint
709 778 815 820 (Rom.
829 779 857 816 4,
886 780 945 821 17),
982 780 1070 829 Haec

111 827 171 857 fuit
200 825 318 865 species
350 823 472 862 leprae,
507 832 603 861 quum
632 832 671 852 cx
706 822 778 852 aula
814 823 974 862 relegatus
1008 824 1072 853 fuit

112 869 220 900 Moses
242 867 274 897 in
303 866 427 896 deserta
450 864 599 901 Madian,
636 864 688 895 ubi
719 875 850 905 gregem
882 865 1071 905 circumegit

112 922 168 951 per
197 910 263 941 loca
298 916 381 939 tesca
415 913 443 937 et
477 918 605 946 aspera,
639 907 725 937 iuter
757 914 863 938 sentes
898 913 929 938 et
964 908 1069 938 rubos.

112 954 285 991 Postquam
319 961 419 981 annos
456 949 668 989 quadraginta
708 950 822 981 similis
862 951 1070 981 semimortuo

111 996 276 1033 transegit,
301 1003 398 1033 quum
424 992 514 1023 nulla
539 998 622 1022 esset
645 993 676 1022 iu
702 1003 737 1022 eo
761 992 920 1032 dignitas,
945 993 1068 1023 nullum

111 1032 240 1073 nomen]
282 1036 371 1076 quasi
406 1035 602 1074 postliminio
638 1036 755 1074 recepit
790 1035 872 1075 quod
907 1037 1068 1066 amiserat.

110 1081 223 1120 Itaque
256 1088 339 1109 nunc
369 1078 399 1108 ei
428 1078 585 1117 promittit
611 1077 700 1108 Deus
724 1089 757 1108 se
781 1078 864 1118 quod
892 1078 1070 1109 abstulerat
1094 1095 1095 1105 t

110 1134 183 1153 mox
207 1121 415 1152 redditurum.
462 1120 550 1150 Haec
574 1120 711 1159 simplex
737 1127 783 1151 est
810 1121 893 1157 signi
921 1121 1069 1156 analogia

109 1176 181 1196 cum
205 1175 261 1195 suo
280 1163 404 1199 effectu,
427 1174 489 1202 qua
508 1169 677 1194 contentus
697 1164 755 1193 erit
777 1163 939 1194 modestus
960 1164 1068 1201 lector,
1094 1168 1095 1176 ¹

106 1207 215 1239 valere
238 1207 332 1237 iussis
355 1205 492 1236 aliorum
517 1206 663 1245 argutiis.
711 1206 779 1238 Hoc
807 1207 892 1236 enim
924 1206 1069 1246 apprime

105 1250 234 1290 cognitu
258 1248 473 1280 necessarium
497 1248 574 1284 fuit,
599 1256 684 1278 stare
708 1256 737 1278 et
762 1248 874 1279 eadere
900 1249 960 1279 Dei
985 1248 1066 1279 arbi-

104 1293 166 1324 trio
185 1298 314 1324 cunctos
328 1291 491 1321 mortales:
513 1291 587 1321 dum
609 1291 749 1322 maxime
771 1291 922 1322 videntur
936 1292 1066 1329 robusti,

104 1345 300 1366 marcescere
319 1339 449 1373 repente
463 1345 571 1364 eorum
594 1334 685 1370 vires,
706 1344 741 1364 ac
755 1334 932 1365 tabescere:
953 1334 1067 1365 deinde

105 1378 239 1408 simulac
262 1376 330 1407 Deo
366 1377 469 1407 visum
504 1382 565 1412 est,
600 1376 631 1406 iu
668 1377 835 1407 florentem
867 1384 896 1407 et
929 1377 1066 1408 nitidum

105 1425 226 1452 statum
258 1431 296 1450 ex
327 1419 459 1449 deformi
490 1425 521 1449 et
552 1419 671 1450 caduco
703 1419 819 1450 redire.
870 1420 941 1451 Hoc
972 1420 1066 1451 modo

105 1463 216 1494 didicit
234 1468 362 1493 sanctus
387 1462 442 1498 vir,
467 1462 561 1493 sicuti
585 1460 623 1492 ad
648 1468 773 1501 tempus
793 1462 934 1493 iacuerat
954 1462 1065 1493 obscu-

105 1516 174 1543 rus,
199 1505 270 1545 quia
302 1504 361 1535 Dei
387 1515 486 1534 manu
510 1503 664 1535 abductus
694 1505 797 1535 fuerat
829 1505 867 1536 ab
899 1505 1065 1536 homiuum

105 1548 272 1585 consortio,
297 1554 328 1578 et
350 1548 511 1578 coniectus
535 1547 566 1577 in
592 1547 817 1584 solitudinem,
842 1547 887 1578 ita
909 1559 970 1578 nou
995 1559 1065 1578 esse

105 1590 337 1630 desperandum
358 1590 435 1629 quin
459 1588 569 1620 eadem
594 1600 691 1620 mauu
718 1591 808 1621 fieret
832 1601 934 1621 novus
959 1590 1064 1621 homo.

103 1633 193 1665 Haec
216 1633 312 1664 etiam
336 1632 474 1664 conditio
493 1631 532 1663 ad
556 1637 659 1663 totum
680 1633 786 1672 populi
805 1644 920 1673 corpus
945 1633 1064 1673 aliqua-

104 1681 198 1706 tenus
229 1675 396 1715 pertinuit:
438 1675 493 1706 sed
530 1676 604 1714 quia
638 1675 753 1706 melius
793 1676 929 1715 quadrat
965 1676 1065 1707 Mosis

103 1729 273 1759 personae,
299 1718 383 1749 hunc
406 1728 534 1748 sensum
560 1719 699 1748 retinere
724 1725 882 1757 praestat,
913 1730 952 1749 ne
975 1730 1066 1758 prae-

103 1766 226 1792 sentem
247 1761 403 1791 duntaxat
423 1760 607 1791 facultatem
628 1762 810 1797 aestimans,
831 1762 904 1801 quia
917 1761 1065 1793 sordidus

104 1810 152 1835 est
175 1812 297 1844 pastor,
321 1814 354 1834 se
378 1814 486 1842 parem
512 1803 578 1834 sore
602 1803 727 1834 diffidat
758 1803 905 1835 obeundo
930 1805 1064 1841 muneri,

104 1845 160 1877 sed
183 1846 278 1877 decus
306 1852 337 1877 et
366 1846 584 1876 fortitudinem
611 1857 628 1876 a
652 1847 721 1876 Deo
745 1853 918 1886 exspectet.
964 1847 1064 1878 Porro

104 1900 168 1919 non
192 1889 273 1920 Mosi
306 1894 434 1919 tantum
465 1889 618 1928 privatim
649 1889 814 1919 consulere
846 1889 949 1920 voluit
974 1889 1063 1921 Deus

104 1931 152 1973 (ut
171 1931 289 1963 dietum
311 1931 370 1972 est)
390 1931 445 1962 sed
464 1942 537 1962 eum
558 1942 701 1962 asserere
714 1942 732 1962 a
751 1937 936 1971 contemptu
957 1943 1062 1963 eoram

102 1974 233 2014 populo,
266 1985 306 2005 ne
337 1974 485 2005 exsilium
520 1984 581 2014 quo
617 1973 813 2005 deformatus
854 1975 956 2006 fuerat
996 1976 1064 2007 cius

103 2016 268 2057 splendor,
302 2018 438 2057 gratiam
473 2021 504 2047 et
539 2017 741 2048 autoritatem
777 2016 973 2048 detraheret:
1008 2018 1062 2049 sed

104 2060 176 2098 quia
209 2060 267 2090 Dei
297 2060 418 2090 vocatio
456 2060 558 2090 instar
600 2060 845 2091 resurrectionis
887 2060 917 2090 in
952 2067 1062 2092 sancte

103 2102 172 2132 viro
195 2102 355 2142 fulgebat,
384 2107 419 2132 ut
441 2102 468 2132 ei
493 2102 588 2133 simul
618 2107 783 2133 constaret
813 2103 1008 2134 existimatio
1033 2109 1063 2135 et

103 2143 252 2184 dignitas.

190 2187 217 2217 8.
242 2186 282 2217 Et
305 2187 370 2225 erit,
388 2187 417 2218 si
439 2198 497 2218 uon
520 2188 712 2219 crediderint.
757 2188 819 2218 His
843 2188 949 2219 verbis
974 2189 1063 2220 Deus

105 2239 213 2258 ansani
238 2228 402 2260 dubitandi
426 2230 579 2269 praecidit
603 2230 703 2261 Mosi:
728 2231 817 2270 quasi
842 2231 961 2262 diceret
985 2233 1063 2263 satis

106 2281 175 2301 esse
198 2271 389 2302 instructum
420 2278 452 2303 et
474 2273 633 2304 munitum
665 2273 704 2303 ad
736 2273 923 2304 vincendam
955 2275 1062 2314 populi

106 2313 333 2353 pervicaciam,
362 2320 393 2345 et
422 2320 528 2346 tamen
558 2320 592 2345 ut
615 2326 711 2355 supra
734 2317 851 2346 iustam
877 2327 1062 2348 mensuram

105 2356 244 2386 emineat
275 2357 434 2395 cumulus,
460 2358 590 2389 tertium
614 2358 743 2398 signum
766 2369 842 2389 mox
866 2360 1062 2398 superaddit,

106 2397 191 2428 unde
214 2398 320 2429 Moses
343 2399 468 2438 plenam
493 2401 640 2431 fiduciam
671 2402 836 2440 concipere
867 2401 991 2439 debuit,
1023 2415 1062 2434 ne

105 2440 181 2479 quid
201 2440 336 2479 amplius
356 2452 496 2472 remorae
520 2443 570 2483 pio
590 2444 658 2474 eius
678 2445 783 2474 studio
805 2444 956 2475 obstaret.
991 2445 1063 2478 Hoc

106 2493 200 2522 porro
233 2483 358 2521 insigne
395 2490 441 2514 est
475 2485 700 2516 documentum
736 2487 956 2526 indulgentiae
991 2488 1061 2526 Dei,

107 2525 188 2564 quod
214 2531 278 2555 tam
310 2525 483 2557 liberaliter
511 2528 603 2567 signa
634 2529 735 2569 signis
766 2529 881 2560 addere
911 2530 1061 2569 dignatus

107 2574 162 2605 est,
187 2574 221 2598 ut
244 2577 315 2597 cuni
340 2569 445 2607 populi
470 2570 590 2601 malitia
611 2576 756 2609 certaret,
781 2572 880 2603 donec
900 2579 1061 2612 torpentes

106 2609 179 2640 forti
204 2621 300 2640 manu
325 2610 467 2641 traheret
489 2612 527 2643 ad
551 2613 755 2645 eredendum.
797 2615 892 2645 Certe
918 2616 1061 2655 neglecto

2052 188 2094 218 54

1124 272 1227 311 primo
1251 274 1414 311 miraculo,
1440 276 1563 316 indigni
1587 284 1679 308 erant
1701 279 1816 318 quibus
1836 280 1926 310 Deus
1950 280 2088 312 alterum

1123 316 1285 354 potentiae
1309 327 1384 348 suae
1414 320 1573 357 specimen
1606 329 1807 361 proponeret.
1854 323 1957 353 Mirae
1988 323 2089 363 igitur

1123 357 1295 395 patientiae
1308 360 1369 389 fuit
1387 360 1490 393 adhuc
1510 363 1658 393 insistere
1676 363 1715 394 ad
1735 365 1956 405 corrigendam
1977 376 2088 397 eorum

1122 400 1306 431 socordiam.
1352 404 1463 442 Aeque
1492 405 1588 435 etiam
1618 406 1794 438 clementer
1827 407 1920 438 hodie
1944 408 2088 440 tarditati

1123 447 1252 473 nostrae
1292 444 1440 483 ignoscit:
1482 448 1556 486 quia
1588 448 1641 478 ubi
1675 450 1784 481 minus
1818 461 1913 489 quam
1954 451 2088 482 decebat

1122 491 1309 516 reverenter
1349 488 1527 527 excipimus
1568 491 1753 522 testimonia
1794 492 1908 531 quibus
1949 495 2086 533 gratiam

1096 568 1097 571 Ἴ
1123 537 1213 557 suam
1239 528 1444 567 demonstrat,
1470 543 1533 561 non
1558 532 1720 564 ulciscitur
1745 541 1808 565 tam
1833 535 1956 566 foedam
1978 536 2087 576 ingra-

1123 570 1309 608 titudinem,
1334 572 1387 602 sed
1414 584 1496 604 nova
1520 575 1625 614 potius
1648 576 1791 607 subsidia
1815 578 1979 618 adiungit,
2005 589 2086 618 quae

1123 619 1251 643 nostrae
1285 614 1504 647 incredulitati
1540 617 1738 650 medeantur.
1783 619 1853 650 Iam
1891 632 1964 651 vero
2004 623 2087 652 sicut

1123 654 1246 685 duobus
1281 658 1443 688 miraculis
1474 660 1613 690 ostendit
1642 661 1731 692 Deus
1766 663 1959 701 potentiam,
1989 675 2085 703 quam

1096 726 1099 734 s
1123 698 1250 728 volebat
1273 710 1329 738 per
1353 710 1484 731 manum
1509 703 1609 733 Mosis
1637 714 1801 742 exserere,
1832 707 1877 736 ita
1907 705 1967 736 hoc
1991 707 2086 738 tertio

1124 739 1230 770 docuit
1264 742 1365 780 qualis
1400 754 1476 782 erga
1510 746 1685 784 Aegypt-ios
1723 747 1848 778 futurus
1888 755 1980 779 esset.
2036 751 2086 781 Ac

1122 783 1257 821 proinde
1280 784 1364 815 intus
1388 792 1419 815 et
1443 791 1534 817 extra
1563 790 1769 820 confirmatus
1798 790 1858 820 fuit
1882 791 1988 822 Moses
2011 802 2083 822 cum

1123 830 1188 855 teto
1210 826 1335 865 populo.
1381 829 1516 859 Summa
1540 830 1639 869 igitur
1670 837 1730 868 est,
1760 832 1813 863 ubi
1837 832 1926 864 Deus
1950 844 2084 865 manum

1122 878 1214 898 suam
1244 876 1354 899 contra
1387 872 1562 911 Aegyptios
1593 874 1759 910 extulerit,
1793 875 1871 906 adeo
1906 876 1986 906 nihil
2022 877 2085 908 illis

1123 911 1239 941 virium
1264 911 1303 941 ad
1328 913 1540 944 resistendum
1565 916 1648 952 fore,
1680 924 1715 946 ut
1738 918 1934 949 munitiones
1968 919 2085 958 quibus

1121 954 1232 984 contisi
1257 955 1497 993 superbiebant,
1530 958 1586 987 sibi
1616 958 1767 990 adversas
1791 971 1859 991 esse
1883 962 2023 992 sentiant
2047 974 2084 994 ac

1122 997 1244 1027 noxias.
1291 996 1419 1028 Scimus
1442 1009 1536 1038 quam
1563 1001 1664 1031 multa
1687 1007 1718 1032 et
1743 1004 1831 1033 varia
1854 1005 2019 1035 commoda
2043 1015 2084 1037 ex

1122 1038 1195 1069 Nilo
1224 1040 1436 1079 perciperent.
1490 1042 1567 1072 Erat
1599 1044 1683 1073 enim
1714 1046 1800 1085 regio
1831 1045 1869 1075 ab
1900 1057 1963 1077 una
1993 1054 2084 1086 parte

1121 1082 1210 1120 quasi
1236 1083 1380 1121 opposito
1400 1084 1539 1115 claustro
1561 1092 1625 1115 tuta
1643 1093 1671 1115 et
1691 1087 1968 1127 inexpugnabilis:
1990 1090 2085 1121 multi

1121 1130 1231 1163 portus
1268 1130 1377 1155 mutuo
1418 1133 1595 1158 commeatu
1630 1128 1668 1159 ad
1709 1140 1829 1161 merces
1866 1133 2084 1170 exportandas

1120 1174 1150 1196 et
1185 1167 1406 1207 iuiportandas
1441 1175 1567 1209 gentem
1603 1170 1763 1202 ditabant:
1799 1183 1838 1203 ex
1872 1175 2084 1207 inundatione

1120 1219 1271 1249 agrorum
1302 1211 1463 1242 fertilitas:
1501 1212 1635 1252 denique
1668 1216 1837 1255 Aegyptus
1875 1218 2082 1257 praecipuam

1120 1252 1282 1283 felicitatis
1302 1264 1378 1284 suae
1403 1261 1523 1293 partem
1549 1256 1672 1286 locabat
1696 1258 1727 1287 iu
1742 1257 1825 1288 Nilo.
1860 1259 1956 1290 Nunc
1974 1268 2083 1292 autem

1120 1294 1271 1326 admonet
1286 1295 1372 1327 Deus
1385 1307 1446 1327 uon
1467 1298 1559 1329 modo
1580 1299 1658 1329 nihil
1678 1300 1882 1340 profuturum
1899 1303 2081 1342 Aegyptiis,

1121 1337 1175 1367 sed
1200 1338 1233 1368 in
1258 1349 1354 1368 manu
1378 1351 1435 1370 sua
1459 1351 1527 1370 esse
1550 1342 1790 1374 commoditates
1818 1354 1929 1375 omnes
1958 1351 2083 1377 vertere

1119 1380 1153 1410 in
1178 1391 1293 1411 noxas:
1319 1392 1353 1412 ac
1377 1383 1403 1412 si
1423 1383 1542 1413 fluvius
1563 1384 1643 1422 ipse,
1668 1386 1720 1423 qui
1744 1390 1863 1416 terram
1887 1399 1944 1418 sua
1967 1388 2082 1428 irriga-

1120 1423 1207 1453 tione
1232 1424 1418 1455 foecundam
1444 1425 1575 1456 reddere
1599 1426 1727 1464 solebat,
1749 1439 1817 1458 eam
1837 1431 1996 1470 sauguine
2019 1432 2082 1462 foe-

1121 1465 1212 1496 daret
1243 1471 1338 1506 atque
1369 1468 1516 1507 operiret.
1562 1468 1654 1507 Quod
1679 1471 1793 1501 attinet
1822 1471 1860 1502 ad
1887 1473 1996 1510 verba,
2022 1474 2081 1504 im·

1120 1509 1247 1547 proprie
1267 1520 1328 1539 vox
1349 1511 1433 1550 signi
1452 1511 1580 1550 ponitur
1599 1522 1655 1551 pro
1675 1512 1946 1546 demonstratione
1970 1521 2081 1554 poten-

1120 1551 1184 1581 tiae
1208 1551 1278 1589 Dei,
1304 1564 1364 1591 qua
1388 1553 1492 1584 doceri
1516 1554 1680 1585 Israelitas
1704 1556 1856 1594 oportuit,
1881 1558 1995 1589 Mosen
2018 1559 2080 1590 sibi

1119 1604 1137 1624 a
1170 1594 1239 1624 Deo
1274 1595 1476 1625 liberatorem
1512 1607 1579 1627 esse
1613 1598 1756 1628 missum.
1803 1599 1960 1637 Quamvis
1995 1603 2079 1633 enim

1118 1635 1250 1668 baculus
1283 1638 1315 1667 in
1354 1645 1533 1678 serpentem
1575 1651 1747 1671 conversus
1782 1652 1845 1671 non
1887 1643 2079 1682 loqueretur,

1090 1684 1227 1711 ttamen
1262 1680 1428 1719 plusquam
1464 1692 1576 1712 sonora
1611 1693 1689 1712 vot-e
1723 1683 1882 1715 clamabat
1915 1697 1978 1716 non
2014 1688 2079 1718 fore

1118 1721 1188 1752 Deo
1229 1722 1364 1753 arduum
1401 1724 1482 1763 quod
1524 1735 1653 1763 prorsus
1694 1725 1888 1765 impossibile
1913 1728 2079 1760 israelitae

1116 1765 1283 1804 putabant.
1322 1765 1386 1796 Alii
1408 1767 1594 1805 particulam
1620 1774 1666 1799 n&
1685 1769 1729 1798 sic
1752 1769 1928 1800 resolvunt:
1955 1770 1989 1802 Si
2012 1782 2076 1802 non

1117 1808 1252 1838 creduut
1275 1809 1343 1839 vot-i
1364 1811 1651 1849 proptersignum:
1672 1809 1726 1841 sed
1740 1811 2078 1852 altera.interpretatio

1117 1851 1220 1890 magis
1245 1852 1392 1891 genuina.
1428 1852 1523 1882 Ratio
1543 1860 1648 1883 tamen
1669 1853 1863 1892 loquutionis
1887 1856 1983 1894 paulo
2008 1863 2076 1896 post

1117 1893 1299 1928 subiicitur,
1332 1895 1363 1924 in
1397 1895 1454 1925 hac
1486 1895 1705 1931 distinetione,
1734 1897 1760 1926 si
1792 1907 1853 1927 nou
1883 1898 2078 1930 crediderint

1116 1936 1218 1975 signis
1249 1936 1388 1972 duobus,
1424 1948 1525 1976 neque
1554 1938 1729 1968 obedierint
1759 1939 1826 1970 voci
1862 1945 1950 1971 tuae:
1986 1943 2077 1981 quasi

1117 1978 1237 2009 diceret
1258 1978 1346 2010 Deus
1366 1980 1538 2019 potentiam
1565 1991 1653 2010 suani
1680 1989 1788 2012 tonare
1813 1982 1859 2012 vel
1886 1983 2025 2015 clamare
2044 1985 2078 2016 in

1117 2021 1290 2059 miraculis,
1313 2027 1349 2052 ut
1374 2022 1536 2053 audientia
1559 2024 1614 2053 fiat
1638 2023 1799 2054 doctrinae
1822 2025 1908 2056 servi
1933 2027 1990 2057 sui.

1204 2106 1251 2138 10.
1295 2107 1380 2138 Tum
1418 2108 1498 2138 dtr-it
1528 2107 1630 2138 Zlffoses
1669 2109 1709 2139 ad
1749 2108 1908 2140 Ielaovam:
1950 2111 2077 2144 Obsecro

1116 2149 1258 2187 Domine,
1277 2161 1328 2189 eyn
1348 2161 1405 2181 nou
1417 2161 1486 2181 sum
1505 2151 1552 2181 etr
1567 2151 1706 2187 disertus,
1726 2162 1818 2190 aeque
1829 2162 1848 2181 (ι
1866 2153 1915 2183 die
1927 2152 2075 2194 hesterno,

1115 2202 1208 2231 neque
1237 2193 1477 2231 nudiustertius,
1508 2204 1602 2232 neque
1632 2204 1668 2224 ea:
1690 2205 1745 2232 quo
1773 2194 1913 2232 loquutus
1936 2206 1967 2226 es
1989 2207 2076 2229 servo

1115 2238 1180 2265 tuo:
1219 2236 1365 2274 quoniam
1404 2246 1453 2266 ore
1486 2235 1561 2265 lento
1595 2239 1621 2265 et
1654 2236 1760 2275 linqua
1800 2236 1881 2267 teuta
1913 2248 1964 2276 egso
1995 2249 2074 2271 sum.

1118 2279 1165 2307 11.
1191 2277 1361 2317 Respondit
1391 2281 1492 2309 autem
1521 2279 1570 2309 ‹ttu'
1594 2278 1720 2309 Ielwea:
1746 2279 1821 2317 Qut's
1848 2281 1956 2317 posuit
1985 2292 2018 2312 os
2041 2283 2076 2313 iu

1087 2348 1089 2357 ,
1115 2320 1258 2351 homine?
1297 2323 1349 2350 aut
1382 2322 1451 2359 quis
1483 2321 1589 2351 statutt
1622 2324 1751 2354 mutum,
1789 2321 1831 2351 cel
1860 2324 1991 2353 surdum
2021 2328 2076 2356 aut

1114 2363 1269 2399 videntem,
1292 2364 1339 2394 vel
1361 2366 1504 2394 caccum?
1530 2373 1628 2393 arnum
1652 2374 1702 2403 (qo
1728 2363 1863 2394 Ieltova?
1910 2365 1957 2396 12.
1983 2366 2076 2399 Nunc

1114 2406 1211 2445 igitur
1227 2406 1436 2445 proficiscere,
1465 2409 1491 2436 et
1520 2416 1570 2445 esso
1600 2406 1690 2436 adm-0
1713 2407 1759 2436 ori
1781 2409 1845 2441 tuo,
1874 2410 1900 2437 et
1921 2411 1947 2438 te
1969 2409 2075 2440 docebo

1113 2458 1191 2488 quae
1214 2448 1360 2487 loquaris.
1409 2449 1456 2479 13.
1482 2448 1522 2479 Et
1549 2449 1642 2479 dimit:
1673 2448 1798 2479 Obsecro
1821 2448 1968 2487 Domine,
1992 2453 2076 2483 mitte

1108 2501 1168 2530 per
1190 2501 1316 2522 mauum
1334 2502 1393 2530 per
1415 2501 1508 2529 quam
1526 2492 1631 2521 nutu—s.
1669 2491 1715 2521 14.
1740 2489 1783 2521 Et
1801 2491 1902 2522 iratus
1921 2495 1963 2523 est
1982 2494 2074 2532 furor

1114 2533 1243 2564 Ielcovae
1263 2536 1364 2565 eoutra
1380 2533 1495 2567 filos-en,
1517 2536 1542 2563 et
1560 2534 1656 2563 ‹lta-it:
1674 2535 1786 2564 Annon
1801 2534 1930 2565 Altarou
1943 2536 2075 2574 fratrem

1113 2578 1199 2606 tuum
1212 2576 1352 2607 Leritam
1372 2577 1448 2612 uoci,
1467 2577 1544 2615 quod
1561 2576 1706 2614 loquendo
1725 2577 1908 2615 loquuturus
1924 2579 1965 2608 sit
1983 2579 2075 2616 ipse?

1113 2619 1215 2657 Atque
1237 2620 1327 2649 etiam
1351 2630 1411 2650 eece
1433 2619 1603 2659 eyredtetur
1627 2619 1657 2649 lu
1687 2628 1843 2649 occlusum
1866 2622 1967 2658 tuum,
1998 2624 2025 2652 et
2047 2624 2075 2653 te

1837 2669 1869 2693 4*
