2304 3034
174 214 236 246 7:23

178 309 273 350 plura
293 308 331 338 de
350 310 484 344 utroque
503 308 674 344 praecepto
694 302 808 339 dicam,
829 300 991 332 notandus
1010 305 1058 331 est
1077 300 1150 331 finis

177 352 257 389 legis
281 350 334 389 qui
357 360 374 379 a
388 348 479 379 Mose
503 346 712 377 describitur:
736 345 831 376 Nunc
853 343 955 375 Israel
980 342 1056 383 quid
1079 353 1097 373 a
1120 347 1150 374 te

179 394 259 434 petit
288 393 377 423 Deus
404 390 467 420 nisi
497 394 531 420 ut
563 389 669 428 ipsum
701 388 829 424 timeas,
863 385 1008 417 ambules
1031 385 1064 416 in
1088 385 1150 417 viis

179 438 263 470 eius,
295 434 410 473 diligas
436 443 527 469 eum,
560 438 591 462 et
613 431 698 462 colas
728 435 794 461 toto
818 428 935 460 corde?
968 429 1039 459 Etsi
1063 428 1149 459 enim

179 488 292 509 rursus
311 477 415 516 legem
439 474 655 510 commendat,
680 473 756 513 quia
770 472 853 504 nihil
871 471 1050 512 praecipiat
1067 471 1150 510 quod

179 531 244 551 non
275 520 344 559 ipsa
366 522 484 549 natura
508 517 607 548 dictet
625 516 843 548 certissimum
867 520 899 546 et
922 514 1150 554 aequissimum
1176 511 1178 549 1

179 574 257 599 0550,
280 566 385 601 etque
409 560 489 591 nihil
513 559 605 590 nobis
628 570 697 590 esse
722 559 833 589 utilius
855 558 907 589 vel
931 557 1036 597 magis
1060 561 1149 597 opta·
1175 554 1178 603 Ι

182 606 244 637 bile
275 604 476 644 experientia
500 602 718 639 demonstret,
747 600 844 632 simul
868 606 976 631 tamen
1001 599 1151 630 admonet

182 658 339 688 quaenam
364 647 406 677 sit
430 646 498 677 eius
522 644 702 676 servandae
727 645 820 675 ratio.
867 643 979 683 Itaque
1002 643 1151 673 timorem

180 691 250 727 Dei,
270 689 366 721 simul
386 696 419 719 et
437 699 580 719 amorem
602 688 696 719 nobis
716 687 876 727 proponit,
896 696 972 717 nam
993 690 1151 725 quatenus

180 733 344 764 Dominus
376 736 440 769 est,
472 732 588 762 merito
620 741 678 770 pro
701 730 829 770 imperii
853 729 903 760 sui
927 729 997 759 iure
1020 727 1094 758 vult
1116 727 1154 757 ti-

180 776 280 807 meri:
304 780 462 814 quatenus
486 780 594 805 autem
619 779 725 813 pater,
750 772 852 803 amari
876 771 1034 812 postulat:
1058 770 1152 801 sicuti

181 818 266 859 apud
291 818 487 849 Malachiam
512 816 561 857 (1,
583 816 616 858 2)
641 816 769 847 dicitur.
816 816 987 846 Discamus
1012 824 1101 853 ergo,
1126 813 1152 844 si

181 861 221 892 ad
240 861 345 901 legem
370 859 563 891 servandam
589 870 646 890 nos
669 859 838 898 accingere
860 858 1020 894 volumus,
1043 856 1154 896 incipi-

182 904 301 935 endum
332 914 402 934 esse
432 914 450 933 a
483 903 598 933 timore
622 902 702 940 Dei,
730 902 783 941 qui
807 901 878 932 ideo
901 905 1035 932 vocatur
1058 904 1154 939 caput

181 946 359 987 sapientiae
373 944 472 987 (Psal.
499 946 569 982 111,
596 946 644 976 10.
669 945 765 976 Prov.
791 945 817 982 1,
842 944 859 974 7
884 949 916 974 et
939 943 968 981 9,
994 941 1055 984 10).
1092 942 1153 972 Ve-

180 1001 252 1021 rum
277 990 349 1029 quia
365 990 469 1019 Deum
495 1000 558 1019 non
582 988 745 1020 oblectant
768 992 895 1018 extorta
916 991 948 1017 et
967 991 1077 1018 coacta
1098 985 1152 1016 ob-

181 1032 300 1072 sequia,
326 1042 402 1062 mox
425 1031 594 1063 subiicitur
616 1031 753 1062 dilectio.
796 1033 903 1069 Atque
927 1029 987 1060 hoe
1009 1027 1152 1068 pruden-

182 1080 231 1106 ter
266 1075 448 1115 expendere
483 1075 650 1111 convenit,
687 1084 786 1113 quum
826 1072 909 1103 nihil
942 1071 1073 1103 suavius
1110 1071 1152 1101 sit

181 1129 277 1158 quam
302 1118 410 1148 Deum
438 1117 587 1157 diligere,
619 1117 740 1157 primas
771 1122 879 1146 tamen
909 1119 1017 1156 partes
1041 1118 1151 1144 tenere

181 1162 215 1192 in
240 1166 304 1191 toto
328 1160 397 1191 eius
420 1160 518 1192 cultu.
564 1160 644 1191 Plus
668 1170 764 1199 quam
795 1159 881 1189 enim
911 1159 1051 1188 ferreum
1083 1166 1151 1187 esse

183 1208 309 1244 oportet
342 1214 436 1243 quem
467 1213 533 1234 non
564 1203 685 1234 alliciat
715 1206 805 1232 tanta
836 1200 986 1232 dulcedo:
1024 1198 1152 1239 quando

183 1258 248 1277 non
277 1246 340 1277 alia
369 1245 407 1277 de
438 1256 535 1277 causa
565 1257 623 1277 nos
651 1245 769 1276 invitat
798 1249 830 1275 et
859 1244 1010 1275 hortatur
1039 1241 1078 1273 ad
1103 1242 1152 1273 5111

183 1300 340 1328 amorem,
393 1289 457 1320 nisi
502 1289 577 1329 quia
622 1300 678 1319 nos
724 1295 812 1318 amat
856 1288 940 1327 ipse:
985 1286 1050 1316 imo
1095 1295 1152 1315 sua

184 1332 357 1363 dilectione
380 1333 444 1363 iam
479 1332 664 1371 praevenit.
703 1335 739 1362 ut,
773 1330 892 1361 dicitur
926 1328 1012 1369 apud
1036 1327 1154 1358 Iohan-

186 1386 259 1406 nem
278 1375 448 1415 (1.Iohan.
468 1375 497 1411 4,
524 1374 585 1411 10).
623 1374 752 1405 Interea
777 1373 927 1412 colligere
951 1371 1048 1403 simul
1071 1370 1155 1408 licet,

183 1418 266 1449 nihil
297 1417 368 1448 Deo
403 1418 529 1458 placere
563 1417 646 1457 quod
681 1417 816 1448 offertur
850 1426 889 1446 ex
919 1415 1067 1451 tristitia,
1103 1413 1153 1444 vel

183 1461 394 1498 necessitate,
425 1461 499 1500 quia
530 1460 666 1491 hilarem
692 1459 834 1490 datorem
860 1458 985 1498 quaerit
1008 1457 1050 1498 (2.
1081 1456 1154 1488 Cor.

184 1504 220 1541 9,
250 1504 291 1544 7).
340 1504 417 1543 Agit
448 1503 576 1543 quidem
607 1503 674 1534 illic
697 1502 820 1533 Paulus
854 1501 892 1532 de
924 1500 1154 1541 eleemosynis:

184 1546 239 1578 scd
277 1546 408 1577 extendi
447 1546 540 1577 debet
576 1546 615 1576 ad
653 1556 764 1576 omnes
801 1545 885 1575 vitae
919 1544 1061 1575 actiones
1099 1553 1155 1573 vo-

185 1589 362 1620 luntarium
398 1594 430 1620 et
464 1589 597 1620 liberale
631 1589 763 1628 parendi
799 1587 958 1623 studium,
996 1585 1089 1626 quale
1121 1585 1155 1615 in

183 1632 294 1672 probis
330 1636 360 1662 et
393 1632 544 1672 ingenuis
585 1631 660 1663 filiis
694 1631 854 1668 cernitur,
894 1630 1010 1670 quibus
1043 1628 1155 1659 iucun-

186 1676 262 1706 dum
288 1681 336 1706 est
360 1675 550 1714 parentibus
574 1675 714 1706 subesse.
762 1674 806 1704 Et
828 1677 913 1705 certe
938 1683 1003 1703 non
1027 1671 1156 1702 aliunde

185 1725 295 1749 manat
315 1729 395 1758 quae
408 1717 479 1749 Deo
498 1718 681 1748 reverentia
700 1716 852 1755 defertur,
875 1726 971 1756 quam
996 1726 1037 1745 ex
1060 1721 1157 1755 gustu

185 1761 312 1801 paterni
335 1761 404 1792 eius
428 1771 506 1801 erga
529 1771 587 1791 nos
617 1761 750 1795 amoris,
782 1770 845 1799 quo
869 1758 908 1789 ad
932 1759 1040 1798 ipsum
1065 1757 1155 1788 reda-

185 1804 341 1835 mandum
368 1804 543 1834 trahimur:
568 1804 661 1834 sicuti
681 1804 713 1834 in
727 1803 857 1834 Psalmo
881 1801 965 1843 (130,
989 1800 1036 1842 7):
1061 1800 1157 1840 Apud

187 1852 218 1877 te
247 1852 297 1878 est
327 1847 528 1886 propitiatio,
552 1852 586 1877 ut
609 1846 762 1877 timearis.
809 1845 944 1884 Quoties
968 1854 1043 1884 ergo
1067 1843 1156 1874 audi-

186 1901 260 1921 mus
288 1889 371 1929 quod
402 1889 537 1920 subinde
568 1890 709 1920 inculcat
739 1889 914 1928 scriptura:
948 1887 1083 1927 Diligite
1105 1886 1156 1917 Ie-

188 1933 303 1964 hovam
335 1943 447 1963 omncs
470 1933 631 1963 mansueti
656 1933 724 1963 eius
748 1931 847 1972 (Psal.
872 1931 929 1968 31,
954 1929 1022 1971 24),
1048 1929 1158 1960 veniat

187 1976 281 2007 nobis
304 1976 336 2005 in
361 1975 559 2012 memoriam,
584 1974 692 2006 Deum
716 1986 749 2005 se
774 1975 865 2005 nobis
888 1974 1060 2004 amabilem
1085 1972 1157 2003 red-

188 2018 277 2057 dere,
301 2022 337 2048 ut
361 2018 509 2055 libenter,
534 2022 565 2049 ct
589 2029 651 2057 qua
675 2017 766 2050 decet
790 2017 958 2048 alacritate
983 2016 1158 2055 amplecta-

188 2073 262 2092 mur
291 2060 446 2100 quidquid
474 2061 571 2091 iubet.
617 2061 687 2091 Iani
720 2071 795 2092 vero
817 2070 898 2099 quae
923 2059 1064 2099 exigitur
1086 2069 1158 2098 per-

189 2105 301 2141 fectio,
326 2105 404 2135 satis
428 2104 513 2134 clare
537 2103 739 2134 demonstrat
762 2114 858 2143 quam
883 2103 993 2142 procul
1018 2101 1159 2131 absimus
1183 2111 1185 2119 ¹

190 2158 302 2178 omncs
334 2157 351 2177 a
375 2147 474 2177 solida
498 2146 580 2187 legis
603 2147 840 2177 observatione.
876 2145 1029 2176 Iubemur
1053 2144 1158 2174 Deum

190 2201 299 2220 amare
333 2200 372 2219 ex
406 2195 471 2220 toto
505 2189 600 2220 corde
635 2195 666 2220 et
696 2190 819 2225 anima,
854 2189 994 2227 totisque
1026 2187 1158 2218 viribus.

192 2232 380 2271 Quamlibet
399 2233 568 2270 enitamur,
593 2233 744 2263 mutilum
764 2237 813 2263 est
831 2242 868 2262 ac
887 2231 990 2262 debile
1014 2236 1159 2261 nostrum

192 2276 352 2313 studium,
383 2275 444 2306 nisi
476 2286 588 2305 omncs
620 2286 736 2306 sensus
768 2280 894 2305 nostros
917 2277 1049 2313 occupet
1072 2283 1161 2303 amor

193 2318 272 2355 Dei,
303 2324 333 2349 ct
365 2318 403 2348 ad
434 2318 540 2357 ipsum
570 2319 699 2357 penitus
729 2318 876 2348 ferantur
899 2322 974 2347 vota
997 2320 1105 2346 nostra
1129 2320 1161 2345 et

193 2361 413 2401 cogitationes,
439 2361 478 2391 ad
499 2361 634 2391 eundem
659 2372 784 2400 quoque
808 2371 841 2391 se
865 2360 1026 2399 applicent
1050 2368 1161 2389 omnes

194 2404 297 2434 nestri
329 2410 472 2435 conatus.
526 2404 628 2443 Atqui
659 2404 737 2434 satis
768 2413 930 2443 superque
959 2401 1162 2433 convincitur

195 2447 327 2486 quisquc
347 2447 475 2486 propria
496 2447 697 2486 experientia
720 2457 817 2486 quam
842 2446 941 2476 variis
964 2444 1067 2474 modis
1091 2443 1160 2474 abs—

196 2489 368 2519 trahantur
409 2495 533 2520 mentes
578 2495 706 2520 nostrae
749 2489 788 2519 ad
831 2489 1023 2523 vanitatem,
1067 2496 1161 2526 quam

196 2532 288 2562 multi
321 2533 413 2571 pravi
437 2533 571 2563 affectus
595 2532 686 2563 nobis
709 2532 884 2571 obrepant,
915 2541 1010 2570 quam
1035 2529 1162 2559 difficile

196 2575 238 2605 sit
263 2575 351 2605 nobis
375 2585 578 2614 compescere
601 2581 632 2605 ct
655 2575 805 2615 subigere
829 2584 945 2614 pravos
968 2573 1073 2604 carnis
1097 2582 1162 2601 mo-

197 2621 257 2647 tus.
293 2616 444 2657 Optimus
464 2622 549 2649 certe
570 2618 705 2658 quisquc
725 2617 847 2648 athleta
864 2617 917 2648 vix
937 2626 1062 2647 sumina
1084 2622 1163 2645 stre-

1005 205 1169 238 SUMMA
1191 206 1341 239 LEGIS.

2109 204 2172 236 724

1204 301 1330 332 unitate
1349 301 1564 341 consequitur,
1589 306 1625 332 ut
1644 301 1676 331 in
1696 299 1755 331 hac
1779 298 1940 339 spirituali
1963 299 2079 331 militia
2101 311 2172 341 per·

1203 348 1268 384 gat.
1315 343 1410 383 Quod
1440 344 1467 374 si
1496 354 1614 384 magna.
1637 343 1741 374 virtus
1770 346 1819 373 est
1842 351 1904 372 non
1928 352 2060 382 prorsus
2083 343 2172 375 fatis-

1202 397 1289 424 cere,
1322 397 1416 417 nemo
1439 392 1524 418 certe
1547 387 1665 418 iactare
1689 384 1819 416 audebit
1841 395 1874 415 se
1897 383 1937 415 ad
1960 394 2092 426 scopum
2115 387 2169 427 qui

1201 429 1235 460 in
1254 428 1324 470 lege
1343 429 1533 469 proponitur
1553 428 1712 460 accedere.
1754 427 1902 466 Denique
1925 427 2052 467 quoties
2075 439 2168 460 mun-

1203 471 1235 502 di
1259 471 1443 509 illecebrae,
1468 473 1608 512 vanique
1632 471 1794 512 appetitus
1817 480 1851 500 se
1875 470 2050 510 insinuant,
2073 472 2170 503 toties

1202 515 1323 546 sentire
1354 525 1412 546 nos
1443 519 1582 554 oportet,
1613 514 1754 553 aliquam
1784 513 1910 543 animae
1940 517 2071 545 nostrae
2097 524 2169 554 par-

1203 562 1267 588 tem
1291 567 1427 589 vacuam
1447 568 1515 588 esse
1535 567 1642 589 amore
1666 556 1737 594 Dei,
1760 555 1878 595 alioqui
1897 554 1980 586 nihil
1998 555 2075 587 illuc
2093 567 2169 589 con·

1203 600 1340 631 trarium
1364 604 1556 640 penetraret.
1592 599 1706 631 Cordis
1729 609 1845 629 nomen
1868 597 1929 629 1100
1950 598 2026 637 1000,
2051 603 2088 630 111,
2110 599 2168 631 ali-

1203 642 1248 679 bi,
1279 653 1342 674 non
1373 653 1430 683 pro
1458 643 1533 674 sede
1565 643 1756 677 affectuum,
1787 640 1841 671 sed
1873 651 1930 680 pro
1951 640 2168 682 intelligentia

1204 686 1350 716 sumitur.
1384 686 1499 726 Itaque
1511 695 1748 725 supervacuum
1768 684 1882 714 fuisset
1901 683 2017 715 addere
2037 683 2168 716 διάνοιαν

1204 727 1288 768 quod
1307 728 1453 760 fecerunt
1472 728 1699 769 evangelistae,
1724 727 1785 757 nisi
1809 725 2037 767 ambiguitatis,
2053 727 2167 759 tollen-

1205 771 1264 802 dae
1298 782 1402 802 causa.
1448 771 1531 802 Nam
1566 771 1640 811 quia
1670 769 1805 801 Graecis
1837 780 1901 800 non
1931 770 2065 810 perinde
2099 772 2166 802 1151-

1205 818 1271 845 tata
1290 821 1338 845 est
1361 814 1439 845 haec
1463 814 1666 855 significatio,
1691 824 1754 843 non
1775 812 1966 843 dubitarunt
1984 813 2167 853 explicandi

1205 867 1301 889 causa
1337 868 1445 889 vocem
1475 867 1571 888 unam
1603 856 1641 887 de
1670 866 1726 886 suo
1755 855 1881 886 addere.
1933 855 1999 894 Qui
2027 867 2104 887 vero
2132 857 2166 888 in

1205 900 1351 931 doctrina
1376 900 1478 931 Mosis
1514 899 1679 931 exercitati
1706 903 1800 936 sunt,
1840 909 1904 929 non
1932 898 2082 939 ignorant
2113 910 2167 931 cor

1205 943 1394 974 tantundem
1426 943 1535 974 valere
1564 953 1599 973 ac
1629 947 1785 972 mentem:
1816 941 1891 972 alibi
1921 941 2005 973 enim
2031 942 2165 974 dieitur:

1205 986 1278 1017 Non
1310 985 1381 1016 dedi
1412 985 1468 1016 tibi
1500 986 1653 1016 hactenus
1685 984 1790 1015 oculos
1814 983 1854 1015 ad
1884 983 2077 1023 videndum,
2107 996 2166 1017 nec

1205 1040 1258 1060 cor
1287 1028 1326 1059 ad
1349 1027 1605 1068 intelligendum.
1651 1028 1774 1058 Verum
1800 1026 1936 1058 Graecis
1959 1027 2094 1058 obscura
2117 1028 2165 1059 fu-

1204 1072 1281 1103 isset
1303 1071 1458 1111 loquutio,
1483 1070 1557 1110 quia
1580 1080 1690 1101 eorum
1716 1070 1844 1110 linguae
1868 1074 1918 1100 est
1939 1069 2079 1102 insolita.

1288 1114 1384 1145 Deut.
1416 1114 1450 1150 6,
1481 1113 1509 1144 5.
1541 1113 1663 1153 Diliyes
1688 1113 1876 1151 prozimum.
1927 1112 2001 1152 Quo
2029 1113 2165 1153 quisque

1203 1159 1309 1190 animo
1329 1167 1397 1188 esse
1417 1156 1531 1187 debeat
1549 1166 1625 1196 erga
1644 1156 1815 1196 proximos,
1839 1167 1903 1187 non
1922 1156 2028 1196 potuit
2050 1156 2166 1188 melius

1204 1201 1314 1232 multis
1341 1199 1468 1240 paginis
1495 1199 1631 1238 exprimi
1660 1210 1754 1238 quam
1786 1199 1846 1230 hoc
1870 1209 1935 1230 uno
1958 1198 2066 1231 verbo.
2112 1199 2164 1230 Ad

1204 1255 1263 1275 nos
1294 1242 1449 1275 amandos
1481 1252 1545 1272 non
1574 1241 1667 1272 modo
1690 1241 1763 1281 plus
1787 1252 1888 1281 aequo
1912 1241 2031 1282 singuli
2054 1252 2166 1273 sumus

1204 1287 1364 1328 propensi,
1387 1285 1442 1316 sed
1463 1289 1527 1315 toto
1548 1285 1667 1324 impetu
1691 1285 1850 1324 rapimur:
1874 1285 1938 1315 imo
1961 1286 2099 1324 φιλαυτία
2121 1285 2166 1316 ita

1205 1341 1265 1361 1105
1277 1332 1426 1361 excaecat
1438 1331 1475 1358 ut
1487 1327 1629 1358 omnium
1649 1328 1857 1367 iniquitatum
1876 1328 1917 1358 sit
1935 1331 2049 1359 mater.
2080 1327 2168 1367 Quo-

1206 1373 1294 1404 niam
1308 1381 1383 1412 ergo
1396 1371 1471 1401 dum
1486 1370 1524 1401 ad
1539 1381 1595 1400 1105
1608 1370 1762 1401 amandos
1775 1371 1911 1401 nimium
1931 1381 2042 1401 sumus
2064 1374 2168 1402 atten-

1206 1417 1240 1453 ti,
1262 1415 1376 1446 fratres
1389 1419 1514 1444 nostros
1528 1413 1747 1444 obliviscimur
1760 1424 1795 1444 ac
1815 1413 2021 1454 negligimus,
2034 1424 2100 1444 nen
2112 1413 2168 1444 ali-

1207 1461 1257 1490 ter
1287 1457 1390 1498 potuit
1417 1466 1474 1487 nos
1498 1455 1587 1487 Deus
1610 1455 1649 1486 ad
1673 1456 1842 1487 caritatem
1866 1457 2048 1493 reflectere,
2071 1466 2168 1496 quam

1207 1502 1234 1532 si
1265 1501 1415 1532 vitiosum
1438 1498 1528 1529 illum
1556 1499 1704 1530 affectum
1728 1499 1783 1539 qui
1806 1499 1898 1530 nobis
1921 1499 2086 1539 ingenitus
2110 1503 2168 1537 est,

1208 1556 1244 1576 ae
1274 1544 1400 1584 penitus
1426 1541 1560 1578 insidet,
1592 1552 1630 1572 ex
1659 1542 1809 1573 cordibus
1839 1542 1958 1573 nostris
1981 1541 2168 1574 revelleret:

1209 1587 1291 1627 quod
1319 1596 1429 1617 rursus
1452 1585 1520 1615 fieri
1545 1594 1609 1614 non
1633 1585 1752 1624 potuit,
1777 1585 1853 1624 quin
1876 1595 2019 1616 amorem
2041 1584 2097 1624 qui
2119 1585 2169 1615 in-

1209 1634 1260 1661 tus
1283 1629 1417 1664 residet,
1447 1627 1509 1658 alio
1534 1627 1733 1658 transferret.
1779 1628 1852 1667 Qua
1873 1629 1905 1659 in
1928 1632 2019 1668 parte
2042 1638 2076 1659 se
2099 1637 2170 1667 pro-

1209 1672 1290 1703 didit
1313 1682 1375 1702 non
1399 1670 1505 1701 minor
1528 1669 1725 1709 improbitas,
1750 1681 1845 1710 quam
1868 1670 1997 1702 inscitia
2019 1675 2050 1702 et
2073 1670 2169 1701 fatui-

1208 1721 1257 1747 tas
1276 1725 1386 1746 eorum
1407 1714 1460 1753 qui
1480 1723 1622 1743 amorem
1646 1714 1746 1744 nostri
1771 1714 1884 1745 volunt
1906 1713 2018 1745 ordine
2041 1723 2170 1754 praece-

1207 1759 1291 1789 dere.
1336 1756 1480 1796 Regula‚
1504 1756 1671 1795 inquiunt,
1695 1760 1743 1787 est
1765 1757 1912 1797 superior
1933 1767 1991 1788 suo
2014 1756 2169 1798 regulato.

1207 1801 1307 1841 Atqui
1331 1799 1507 1831 secundum
1533 1798 1594 1829 Dei
1618 1803 1826 1839 praeceptum
1850 1800 1968 1831 caritas
1991 1809 2055 1839 qua
2078 1798 2171 1830 debe-

1207 1855 1278 1875 mus
1308 1843 1384 1874 51105
1407 1841 1573 1881 prosequi,
1602 1842 1641 1872 ad
1665 1852 1805 1873 amorem
1831 1843 1932 1874 nostri
1953 1847 2107 1882 tanquam
2131 1841 2171 1872 ad

1208 1897 1298 1919 suam
1330 1885 1472 1925 regulam
1495 1884 1670 1915 formatur:
1701 1885 1790 1924 quasi
1815 1896 1891 1917 vero
1914 1885 2085 1917 consilium
2109 1885 2171 1916 Dei

1208 1929 1320 1966 fuerit,
1348 1928 1455 1968 ignem
1480 1927 1532 1967 qui
1557 1926 1628 1967 plus
1652 1938 1753 1967 aequo
1776 1929 1907 1969 flagrat,
1933 1928 2036 1969 magis
2060 1938 2172 1960 accen-

1209 1972 1292 2004 dere.
1336 1970 1538 2002 Naturaliter
1568 1969 1617 2010 (ut
1646 1970 1765 2001 dictum
1791 1971 1852 2013 cst)
1874 1972 2045 2002 immodico
2069 1970 2173 2002 nostri

1183 2046 1184 2052 ,
1209 2025 1316 2047 amore
1339 2013 1551 2044 caecutimus:
1577 2013 1650 2043 hinc
1674 2018 1708 2043 ut
1732 2024 1790 2044 nos
1814 2018 1939 2045 avertat
1952 2014 2041 2045 Deus
2064 2013 2173 2054 proxi-

1209 2069 1278 2089 mos
1302 2056 1485 2093 substituit,
1508 2066 1586 2094 quos
1610 2066 1673 2086 non
1698 2057 1805 2088 minus
1828 2067 1972 2088 amemus
1995 2067 2091 2097 quam
2115 2066 2173 2087 1105

1209 2102 1305 2141 ipsos.
1352 2098 1446 2138 Quod
1476 2099 1562 2129 enim
1591 2097 1629 2128 de
1660 2100 1791 2130 caritate
1815 2100 1907 2131 docet
1931 2100 2070 2137 Paulus,
2101 2109 2173 2130 eam

1211 2154 1275 2175 non
1304 2152 1457 2182 quaerere
1481 2151 1561 2180 quae
1584 2151 1642 2171 sua
1665 2145 1740 2172 sunt
1762 2142 1804 2183 (1,
1830 2142 1905 2177 Gor.
1931 2142 1978 2179 13,
2002 2141 2050 2184 4),
2079 2152 2175 2173 nemo

1209 2197 1352 2226 unquam
1376 2183 1567 2224 praestabit,
1591 2183 1690 2214 donec
1713 2184 1771 2215 sibi
1796 2185 2047 2217 renunciaverit.
2093 2184 2173 2216 Pro-

1211 2229 1290 2260 ximi
1320 2238 1396 2258 vero
1425 2227 1593 2262 dicuntur,
1631 2238 1694 2257 non
1724 2228 1817 2259 modo
1846 2228 2037 2268 quibuscum
2067 2227 2175 2268 aliqua

1212 2271 1303 2303 nobis
1333 2269 1536 2301 necessitudo
1565 2273 1628 2307 est,
1659 2269 1713 2300 sed
1744 2281 1855 2302 omnes
1883 2272 1952 2302 sine
1973 2271 2176 2311 exceptione:

1212 2315 1286 2354 quia
1317 2319 1419 2343 totum
1450 2311 1631 2342 humanum
1661 2323 1761 2352 genus
1791 2325 1906 2354 corpus
1935 2325 2038 2345 unum
2067 2315 2175 2352 efficit,

1212 2357 1304 2389 cuius
1331 2362 1367 2386 ut
1390 2354 1509 2395 singuli
1534 2359 1610 2385 sunt
1632 2356 1790 2393 membra,
1822 2357 1867 2388 ita
1890 2361 2003 2388 mutua
2026 2357 2177 2389 coniunc-

1213 2401 1298 2430 tione
1318 2399 1401 2429 iuter
1424 2408 1458 2428 se
1481 2397 1674 2428 cohaereant
1698 2404 1831 2437 oportet.
1877 2399 2067 2431 Tenendum
2090 2400 2176 2431 enim

1214 2447 1272 2479 est,
1297 2440 1508 2472 alienissimos
1531 2450 1600 2470 csse
1623 2441 1719 2471 etiam
1744 2452 1883 2482 quosque
1907 2443 1999 2474 nobis
2024 2442 2178 2474 fovendos

1215 2490 1247 2516 ct
1276 2483 1449 2520 iuvandos,
1479 2494 1541 2513 non
1566 2493 1657 2514 secus
1681 2494 1715 2515 ac
1739 2485 1901 2523 propriam
1925 2496 2071 2523 carnem,
2102 2496 2178 2516 nam

1215 2533 1247 2559 ct
1277 2527 1352 2558 alibi
1383 2525 1524 2556 vidimus
1550 2526 1582 2555 in
1604 2525 1714 2556 codem
1736 2531 1837 2565 gradu
1861 2528 1959 2559 statui
1982 2528 2123 2559 advenas
2146 2532 2179 2559 ct

1216 2570 1419 2611 peregrinos:
1444 2568 1594 2599 Christus
1613 2568 1673 2598 sub
1696 2580 1832 2608 persona
1855 2571 2053 2603 Samaritani
2076 2571 2109 2602 id
2131 2582 2180 2602 sa-

1217 2613 1258 2643 tis
1281 2613 1451 2643 confirmat
1473 2610 1566 2652 (Luc.
1595 2612 1641 2649 10,
1665 2611 1727 2653 30).
