2304 3034
188 188 251 218 603

189 280 343 313 divinitus
373 280 448 308 sunt
478 275 639 316 praeFecti.
693 274 779 313 Quia
809 277 920 305 autem
950 273 1155 306 observantia

189 334 285 365 quam
308 320 495 362 parentibus
526 317 678 349 deferunt
709 317 817 352 liberi,
848 323 998 347 censetur
1028 317 1155 356 pietatis

189 366 326 406 species:
359 363 417 394 hoc
447 367 618 402 praetextu
644 359 774 399 quidam
804 360 919 391 inscite
951 360 1100 391 locarunt
1123 361 1155 391 in

189 410 292 449 prima
326 405 434 436 tabula
468 402 552 444 quod
593 413 681 433 nunc
721 402 927 442 praecipitur.
984 402 1051 433 Nec
1090 402 1156 434 illis

189 451 387 488 suffragatur
421 447 544 478 Paulus
577 445 686 486 (Rom.
723 445 772 482 13,
806 445 849 486 9),
885 444 962 476 dum
993 456 1155 477 summam

189 491 347 525 secundae
381 490 508 521 tabulae
542 489 711 529 colligens,
760 488 855 519 huius
889 488 1055 528 praecepti
1091 499 1156 520 non

188 534 352 567 meminit:
377 533 408 563 id
432 533 518 563 enim
542 531 687 563 consulto
711 530 802 569 feeit,
832 531 908 571 quia
932 531 997 561 illic
1019 541 1059 562 ex
1084 541 1155 571 pro-

187 580 271 610 fesso
294 576 394 614 docet,
429 585 541 615 regum
560 580 592 605 et
615 574 866 615 magistratuum
886 574 1021 613 imperio
1042 584 1155 614 paren-

189 622 265 652 dum
299 629 378 650 esse.
432 618 584 649 Christus
618 627 696 648 vero
731 627 859 648 omnem
901 617 1155 648 controversiam

188 664 327 701 dirimit,
362 662 414 693 ubi
439 661 523 691 inter
546 666 718 700 praecepta
741 659 902 691 secundae
926 659 1055 690 tabulae
1078 670 1157 690 enu-

188 711 302 745 merat,
337 710 372 736 ut
402 704 457 735 filii
491 709 644 744 parentes
680 703 841 734 honorent
874 702 982 743 (Matt.
1015 703 1064 739 19,
1095 702 1156 744 19).

188 749 320 780 Diserte
344 758 420 778 vero
444 756 559 777 nomen
583 751 727 776 matrum
749 747 959 785 exprimitur,
992 757 1032 777 ne
1060 756 1157 777 sexus

188 802 243 824 eas
277 789 535 830 contemptibiles
570 788 682 819 reddat
715 788 800 829 apud
835 789 952 819 liberos
986 788 1156 820 masculos.

189 835 257 866 Iam
281 833 357 874 quid
382 833 487 864 valeat
512 831 691 863 honorandi
722 832 875 867 verbum,
905 836 1015 862 tenere
1041 842 1157 863 conve-

189 878 247 915 nit,
272 887 334 907 non
360 875 465 916 quoad
489 874 759 915 significationem
782 875 1044 914 grammaticam:
1069 873 1158 915 (quia

189 927 251 953 522
275 918 356 950 nihil
380 918 466 949 aliud
491 923 539 949 est
558 928 653 958 quam
668 917 738 948 Deo
757 923 788 948 et
808 916 994 948 hominibus
1014 917 1068 957 qui
1089 916 1158 958 dig-

189 964 290 995 nitate
319 961 442 1002 pollent
470 961 590 992 iustum
622 961 776 991 honorem
807 959 961 1001 deferre):
991 960 1047 990 sed
1081 970 1157 1000 quo-

190 1006 229 1037 ad
253 1015 411 1037 summam
436 1004 490 1035 rei.
518 1003 614 1035 Certe
638 1014 736 1043 quum
762 1003 850 1034 Deus
874 1013 985 1033 servos
1009 1013 1083 1034 suos
1106 1014 1159 1034 ex—

190 1048 291 1080 ternis
325 1053 451 1078 tantum
485 1046 695 1078 caeremoniis
730 1045 862 1086 defungi
897 1045 993 1080 nolit,
1027 1045 1159 1076 minime

191 1091 324 1122 dubium
354 1097 401 1121 est
431 1090 539 1121 omnia
571 1089 699 1129 pietatis
730 1089 834 1120 officia
869 1099 955 1119 nunc
978 1089 1158 1128 complecti,

189 1134 306 1175 quibus
336 1133 405 1173 ipse
437 1140 571 1163 naturae
598 1143 711 1163 sensus
742 1131 858 1162 liberos
889 1131 1076 1171 parentibus
1107 1132 1159 1163 ob-

190 1177 338 1217 stringit:
364 1186 444 1215 quae
468 1175 508 1206 ad
534 1175 595 1205 tria
614 1175 719 1215 capita
742 1175 856 1205 referri
879 1181 1023 1214 possunt,
1052 1179 1087 1205 ut
1109 1184 1159 1206 re-

191 1225 341 1251 verenter
360 1231 413 1249 eos
432 1219 616 1255 observent,
641 1224 675 1248 ut
694 1217 881 1248 obedienter
895 1223 1027 1257 pareant
1047 1228 1160 1248 eorum

190 1262 335 1303 imperio,
360 1272 457 1301 seque
479 1261 518 1292 ab
542 1261 620 1301 ipsis
643 1261 712 1301 regi
735 1260 927 1297 sustineant,
952 1266 987 1291 ut
1007 1260 1160 1291 studeant

190 1311 337 1336 mutuam
362 1305 467 1335 vicem
492 1303 677 1343 rependere,
701 1308 795 1343 atque
819 1303 864 1334 ita
885 1314 919 1333 se
938 1309 968 1333 et
991 1314 1067 1334 suas
1086 1314 1160 1343 ope-

190 1359 242 1380 ras
266 1347 376 1379 sedulo
399 1347 477 1387 ipsis
501 1346 701 1386 impendant.
752 1346 839 1385 Quia
862 1356 939 1386 ergo
962 1356 1090 1377 sacrum
1114 1352 1162 1377 est

190 1391 291 1432 patris
323 1401 456 1424 nomen,
488 1394 519 1421 et
547 1389 704 1429 singulari
736 1389 797 1420 Dei
821 1389 975 1420 beneficio
997 1389 1037 1419 ad
1062 1389 1162 1419 homi-

190 1445 248 1466 nes
272 1433 482 1471 transfertur,
510 1432 672 1463 redundat
703 1437 875 1472 parentum
909 1436 1111 1472 contemptus
1129 1433 1162 1462 in

190 1477 292 1517 ipsius
318 1477 377 1507 Dei
409 1475 654 1508 contumeliam:
686 1486 743 1506 nee
775 1479 881 1515 potest
908 1475 1075 1515 quisquam
1106 1485 1161 1515 pa-

192 1526 274 1551 trem
295 1530 448 1560 spernere
473 1519 543 1550 sine
567 1518 745 1558 sacrilegio.
772 1517 807 1549 Si
831 1518 902 1558 quis
925 1518 1056 1549 obiiciat
1080 1517 1162 1548 mul-

192 1568 242 1594 tos
266 1573 335 1593 esse
359 1562 475 1601 impios
499 1567 529 1592 et
553 1561 726 1593 sceleratos
750 1566 872 1600 patres,
903 1561 941 1591 de
966 1561 1081 1601 quibus
1105 1560 1160 1592 ho-

192 1606 326 1636 norifice
356 1605 477 1636 sentire
507 1609 675 1644 nequeunt
706 1604 764 1635 filii
795 1605 872 1643 quin
897 1604 1010 1635 tollant
1033 1603 1108 1634 boni
1131 1607 1163 1634 et

192 1649 270 1679 mali
283 1648 473 1679 discrimen:
501 1648 666 1687 responsio
688 1647 721 1677 in
744 1653 898 1687 promptu
912 1654 969 1683 est,
994 1647 1161 1678 hominum

193 1692 280 1723 vitiis
313 1702 375 1721 non
406 1691 474 1721 tolli
507 1696 697 1730 perpetuam
722 1695 857 1721 naturae
881 1690 1002 1729 legem:
1028 1689 1162 1729 ideoque

192 1734 371 1774 quamlibet
383 1733 504 1764 honore
527 1733 682 1773 indignus
706 1734 747 1764 sit
770 1738 872 1773 pater,
896 1733 1035 1764 retinere
1055 1738 1163 1763 tamen

192 1777 366 1818 (quatenus
391 1784 482 1817 pater
505 1776 566 1817 est)
589 1777 639 1806 ius
663 1787 756 1806 suum
781 1777 812 1806 in
837 1776 928 1813 filios,
954 1775 1047 1806 modo
1071 1786 1110 1806 ne
1130 1774 1162 1806 id

192 1820 255 1851 Dei
279 1820 396 1851 iudicio
420 1819 595 1859 quidquam
621 1819 766 1859 deroget:
792 1829 866 1849 nam
891 1819 968 1850 vitia
988 1829 1069 1858 quae
1093 1818 1163 1858 lege

192 1865 262 1894 eius
299 1862 516 1899 damnantur,
559 1861 725 1893 absolvere
764 1872 956 1902 quocunque
993 1868 1162 1901 praetextu

194 1906 291 1937 nimis
323 1905 498 1936 absurdum
533 1911 632 1935 esset:
668 1905 732 1935 imo
757 1905 855 1944 patris
887 1915 1003 1935 nomen
1035 1904 1163 1935 trahere

193 1949 232 1980 ad
271 1948 453 1989 obtegenda
495 1948 632 1986 scelera,
673 1948 807 1989 indigna
848 1954 932 1979 esset
974 1946 1161 1987 profanatio.

194 1992 282 2031 Ergo
305 1992 338 2021 in
358 1991 550 2022 damnandis
575 1991 676 2030 patris
697 1990 869 2022 sceleribus
894 1991 978 2022 filius
998 2001 1072 2021 vere
1092 1990 1162 2029 pius

195 2035 257 2075 legi
284 2034 343 2065 Dei
368 2034 563 2065 subscribet:
589 2033 824 2073 qualiscunque
848 2040 954 2064 tamen
980 2034 1029 2070 sit,
1050 2043 1163 2072 agnos-

193 2084 244 2108 cet
267 2088 340 2108 eum
365 2087 433 2108 esse
453 2076 640 2108 colendum:
665 2077 740 2117 quia
760 2083 851 2116 pater
870 2087 887 2107 a
902 2077 971 2107 Deo
991 2082 1039 2107 est
1058 2075 1160 2106 datus.

195 2120 348 2160 Sequitur
372 2120 570 2154 obedientia,
605 2130 686 2159 quac
717 2127 748 2150 et
777 2120 847 2159 ipsa
870 2121 935 2150 suis
960 2119 1077 2150 finibus
1101 2119 1162 2148 cir-

194 2163 429 2194 cumscribitur.
482 2162 602 2193 Fidelis
627 2162 722 2193 huius
748 2163 908 2202 praecepti
933 2163 1091 2202 interpres
1115 2164 1163 2191 est

194 2206 326 2242 Paulus,
362 2206 415 2236 ubi
451 2205 539 2236 iubet
574 2205 655 2236 filios
689 2206 877 2245 parentibus
912 2205 1041 2236 obedire
1064 2203 1161 2245 (Eph.

195 2250 223 2285 ⁴5,
251 2251 274 2279 l.
310 2249 377 2279 Col.
403 2248 430 2283 3
456 2248 518 2289 20).
550 2248 663 2279 Honor
688 2249 796 2288 itaque
820 2248 1050 2279 subiectionem
1074 2247 1106 2277 in
1130 2257 1163 2277 se

196 2292 353 2322 continet:
384 2300 419 2321 ut
449 2292 502 2331 qui
534 2292 636 2331 patris
666 2291 777 2331 iugum
810 2292 933 2322 excutit
955 2302 1014 2322 nec
1037 2301 1071 2321 se
1094 2289 1162 2320 eius
1188 2308 1189 2316 η

195 2335 366 2364 autoritate
390 2334 565 2374 gubernari
588 2334 735 2370 sustinet,
761 2335 874 2365 merito
894 2334 1018 2365 dicatur
1038 2337 1161 2373 patrem

195 2388 355 2416 spernere,
379 2382 412 2407 et
435 2388 474 2408 ex
499 2377 569 2408 aliis
593 2377 669 2408 locis
688 2377 806 2408 clarius
827 2377 957 2416 patebit,
981 2377 1164 2416 quicunque
1188 2384 1190 2408 i

196 2420 348 2459 morigeri
374 2431 435 2450 non
460 2426 537 2450 sunt
560 2420 765 2459 parentibus,
796 2421 921 2451 censeri
951 2430 1061 2450 eorum
1092 2428 1164 2449 con-

197 2471 379 2501 temptores.
435 2462 609 2493 Caeterum
633 2463 677 2493 ita
701 2463 860 2493 limitatur
884 2464 988 2502 patria
1012 2467 1162 2502 potestas,

197 2511 231 2535 ut
257 2505 343 2535 Deus
368 2517 385 2535 a
409 2516 469 2544 que
494 2505 613 2545 pendet
642 2507 747 2536 omnis
777 2506 942 2545 cognatio,
977 2504 1163 2536 dominetur

196 2555 261 2577 tam
287 2548 431 2586 patribus
455 2559 549 2587 quam
574 2548 657 2580 filiis.
683 2549 844 2579 Praesunt
866 2549 953 2579 enim
978 2548 1086 2578 liberis
1109 2556 1164 2586 pa-

197 2596 321 2620 rentes:
349 2601 459 2621 verum
484 2592 542 2621 sub
567 2602 694 2621 summo
715 2591 775 2622 Dei
800 2591 942 2631 imperio.
966 2591 1080 2630 Itaque
1100 2599 1163 2619 non
1189 2611 1190 2625 ,

198 2633 383 2672 simpliciter
407 2634 490 2665 filios
515 2634 662 2665 hortatur
683 2634 805 2665 Paulus
831 2641 865 2664 ut
888 2634 1076 2673 parentibus
1097 2632 1164 2664 sint

901 179 1113 218 QUINTUM
1136 181 1461 214 PRAEOEPTUM.

2119 183 2183 215 604

1208 275 1430 315 obsequentes,
1465 275 1520 307 sed
1554 276 1756 307 restrictione
1791 275 1917 306 addita:
1949 275 1988 306 In
2020 276 2181 308 Domino:

1208 329 1271 358 quo
1295 319 1456 359 significat
1479 319 1505 349 si
1534 318 1610 358 quid
1634 318 1755 349 iniuste
1779 322 1870 357 pater
1893 319 2057 359 iniungat,
2088 320 2181 352 obse-

1208 362 1321 401 quium
1346 362 1445 392 libere
1470 361 1655 402 negandum
1680 372 1758 392 esse.
1783 360 1954 392 Ferendus
1978 361 2107 401 quidem
2130 366 2185 394 est

1209 403 1402 435 immodicus
1430 404 1534 444 rigor,
1564 404 1751 439 morositas,
1783 408 1879 443 atque
1914 404 2011 434 etiam
2034 405 2180 443 saevitia,

1209 446 1303 478 modo
1335 458 1375 478 ne
1408 447 1552 478 mortalis
1583 447 1677 477 homo
1706 446 1803 486 impie
1833 446 1993 487 exigendo
2026 447 2110 486 quod
2132 448 2181 480 fas

1210 500 1277 520 non
1301 494 1359 527 est,
1384 490 1433 520 ius
1456 500 1551 520 suum
1576 490 1645 520 Deo
1669 489 1794 529 eripere
1819 494 1929 520 tentet.
1961 489 2111 530 Denique
2133 490 2182 522 ita

1208 532 1261 564 lex
1285 533 1367 564 filios
1391 533 1577 572 parentibus
1600 531 1739 567 subiicit,
1775 536 1811 562 ut
1836 531 1905 563 Deo
1928 533 1977 563 ius
1996 543 2092 563 suum
2115 532 2181 564 illi-

1211 575 1321 606 batum
1346 580 1483 606 maneat.
1530 574 1624 614 Quod
1655 574 1705 605 hic
1729 574 1879 606 obiicitur
1901 575 2054 614 quaestio,
2085 585 2180 615 posse

1209 618 1372 649 interdum
1406 619 1592 658 contingere
1627 622 1663 648 ut
1697 617 1780 648 filius
1816 617 2044 658 magistratum
2076 623 2180 658 gerat,

1208 666 1300 701 pater
1328 671 1402 692 vero
1426 662 1468 692 sit
1492 661 1587 691 homo
1607 661 1769 700 privatus:
1795 664 1892 699 atque
1916 660 1961 691 ita
1984 660 2088 692 filium
2112 661 2179 701 pri-

1209 708 1282 735 vato
1313 704 1414 735 officio
1446 714 1509 734 non
1531 714 1622 743 posse
1647 702 1778 743 defungi
1802 703 1879 743 quin
1903 703 2065 743 publicum
2090 703 2178 735 ordi-

1209 757 1282 777 nem
1307 746 1417 778 violet:
1450 747 1616 787 responsio
1640 745 1742 776 facilis
1766 751 1830 783 est,
1861 751 1973 777 mutua
2007 747 2176 787 utriusque

1210 789 1429 820 moderatione
1453 790 1497 820 sic
1522 800 1614 829 posse
1637 788 1745 819 omnia
1769 789 1958 828 temperari,
1987 792 2022 819 ut
2045 788 2119 820 dum
2145 800 2180 820 se

1211 832 1345 872 imperio
1370 832 1425 863 filii
1449 832 1612 863 submittit
1635 837 1735 870 pater,
1760 830 1881 862 honore
1906 835 2015 862 tamen
2038 842 2096 863 suo
2120 833 2181 862 mi-

1211 875 1297 906 nime
1321 875 1497 911 fraudetur,
1522 874 1660 911 etfilius,
1685 874 1832 913 quamvis
1852 879 2009 913 potestate
2028 875 2179 912 emineat,

1211 917 1355 949 modeste
1379 923 1486 948 tamen
1511 922 1635 957 patrem
1660 922 1855 948 revereatur.
1912 917 2060 948 Tertium
2084 922 2181 957 caput

1212 960 1341 991 honoris
1364 966 1421 998 est,
1446 967 1479 991 ut
1503 960 1558 991 filii
1584 964 1755 999 parentum
1779 969 1888 990 curam
1913 964 2043 1000 gerant,
2075 964 2107 990 et
2138 960 2180 991 ad

1211 1004 1320 1034 omnia
1342 1003 1449 1034 officia
1473 1003 1611 1042 prompti
1634 1002 1701 1033 sint
1725 1012 1761 1033 ac
1784 1002 1895 1033 seduli.
1921 1002 2016 1034 Hanc
2038 1003 2179 1043 speciem

1212 1046 1340 1085 pietatis
1363 1045 1480 1077 Graeci
1506 1049 1664 1077 vocarunt
1685 1044 1919 1085 α’ντιπελαργίαν,
1944 1045 2018 1085 quia
2037 1046 2177 1077 ciconiae

1212 1089 1397 1128 parentibus
1421 1089 1542 1119 effoetis
1566 1093 1598 1118 et
1621 1088 1710 1119 senio
1741 1088 1896 1119 confectis
1927 1087 2032 1119 cibum
2062 1099 2179 1129 suppe-

1213 1131 1325 1169 ditant,
1348 1137 1379 1162 et
1402 1132 1446 1162 ita
1470 1130 1678 1171 gratitudinis
1702 1136 1777 1162 sunt
1800 1131 1985 1171 magistrae.
2018 1130 2091 1170 Quo
2113 1130 2179 1162 foe-

1213 1174 1283 1205 dior
1306 1179 1353 1205 est
1376 1185 1412 1205 ac
1436 1175 1540 1214 magis
1564 1174 1763 1205 detestabilis
1786 1184 1895 1204 eorum
1922 1174 2094 1212 barbaries,
2124 1173 2180 1214 qui

1212 1222 1384 1256 parentum
1415 1217 1553 1256 inopiam
1584 1216 1708 1253 levare,
1747 1220 1779 1247 et
1808 1216 2054 1248 necessitatibus
2084 1227 2179 1257 opem

1215 1260 1307 1296 ferre,
1332 1260 1381 1291 vel
1395 1264 1574 1300 gravantur
1599 1260 1647 1290 vel
1671 1259 1852 1300 negligunt.
1884 1259 1955 1290 Etsi
1974 1270 2050 1291 vero
2072 1264 2180 1300 pater-

1215 1313 1290 1333 num
1311 1313 1427 1333 nomen
1448 1313 1506 1333 sua
1526 1302 1695 1333 dulcedine
1719 1303 1796 1333 satis
1819 1301 1860 1332 ad
1882 1302 2026 1342 obsequii
2049 1312 2180 1343 promp-

1216 1345 1385 1376 titudinem
1410 1345 1537 1376 allicere
1560 1345 1643 1376 filios
1667 1345 1779 1376 debet:
1805 1345 1974 1384 promissio
1998 1350 2107 1376 tamen
2130 1345 2181 1376 in-

1215 1394 1282 1418 star
1311 1388 1432 1419 stimuli
1462 1388 1599 1425 additur,
1634 1398 1695 1427 quo
1718 1388 1856 1419 alacrius
1879 1387 1938 1418 filii
1961 1387 2002 1418 ad
2024 1387 2180 1419 honorem

1215 1431 1268 1470 qui
1301 1431 1482 1470 iniungitur
1513 1431 1742 1470 praestandum
1782 1441 1816 1462 se
1849 1436 2044 1470 comparent.
2101 1430 2180 1462 Ideo

1216 1473 1337 1505 Paulus
1366 1484 1427 1513 quo
1456 1473 1608 1504 libentius
1638 1473 1695 1504 filii
1728 1473 1915 1513 parentibus
1944 1473 2095 1504 obediant
2124 1473 2179 1504 ad-

1216 1522 1325 1547 monet
1356 1516 1414 1547 hoc
1444 1521 1650 1556 praeceptum
1682 1527 1752 1547 esse
1781 1516 1922 1556 primum
1950 1526 2024 1547 eum
2048 1515 2182 1556 promis-

1216 1560 1303 1591 sione
1327 1558 1423 1600 (Eph.
1448 1560 1476 1596 6,
1500 1558 1541 1599 2).
1568 1559 1635 1590 Etsi
1660 1559 1746 1590 enim
1771 1558 1911 1591 secundo
1933 1564 2103 1599 praecepto
2123 1569 2181 1590 an-

1216 1613 1299 1633 nexa
1322 1602 1491 1642 promissio
1514 1602 1589 1642 fuit,
1625 1613 1689 1633 nou
1719 1606 1827 1633 tamen
1852 1602 2018 1642 specialis,
2052 1601 2181 1642 qualem

1216 1645 1299 1676 hanc
1329 1656 1397 1675 esse
1434 1645 1604 1676 cernimus.
1656 1645 1726 1675 Iam
1760 1645 1927 1685 praecepti
1961 1645 2181 1676 observationi

1215 1688 1443 1718 convenienter
1467 1687 1641 1727 respondet
1661 1698 1792 1724 merces,
1817 1692 1852 1718 ut
1876 1687 1943 1718 dies
1966 1687 2050 1726 filiis,
2074 1688 2182 1728 quise

1215 1731 1264 1770 pie
1288 1741 1365 1770 erga
1388 1736 1537 1770 parentes
1561 1731 1736 1770 gesserint,
1768 1735 1997 1771 prorogentur:
2023 1730 2098 1771 quia
2121 1730 2181 1762 hoc

1188 1775 1189 1786 ¹
1215 1773 1308 1804 modo
1331 1772 1419 1804 Deus
1443 1773 1561 1804 favoris
1585 1773 1633 1804 sui
1659 1773 1883 1804 testimonium
1907 1778 2131 1814 repraesentat
2146 1774 2181 1804 in

1216 1817 1275 1848 liae
1290 1816 1364 1851 vita,
1391 1816 1444 1846 ubi
1464 1826 1541 1856 erga
1563 1826 1616 1846 eos
1640 1816 1723 1855 grati
1743 1826 1855 1846 sumus
1879 1816 1995 1856 quibus
2014 1827 2084 1847 eam
2098 1816 2182 1848 ferre

1215 1865 1376 1898 acceptam
1402 1858 1562 1889 convenit.
1589 1858 1693 1889 Sicuti
1717 1859 1850 1889 minime
1874 1870 2012 1899 aequum
2037 1863 2092 1896 est,
2126 1858 2182 1890 diu

1215 1913 1268 1932 eos
1293 1902 1391 1932 vitam
1416 1900 1603 1940 protrahere
1627 1901 1680 1940 qui
1704 1911 1778 1932 suos
1802 1902 2034 1942 progenitores,
2070 1912 2088 1933 a
2111 1902 2181 1942 qui-

1217 1945 1274 1976 bus
1307 1945 1339 1975 in
1372 1944 1454 1974 hanc
1483 1943 1586 1974 lucem
1619 1948 1694 1974 sunt
1728 1943 1821 1980 editi,
1849 1949 2072 1975 contemnunt.
2119 1945 2182 1976 Hic

1216 1987 1359 2019 nascitur
1382 1987 1536 2027 quaestio,
1559 1997 1657 2026 quum
1682 1991 1728 2017 tot
1751 1987 1932 2023 aerumnis,
1963 1987 2126 2018 doloribus
2149 1991 2183 2018 et

1215 2030 1370 2061 molestiis
1404 2029 1541 2060 obnoxia
1574 2029 1615 2059 sit
1649 2034 1777 2059 terrena
1812 2030 1887 2067 vita,
1923 2029 2081 2070 quomodo
2112 2030 2182 2061 eius

1215 2073 1449 2113 longitudinem
1471 2071 1560 2102 Deus
1584 2072 1616 2102 in
1641 2072 1786 2102 beneficii
1805 2072 1873 2103 loco
1895 2077 2032 2104 censeat.
2057 2072 2181 2104 Verum

1215 2127 1311 2156 quum
1337 2125 1509 2146 aerumnae
1532 2125 1643 2145 omnes
1667 2125 1708 2144 ex
1732 2114 1792 2144 Dei
1818 2115 2044 2146 maledictione
2067 2125 2182 2155 prove-

1215 2159 1315 2195 niant,
1340 2157 1552 2189 accidentales
1571 2168 1640 2188 esse
1653 2162 1802 2197 apparet:
1826 2158 1933 2197 itaque
1952 2158 1979 2189 si
1998 2158 2031 2188 in
2051 2167 2085 2189 se
2104 2168 2180 2189 con—

1215 2201 1374 2233 sideretur
1397 2201 1479 2238 vita,
1510 2211 1575 2230 non
1607 2200 1725 2231 desinit
1749 2205 1855 2230 tamen
1880 2200 2001 2231 favoris
2026 2201 2086 2232 Dei
2110 2211 2180 2232 esse

1215 2243 1445 2276 testimonium.
1482 2242 1575 2273 Adde
1599 2242 1683 2282 quod
1707 2242 1909 2273 miseriarum
1934 2244 2080 2274 omnium
2104 2254 2181 2275 con-

1215 2288 1318 2328 geries
1339 2297 1402 2317 non
1417 2285 1500 2317 delet
1513 2286 1722 2325 praecipuum
1739 2285 1835 2316 huius
1849 2286 1934 2316 vitae
1947 2286 2076 2324 bonum,
2095 2286 2180 2327 quod

1215 2330 1335 2362 scilicet
1364 2329 1463 2360 creati
1496 2334 1570 2359 sunt
1600 2327 1746 2358 homines
1778 2332 1809 2357 et
1838 2327 1988 2359 foventur
2022 2329 2055 2360 in
2089 2340 2180 2369 spem

1215 2374 1326 2404 beatae
1348 2371 1617 2402 immortalitatis:
1643 2381 1727 2401 nunc
1751 2371 1836 2401 enim
1861 2382 1894 2402 se
1914 2371 1975 2402 illis
1996 2372 2180 2404 manifestat

1216 2416 1306 2446 Deus
1330 2415 1362 2445 in
1382 2421 1514 2453 patrem,
1539 2419 1574 2444 ut
1597 2413 1769 2453 aliquando
1789 2413 1940 2444 fruantur
1960 2420 2091 2446 aeterna
2110 2415 2179 2446 eius

1216 2457 1422 2490 haereditate.
1458 2457 1547 2487 Haec
1566 2457 1704 2495 cognitio
1723 2457 1812 2496 quasi
1834 2457 1955 2496 lampas
1974 2468 2107 2489 accensa
2130 2458 2180 2488 lu-

1215 2513 1264 2538 ce,
1293 2501 1367 2531 facit
1398 2505 1431 2530 ut
1455 2500 1557 2539 gratia
1577 2499 1637 2530 Dei
1662 2500 1693 2529 in
1714 2499 1826 2530 mediis
1846 2500 1988 2531 tenebris
2012 2500 2179 2541 refulgeat.

1215 2543 1310 2576 Unde
1339 2544 1482 2582 sequitur
1512 2552 1565 2573 eos
1590 2552 1752 2581 nunquam
1777 2548 1924 2581 gustasse
1948 2543 2031 2583 quod
2056 2543 2179 2582 praeei-

1216 2596 1315 2627 puum
1339 2592 1407 2615 erat
1431 2586 1461 2615 in
1488 2585 1562 2622 vita,
1586 2585 1639 2624 qui
1664 2585 1816 2615 dixerunt
1838 2586 1995 2625 optimum
2019 2596 2087 2618 esse
2113 2596 2179 2617 non

1217 2629 1314 2667 nasci,
1339 2628 1521 2668 proximum
1547 2638 1622 2658 vero
1646 2638 1741 2667 quam
1766 2627 1916 2659 citissime
1940 2629 2072 2660 aboleri:
2100 2629 2179 2670 quin
