2304 3034
122 197 182 229 521

119 300 179 330 pro
197 291 333 329 peccato:
355 297 415 318 non
431 287 521 326 ponet
541 293 633 324 super
656 293 723 313 eam
746 283 852 320 oleum,
875 293 969 321 neque
987 284 1080 321 ponet

123 342 216 372 super
237 341 304 362 eam
321 329 398 367 thus,
416 329 491 368 quia
509 327 616 358 oblatio
628 335 687 364 pro
699 328 822 364 peccato
840 327 890 356 est.
927 325 975 355 12.
996 324 1080 372 ᾼῙΐε-

125 378 169 406 ret
189 374 276 405 illam
291 374 418 412 inquam
435 371 476 402 ad
492 369 687 400 sacerdotem:
709 370 777 398 tunc
795 367 936 398 sacerdos
954 368 1079 405 accepiet

125 428 161 449 ex
183 427 219 447 ea
235 416 360 455 plenum
377 412 532 454 puyillum
552 420 643 442 suum
663 409 782 441 odorem
804 411 880 447 eius,
903 412 929 440 et
951 409 1081 440 adolebit

126 469 217 499 super
239 459 336 489 altare
357 456 438 487 ultra
470 453 630 485 oblationes
658 452 772 492 ignitas
796 452 940 483 Iehovae:
969 451 1079 482 oblatio

123 511 182 541 pro
210 502 331 540 peccato
364 501 414 529 est.
467 496 514 527 13.
548 495 591 526 Et
622 494 758 533 expiabit
790 505 856 526 eum
890 494 1030 525 sacerdos
1059 503 1079 524 a

120 546 242 583 peccato
258 551 312 574 suo
329 540 408 580 quod
421 538 559 578 peccavit
578 538 613 568 in
630 547 690 568 uno
708 537 745 568 de
763 538 847 569 istis:
868 539 895 568 et
912 536 1079 567 remittetur

127 587 164 624 ei,
186 588 212 617 et
233 584 289 616 erit
310 582 455 615 sacerdoti
475 581 553 612 sicut
573 579 689 610 minha.

211 670 238 700 1.
265 668 361 708 Quum
379 668 478 698 autem
496 665 611 696 anima.
647 665 726 696 Tres
747 664 935 696 delictorum
956 665 1078 705 species

127 723 204 753 quas
226 711 330 742 Moses
354 708 509 749 principio
531 707 646 747 capitis
668 708 791 745 inserit,
816 707 970 739 videntur
992 709 1079 738 inter

126 766 160 787 se
182 755 274 794 longe
296 751 431 783 differre.
467 750 577 781 Prima
600 750 684 780 enim
709 760 747 781 ex
771 760 879 781 errore
902 750 989 782 nasci
1014 761 1077 781 non

125 797 242 838 potuit:
274 794 326 826 ubi
348 794 418 834 quis
441 803 509 823 rem
533 793 694 832 cognitam
725 792 855 824 celabat.
901 793 971 833 Ego
1001 803 1078 823 vero

124 838 320 871 reticentiam
342 836 380 867 de
402 846 463 875 qua
486 836 601 876 agitur,
625 835 684 866 sub
703 845 811 866 errore
830 835 1077 875 comprehendo,

125 882 179 913 ubi
208 881 278 921 quis
306 878 426 918 pudore
456 878 506 909 vel
536 882 624 908 metu
654 877 820 915 inductus,
855 878 1006 909 connivet
1038 878 1078 908 ad

124 924 224 956 scelus
243 921 294 954 vel
313 921 530 961 qualecunque
548 920 699 951 delictum
719 920 758 951 de
779 930 841 960 quo
860 921 1078 961 interrogatus

123 966 228 1002 fuerit,
249 968 341 1003 atque
359 964 404 993 ita
422 974 486 994 non
505 962 679 993 meditatus
703 963 889 1002 periurium,
913 962 969 994 sed
992 968 1079 994 tene-

123 1009 196 1040 bras
218 1006 276 1039 sibi
299 1005 472 1042 obducens‚
503 1005 641 1036 subticet
671 1006 753 1045 quod
785 1005 928 1036 dicturus
959 1011 1028 1036 erat
1051 1006 1077 1036 si

123 1061 190 1083 rem
213 1049 306 1090 probe
329 1048 554 1079 examinasset.
600 1047 791 1088 Quanquam
822 1049 953 1088 propius
981 1059 1077 1079 excu-

124 1091 229 1124 tienda.
250 1095 325 1122 sunt
348 1090 454 1128 verba,
478 1090 516 1121 de
539 1101 672 1131 quorum
697 1101 793 1121 sensu
817 1101 881 1121 non
905 1091 983 1122 satis
1006 1101 1076 1122 con-

122 1135 220 1167 venit.
264 1133 402 1172 Quidam
426 1143 543 1164 nomen
566 1134 631 1165 ΠὉΝ
655 1143 712 1172 pro
743 1134 964 1165 exsecratione
993 1133 1076 1173 posi-

122 1183 189 1209 tum
208 1187 276 1208 esse
296 1176 415 1213 volunt,
434 1186 469 1207 ac
489 1176 514 1206 si
534 1175 655 1207 dictum
675 1181 767 1212 esset,
791 1176 829 1207 Si
848 1176 918 1216 quis
937 1176 1076 1207 audierit

120 1220 326 1255 maleficium,
357 1218 407 1249 vel
431 1218 535 1249 scelus
558 1218 761 1255 detestabile,
793 1224 824 1249 et
853 1219 1075 1250 exsecratione

119 1262 268 1303 dignum:
292 1260 346 1292 sed
370 1271 480 1292 eorum
500 1266 716 1292 commentum
737 1262 893 1292 refellitur
911 1272 951 1292 ex
970 1262 1074 1301 primo

118 1308 277 1342 contextu,
301 1304 373 1343 quia
396 1314 469 1334 mox
493 1304 670 1341 subiicitur,
694 1303 731 1335 Si
751 1303 866 1335 viderit
885 1310 939 1335 aut
958 1314 1074 1345 cogno-

118 1348 211 1379 verit.
272 1346 337 1377 Alii
377 1346 599 1377 iusiurandum
639 1346 768 1385 quidem
808 1347 1073 1386 interpretantur,

119 1390 172 1422 sed
200 1389 239 1420 ad
269 1389 444 1429 periurium
473 1389 556 1419 male
586 1389 803 1429 restringunt,
832 1389 923 1428 quasi
954 1389 1073 1420 intelli-

117 1437 208 1473 geret
230 1432 348 1468 Moses,
379 1442 470 1462 reum
499 1442 568 1462 esse
591 1432 644 1471 qui
666 1432 804 1462 audierit
834 1432 995 1463 hominem
1020 1442 1074 1472 pc-

117 1475 290 1512 ierantem,
319 1484 376 1505 nec
396 1485 430 1504 se
452 1475 652 1514 opposuerit:
687 1475 765 1514 quin
789 1475 894 1514 potins
918 1486 977 1505 sua
999 1485 1074 1506 con-

117 1518 261 1549 niventia
279 1521 311 1548 et
330 1517 456 1547 silentio
475 1517 591 1547 texerit
611 1517 797 1556 periurium.
832 1517 945 1557 Itaque
964 1528 1074 1548 eorum

119 1560 296 1591 sente-ntiae
319 1559 483 1590 subscribo
513 1560 567 1598 qui
598 1559 636 1590 de
667 1559 866 1590 adiuratione
896 1565 1074 1599 exponunt,

119 1602 174 1634 Sic
196 1603 278 1634 enim
303 1602 421 1642 optime
445 1602 537 1633 simul
564 1602 782 1633 cohaerebunt
807 1602 912 1633 verba.
947 1602 983 1634 Si
1003 1603 1074 1642 quis

120 1645 209 1676 testis
231 1645 345 1675 citatus
373 1644 510 1675 audierit
540 1654 650 1675 vocem
681 1645 906 1682 adiuraffionis,
935 1656 999 1685 qua
1022 1656 1072 1676 roa

119 1692 210 1728 getur
242 1697 298 1728 per
328 1697 444 1718 nomen
468 1686 528 1717 Dei
554 1692 590 1717 ut
615 1698 688 1718 vere
712 1687 750 1718 de
774 1699 807 1718 re
836 1689 1000 1728 proposita
1024 1699 1072 1719 re-

120 1730 285 1770 spondeat,
310 1736 341 1760 et
362 1730 471 1760 favore
494 1729 546 1760 vel
570 1729 787 1770 indulgentia,
813 1731 861 1762 vel
882 1731 987 1762 fallaci
1011 1731 1073 1762 alio

119 1777 299 1813 praetextu,
333 1772 422 1812 quasi
457 1772 579 1804 obiecta
614 1773 731 1803 erroris
764 1773 893 1810 nebula,
927 1774 1073 1811 tacuerit,

120 1815 200 1855 quod
223 1820 338 1852 tamen,
362 1815 389 1846 si
412 1815 583 1855 diligenter
606 1815 802 1852 attenderet,
827 1816 964 1847 habebat
987 1827 1071 1847 com-

119 1863 259 1897 pertum:
290 1858 343 1888 ille
367 1868 439 1888 rcus
463 1858 532 1888 erit.
577 1857 692 1897 Itaque
716 1859 905 1898 particulam
932 1859 1073 1890 disiunc-

120 1900 217 1931 tivam
241 1900 299 1931 hoc
321 1900 388 1932 loco
413 1911 467 1940 per
498 1899 744 1931 conditionalem
774 1901 907 1931 reddere
937 1908 1071 1941 oportet.

121 1942 170 1973 Ad
189 1942 319 1973 verbum
339 1948 394 1978 est,
419 1942 454 1974 Si
474 1944 544 1983 quis
564 1943 701 1973 audierit
722 1955 829 1975 vocem
853 1944 1072 1981 adiurationis,
1099 1973 1101 1983 ‚

120 1990 150 2015 et
169 1986 257 2016 testis
276 1985 350 2024 ipse.
382 1985 546 2024 Quorsum
567 1991 672 2016 autem
694 1987 898 2026 exprimeret,
922 1987 957 2017 Si
978 1987 1074 2017 fuerit

119 2028 224 2065 testis,
254 2027 366 2059 deinde
396 2028 542 2059 adderet:
575 2028 637 2059 Vel
669 2030 870 2069 cognoverit,
905 2040 940 2060 ac
971 2030 996 2060 si
1022 2041 1072 2060 res
1099 2060 1100 2070 ,

120 2069 261 2101 diversas
294 2070 447 2101 referret?
483 2072 567 2111 Apte
600 2082 675 2102 vero
709 2072 844 2111 quadrat
880 2072 962 2112 quod
996 2072 1100 2110 dixi„

119 2113 228 2152 culpae
259 2113 327 2143 fieri
356 2123 444 2144 reum
468 2115 519 2153 qui
545 2115 634 2144 testis
660 2120 791 2145 vocatus
815 2126 875 2145 non
902 2115 1074 2154 respondet
1099 2116 1100 2121 ’

1099 2165 1100 2173 ’
1125 2157 1262 2188 fideliter
1274 2157 1407 2193 servari,
1428 2168 1468 2187 110
1486 2162 1689 2197 contemptus
1711 2158 1749 2188 ad
1771 2158 1966 2197 impietatem
1986 2168 2086 2198 usque

120 2154 158 2185 de
180 2165 214 2185 re
237 2155 293 2186 sibi
323 2156 458 2196 cognita.
504 2156 573 2187 Iam
605 2157 679 2196 quid
709 2163 792 2188 esset
822 2157 932 2188 audire
964 2168 1071 2189 vocem

119 2197 303 2235 iuramenti,
338 2199 398 2230 nisi
422 2199 585 2239 intelligas
609 2210 663 2230 ore
687 2199 800 2230 iudicis
825 2200 921 2231 fuisse
945 2200 1073 2231 adiura-
1099 2206 1101 2234 ζ’

119 2239 209 2269 tum?
245 2241 290 2271 Ac
311 2241 487 2272 notandum
512 2247 575 2280 cst,
605 2248 670 2273 tres
700 2253 780 2282 quac
811 2244 913 2282 primo
936 2253 1073 2273 comme·
1099 2246 1101 2278 Ξ

119 2286 285 2312 morantur
318 2284 452 2322 species,
490 2285 575 2315 111101·
608 2295 641 2314 se
671 2285 783 2315 affines
814 2296 897 2323 esse,
932 2286 1006 2325 quia.
1035 2286 1073 2315 de

120 2325 337 2362 peccatoribus
369 2325 543 2366 loquuntur
577 2327 630 2366 qui
665 2338 703 2357 cx
747 2328 881 2358 aliorum
924 2328 1073 2359 sordibus

120 2367 338 2406 contagionem
370 2368 511 2400 trahunt.
558 2370 639 2400 Nam
672 2381 769 2409 quum
800 2371 831 2400 in
861 2381 979 2410 genere
1008 2371 1072 2401 ius-

121 2408 215 2438 sisset
237 2409 342 2440 Moses
370 2411 481 2442 delicta
511 2423 619 2443 errore
648 2413 788 2443 admissa
816 2414 956 2453 expiari,
988 2425 1074 2445 nunc

120 2450 246 2481 subiicit
268 2453 348 2490 quod
370 2463 433 2483 non
457 2455 535 2485 satis
558 2455 677 2486 diserte
700 2456 883 2495 expositum
906 2461 983 2492 erat,
1008 2457 1074 2496 pia·
1098 2458 1100 2479 ἶ

119 2492 191 2524 culo
204 2493 298 2523 etiam
317 2494 466 2527 obnoxios
479 2507 547 2528 esse
561 2508 613 2528 eos
627 2498 680 2537 qui
693 2498 808 2537 polluti
823 2499 941 2529 fuerint
961 2499 1074 2529 alienis

118 2530 275 2566 maculis*
295 2535 345 2567 Ita
363 2538 479 2577 optime
503 2540 672 2570 conveniet
696 2551 769 2571 cum
794 2541 926 2581 reliquis
950 2541 1074 2572 duobus

120 2577 179 2608 hoc
207 2578 361 2617 primum,
393 2580 419 2610 si
444 2581 514 2620 quis
544 2582 672 2622 obliquo
704 2584 844 2622 periurio
875 2595 909 2614 se
940 2584 1074 2615 alterius
1099 2610 1100 2613 ,

120 2619 235 2650 delicto
259 2621 456 2661 implicuerit,
479 2624 682 2656 immundum
706 2636 775 2657 esse
799 2626 897 2658 donec
920 2626 1073 2665 placatio·
1099 2641 1101 2649 =

805 189 1057 221 SECUNDUM
1081 189 1401 222 PRAECEPTUM.

2027 194 2089 225 522

1132 292 1204 312 nem
1230 283 1399 315 obtulerit:
1425 283 1456 314 id
1480 285 1565 314 enim
1590 285 1750 325 significat
1773 286 1933 326 loquutio:
1957 287 2092 318 Portare

1131 324 1352 364 iniquitatem:
1377 337 1413 357 ae
1432 326 1459 357 si
1478 326 1613 357 dixisset
1626 327 1743 366 Moses,
1764 339 1882 359 noxam
1901 329 2091 360 contrahere

1131 368 1182 406 qui
1204 369 1397 399 maleficium
1421 369 1582 406 celaverit,
1607 369 1646 400 de
1669 381 1731 409 quo
1755 371 1972 412 interrogatus
1995 372 2092 403 fuerit

1130 410 1230 440 testis.

1215 452 1242 483 2.
1273 454 1340 483 Aut
1361 455 1390 484 si
1419 455 1525 485 anima
1556 455 1694 495 tetiyerz't.
1740 455 1879 486 Videtur
1909 456 1969 487 hoe
1998 466 2089 496 prae-

1131 498 1258 533 ceptum
1301 506 1363 525 non
1405 497 1498 527 modo
1532 507 1785 537 supervacuum,
1827 498 1882 529 sed
1916 499 2090 530 absurdum

1130 546 1252 576 quoque
1282 547 1359 569 esse.
1405 538 1574 577 Quomodo
1605 540 1692 570 enim
1725 541 1892 581 purganda
1923 546 2007 572 esset
2029 542 2089 572 im-

1130 579 1304 610 mundities
1323 592 1362 611 cx
1382 586 1530 612 contactu
1550 582 1599 612 vel
1620 583 1795 621 cadaveris,
1818 583 1869 613 vel
1888 583 2019 614 alterius
2043 584 2090 614 rei

1130 621 1276 661 impurae
1318 628 1498 661 contracta,
1539 624 1616 655 satis
1658 625 1794 657 antehac
1827 625 1934 657 Moses
1969 625 2088 657 docuit:

1130 664 1332 703 purgationis
1373 676 1447 696 vero
1481 667 1610 697 modum
1647 668 1771 699 facilem
1805 668 1926 707 absque
1958 673 2088 708 sumptu

1130 708 1343 746 praescripsit.
1389 707 1528 739 Videtur
1559 711 1665 750 itaque
1692 711 1817 741 inutilis
1840 721 1909 741 esse
1933 712 2088 751 repetitio.

1131 748 1323 780 Graviorem
1358 761 1433 781 vero
1474 761 1609 791 poenam
1652 752 1766 785 delicto
1805 754 1964 794 irrogare,
2006 753 2089 793 quod

1131 793 1248 822 erroris
1282 798 1469 832 praetextus
1503 799 1673 833 extenuat,
1707 806 1801 835 quam
1835 796 1890 826 ubi
1925 795 2014 826 nulla
2047 796 2090 826 sit

1131 835 1248 865 erroris
1271 835 1408 873 mentio,
1445 836 1590 876 iniquum
1615 842 1672 869 est.
1717 838 1782 869 Sed
1816 844 1924 869 tenere
1953 842 2088 878 oportet,

1131 887 1195 907 non
1217 877 1320 908 solum
1345 878 1580 909 immunditiem
1604 880 1707 919 pretio
1730 880 1888 916 mulctari,
1909 880 1963 911 sed
1988 881 2089 921 negli-

1131 920 1282 960 gentiam,
1302 930 1364 959 qua
1376 920 1495 951 factum
1514 922 1612 952 fuerit
1630 928 1666 953 ut
1684 923 1907 963 purgationem
1927 923 2089 954 omitteret

1131 963 1182 1002 qui
1217 962 1356 1002 pollutus
1391 968 1469 994 erat.
1521 964 1608 995 Fieri
1641 966 1725 996 enim
1760 970 1865 1005 potest
1894 970 1930 996 ut
1959 966 2014 1005 qui
2044 966 2090 997 sic

1131 1010 1261 1045 torpent
1284 1005 1315 1035 in
1340 1006 1407 1036 suis
1431 1006 1535 1043 vitiis,
1567 1007 1690 1038 cultum
1714 1009 1774 1039 Dei
1798 1008 1836 1038 ad
1864 1014 1990 1048 tempus
2013 1019 2088 1040 con-

1130 1048 1296 1078 taminent.
1342 1047 1414 1078 Non
1438 1049 1536 1088 igitur
1558 1050 1676 1080 mirum
1701 1051 1726 1081 si
1751 1050 1860 1082 durior
1882 1061 1985 1090 poena
2006 1051 2090 1081 infli-

1129 1091 1224 1130 gitur,
1244 1090 1297 1121 ubi
1316 1101 1406 1121 error
1425 1101 1463 1121 ex
1485 1092 1600 1131 supina
1618 1102 1787 1133 crassaque
1806 1094 1975 1124 securitate
1994 1097 2089 1124 natus

1129 1133 1222 1173 plura
1245 1133 1323 1164 vitia
1346 1143 1385 1163 ex
1410 1144 1444 1164 se
1467 1134 1587 1174 gignit,
1618 1145 1679 1174 quo
1709 1136 1826 1167 scilicet
1851 1136 1952 1166 maior
1975 1135 2014 1166 ad
2037 1146 2088 1166 ca-

1130 1175 1267 1206 vendum
1293 1176 1377 1205 inter
1400 1176 1511 1207 fideles
1534 1177 1641 1217 vigeat
1663 1179 1808 1209 attentio.
1847 1179 1991 1209 Tcneant
2012 1188 2088 1219 ergo

1128 1218 1278 1255 lectores,
1303 1229 1366 1248 non
1391 1219 1423 1249 in
1449 1219 1533 1249 nudo
1557 1224 1678 1251 attactu
1709 1221 1873 1252 cadaveris
1896 1222 1995 1251 situm
2018 1231 2088 1252 esse

1129 1261 1279 1292 delictum
1300 1261 1338 1291 dc
1357 1271 1418 1301 quo
1437 1273 1522 1293 nunc
1536 1263 1651 1302 agitur,
1666 1263 1719 1293 sed
1739 1264 1770 1293 in
1783 1264 1851 1303 ipsa
1862 1263 2088 1303 incogitantia:

1129 1306 1203 1344 quia
1226 1304 1253 1334 si
1276 1304 1347 1343 quis
1371 1303 1481 1334 sedulo
1504 1305 1678 1336 meditetur
1702 1306 1803 1346 legem
1828 1305 1904 1343 Dei,
1933 1317 1998 1336 non
2021 1310 2089 1336 tam

1129 1347 1220 1377 facile
1243 1346 1374 1386 obrepet
1397 1347 1532 1385 oblivio,
1561 1358 1623 1386 qua
1653 1348 1774 1379 tollitur
1803 1348 1972 1380 discrimen
2004 1349 2089 1379 inter

1129 1390 1174 1419 fas
1196 1393 1227 1419 et
1246 1389 1344 1419 nefas.
1380 1389 1502 1420 Eadem
1528 1390 1608 1421 ratio
1631 1395 1679 1421 est
1701 1391 1838 1430 proximi
1861 1391 2013 1428 mandati,
2034 1391 2089 1422 ubi

1129 1431 1226 1463 simili
1250 1442 1371 1471 poenae
1394 1432 1560 1463 subiicitur
1579 1433 1631 1472 qui
1652 1433 1814 1463 hominem
1835 1433 2036 1464 immundum
2058 1438 2089 1464 et

1128 1475 1285 1514 pollutum
1310 1475 1466 1515 attigerit:
1491 1475 1586 1506 sicuti
1611 1476 1686 1505 dum
1712 1476 1826 1506 mulier
1843 1481 2009 1507 menstrua
2030 1487 2089 1507 sua

1128 1518 1256 1557 patitur„
1282 1517 1492 1556 pollutionem
1516 1518 1641 1548 inducit
1664 1518 1730 1549 solo
1754 1523 1912 1549 contactu.

1212 1560 1240 1591 4.
1265 1560 1331 1590 Am
1352 1561 1456 1591 anima
1480 1561 1509 1591 si
1532 1561 1690 1591 iuraverit.
1736 1561 1825 1591 Haec
1847 1572 1971 1600 quoque
1994 1562 2087 1601 culpa

1127 1603 1228 1633 errori
1252 1608 1283 1633 et
1306 1603 1507 1643 ignorantiae
1536 1603 1743 1640 adscribitur,
1774 1604 1828 1635 ubi
1858 1603 1928 1643 quis
1948 1604 2087 1634 inconsi-

1126 1645 1235 1675 derate
1267 1646 1342 1675 facit
1372 1646 1455 1684 quod
1486 1656 1519 1676 se
1551 1657 1614 1676 non
1640 1646 1799 1677 facturum
1834 1647 1996 1686 pollicitus
2022 1653 2086 1677 est:

1126 1698 1229 1727 neque
1249 1688 1336 1718 enim
1356 1692 1433 1719 tunc
1453 1688 1592 1719 violatur
1612 1689 1845 1726 iusiurandum,
1866 1689 1948 1729 quod
1967 1690 2087 1720 scolere

1126 1741 1187 1761 non
1214 1736 1352 1761 careret:
1382 1730 1437 1761 sed
1467 1731 1500 1761 in
1532 1732 1600 1771 ipsa
1629 1731 1754 1762 incuria
1784 1732 1861 1763 satis
1887 1737 1935 1762 cst
1965 1732 2086 1771 culpae,

1126 1775 1200 1813 quia
1224 1773 1326 1804 solida
1350 1773 1462 1813 religio
1482 1774 1548 1804 voti
1568 1774 1755 1805 memoriam
1776 1779 1956 1805 renovaret.
1990 1774 2086 1806 Unde

1125 1816 1286 1855 sequitur,
1312 1816 1364 1846 ubi
1390 1815 1478 1846 nulla
1507 1823 1555 1847 cst
1585 1817 1764 1847 sollicitudo
1789 1828 1850 1847 non
1874 1828 1942 1847 esse
1965 1818 2085 1848 serium

1125 1858 1309 1899 praestandi
1336 1859 1398 1889 voti
1424 1858 1576 1889 studium.
1621 1860 1692 1890 Hoc
1722 1870 1796 1890 vero
1820 1859 2007 1890 mandatum
2031 1870 2086 1891 ne-

1125 1901 1299 1932 cessarium
1324 1901 1398 1937 fuit,
1431 1901 1505 1940 quia
1535 1912 1630 1941 saepe
1660 1903 1728 1933 ficri
1752 1903 1858 1942 pot-uit
1881 1907 1916 1932 ut
1939 1902 2086 1933 homines

1125 1945 1177 1983 qui
1212 1955 1245 1975 sc
1280 1944 1346 1974 voti
1379 1944 1620 1974 obstrinxerant
1650 1945 1725 1983 fide,
1755 1956 1811 1984 per
1840 1945 2085 1985 incogitantiam

1125 1987 1223 2026 lapsi,
1253 1987 1340 2026 quasi
1365 1986 1461 2017 soluti
1485 1987 1571 2017 omni
1596 1987 1742 2023 vinculo,
1774 1987 1832 2018 sibi
1863 1988 1897 2017 in
1921 1992 2085 2027 posterum

1125 2030 1348 2069 indulgerent:
1374 2030 1425 2068 qui
1450 2034 1557 2060 autem
1583 2040 1619 2060 eo
1645 2030 1779 2060 veniunt
1803 2030 1960 2067 licentiae,
1982 2030 2085 2070 magis

1125 2082 1160 2103 ac
1198 2073 1300 2111 magis
1340 2071 1571 2110 obdurescunt,
1613 2072 1712 2103 (101100
1753 2072 1881 2103 tandem
1922 2073 2087 2104 excutiant

1125 2126 1251 2145 omnem
1283 2115 1344 2145 Dei
1375 2114 1598 2145 reverentiam.
1644 2114 1756 2146 Voluit
1787 2126 1861 2154 ergo
1892 2115 1981 2147 Deus
2011 2120 2087 2146 vota

1126 2199 1255 2231 tandem
1291 2205 1519 2239 prorumperet.
1572 2199 1607 2230 Si
1642 2201 1712 2239 quis
1741 2211 1815 2240 crgo
1846 2211 1909 2230 non
1941 2201 2086 2241 cogitans

1125 2243 1280 2274 exciderit
1299 2254 1315 2273 a
1337 2243 1397 2273 fide
1416 2243 1498 2277 data,
1523 2242 1651 2273 iubetur
1670 2242 1774 2273 Deum
1798 2244 1939 2282 placare:
1960 2254 2021 2274 non
2045 2243 2086 2274 ob

1126 2286 1290 2316 levitatem
1316 2285 1364 2325 (ut
1394 2284 1522 2324 quidam
1554 2285 1683 2326 putant)
1712 2286 1802 2324 quasi
1828 2290 1947 2317 temere
1969 2287 2087 2326 promi—

1126 2329 1204 2359 serit
1233 2329 1314 2367 quod
1346 2339 1407 2358 non
1439 2327 1590 2363 debebat,
1624 2328 1677 2357 scd
1709 2328 1748 2357 ob
1779 2329 1977 2368 neglectum,
2012 2331 2086 2369 quia

1099 2373 1100 2378 ¹
1125 2371 1325 2411 diligentiam
1352 2382 1413 2401 nou
1444 2370 1590 2400 adhibuit
1613 2374 1650 2400 ut
1674 2371 1736 2400 voti
1761 2371 1791 2400 in
1817 2377 1960 2410 tempore
1982 2383 2086 2403 recor-

1125 2414 1264 2444 daretur.
1314 2414 1411 2443 Porro
1441 2413 1465 2442 si
1499 2412 1599 2443 locum
1633 2414 1717 2443 hunc
1752 2413 1893 2452 pupistae
1918 2425 1974 2445 suo
1998 2426 2086 2446 more

1125 2456 1247 2487 insulse
1271 2457 1425 2496 arripiant
1454 2454 1492 2485 ad
1524 2455 1714 2485 stabilienda
1745 2456 1905 2494 quaelibet·
1935 2463 2024 2494 vota,
2053 2459 2085 2488 in

1126 2504 1275 2538 promptu
1300 2499 1414 2529 solutio
1438 2502 1499 2528 est:
1524 2497 1630 2527 Deum
1662 2499 1874 2529 constantiam
1900 2501 2030 2530 nonnisi
2052 2501 2085 2531 111

1125 2542 1279 2582 legitimis
1303 2547 1331 2571 et
1357 2542 1416 2571 rite
1439 2540 1600 2579 conceptis
1626 2541 1708 2570 votis
1733 2541 1870 2580 exigere.
1917 2542 2085 2581 Quaenam

1125 2584 1167 2615 sit
1200 2585 1251 2623 pic
1286 2583 1412 2616 vivendi
1449 2583 1526 2613 ratio
1561 2587 1633 2612 ante
1669 2583 1888 2615 intelleximus
1922 2596 1961 2615 ex
1986 2586 2086 2616 Mosis

1127 2627 1289 2664 doctrina,
1324 2626 1407 2657 unde
1442 2625 1622 2664 colligimus
1656 2636 1693 2655 ca
1727 2626 1859 2657 minimo
1894 2627 2087 2667 praestanda
