2304 3034
121 197 180 228 321

120 296 226 322 tamen
246 290 410 321 hominem
433 300 497 321 non
516 289 744 320 contaminant.
771 288 892 318 Verum
913 288 987 326 quia
1006 298 1084 317 non-

120 334 228 364 nullae
263 334 384 381 species
407 343 425 363 a
447 333 535 372 lepra
558 342 620 362 nou
644 331 689 361 ita
712 330 849 360 multum
874 330 995 360 distant
1018 330 1082 369 pri-

121 387 172 407 mo
195 376 324 411 intuitu,
348 374 398 416 (ut
420 380 469 405 est
491 374 630 415 ophiasis
650 378 681 404 et
704 372 856 413 alopecia)
879 373 949 402 ideo
969 372 1082 402 distin-

120 429 218 458 guere
237 429 365 449 necesse
388 418 455 448 fuit.

206 461 256 491 44
299 461 355 491 Vir
387 460 524 498 leprosus
556 460 607 494 est,
644 457 822 488 immundus
861 459 912 488 est.
970 457 1082 487 Priore

120 504 264 535 membro
295 512 405 533 versus
434 502 511 532 dicit
545 483 706 540 lepiosum
735 500 849 530 debere
879 499 1081 529 immundum

122 546 257 578 censeri:
281 544 420 576 seeundo
443 548 549 574 autem
568 542 658 573 iubet
676 541 872 573 sacerdotem
892 542 930 572 de
951 542 1081 572 111181111-

121 588 277 619 munditie
296 587 484 618 sententiam
508 586 600 621 ferre,
623 596 662 616 ne
685 586 718 615 10
742 590 833 616 coetu
857 584 987 614 feratur.
1012 584 1083 614 Hae

122 632 244 662 ratione
274 630 363 660 dicit:
399 629 499 668 Plaga
529 628 596 658 eius
623 638 720 675 super
749 632 845 666 caput
881 627 965 657 eius:
999 625 1082 665 quod

121 672 310 704 tantundem
330 671 414 702 valet
435 681 470 702 ac
494 670 606 701 subiici
625 671 728 701 iustae
747 669 952 710 ignominiae
978 668 1085 700 Sumit

123 716 205 747 enim
230 724 286 754 pro
309 714 449 744 confesso
473 713 588 749 Moses,
615 713 718 743 Deum
748 718 858 743 notare
882 712 1008 752 publica
1037 712 1083 741 in-

122 758 218 789 famia
240 766 442 796 quoscunque
465 755 554 803 lepra
578 756 724 795 pereutit,
756 766 791 785 110
815 755 948 794 proinde
975 753 1083 785 1-1(11110

122 806 178 831 net
190 800 301 830 merito
321 804 351 829 et
369 799 452 828 iuste
473 798 632 828 sustinere
645 797 728 828 hanc
742 808 886 837 poenam.
912 797 1084 827 Proximus

123 853 234 874 versus
267 846 297 871 et
330 841 443 871 tertius
478 840 613 870 formam
637 840 879 879 exsequutionis
902 840 1084 870 continent:

122 895 235 924 nempe
258 888 293 914 ut
315 884 486 914 scissuram
510 883 542 913 in
570 888 657 914 veste
688 887 809 922 gestet,
839 893 919 922 quae
947 883 988 912 sit
1011 887 1086 912 nota

122 927 299 961 dedecoris,
328 925 456 956 incedat
479 926 582 965 capite
614 931 739 965 aperto,
769 930 801 955 et
829 936 884 955 ore
914 929 997 956 tecto
1029 924 1087 965 (810

122 970 206 1001 enim
235 970 430 1007 interpretor
464 968 698 1008 operimentum
730 967 836 1008 labii),
871 967 910 998 ad
942 967 1021 998 111180
1053 972 1088 997 ut

122 1014 164 1044 sit
185 1013 251 1051 ipse
273 1021 386 1050 praeco
410 1022 486 1041 suae
509 1011 712 1050 pollutionis:
738 1010 874 1050 denique
905 1015 941 1040 ut
965 1010 1088 1041 habitet

123 1061 213 1086 extra
236 1060 354 1090 eastra,
386 1054 475 1093 quasi
505 1053 672 1093 ablegatus
702 1053 742 1084 ab
766 1053 934 1083 homiuum
959 1063 1087 1083 consor-

123 1098 173 1128 tio.
219 1096 280 1127 Ubi
306 1096 413 1126 Moses
437 1102 638 1135 praesentem
663 1101 782 1126 statum
807 1096 917 1135 populi
946 1095 1086 1134 respicit,

123 1139 306 1180 quantisper
329 1139 360 1168 in
386 1138 511 1169 deserto
534 1138 810 1178 peregrinabatur.
862 1138 944 1168 Nam
969 1148 1007 1168 ex
1028 1149 1088 1177 quo

124 1189 240 1213 terram
273 1181 411 1212 incolere
434 1181 537 1220 eoepit
559 1181 711 1220 populus,
744 1181 835 1212 eiecti
865 1186 939 1211 sunt
971 1181 1117 1228 leprosi

122 1236 161 1257 ex
185 1223 316 1254 urbibus
339 1230 370 1254 et
389 1225 478 1263 pagis
503 1230 538 1254 ut
561 1234 702 1254 seorsum
729 1223 891 1263 degerent.
937 1223 1030 1261 Quod
1054 1234 1088 1254 os

122 1267 171 1299 vel
192 1267 310 1297 labium
335 1267 459 1306 operire
482 1267 586 1297 iussos
617 1266 747 1306 quidam
770 1266 882 1297 volunt
906 1276 946 1296 ne
969 1267 1088 1296 foetore

122 1309 284 1341 anhelitus
307 1320 402 1339 sanos
434 1309 612 1345 laederent,
645 1309 750 1340 nescio
782 1320 821 1339 an
856 1309 934 1339 satis
958 1309 1088 1339 firmum

122 1353 172 1384 sit.
218 1351 375 1391 Equidem
402 1352 505 1392 magis
529 1351 675 1388 arbitror,
706 1352 780 1391 quia
809 1352 947 1382 civiliter
970 1352 1088 1382 mortui

123 1399 228 1431 erant,
270 1394 453 1434 symbolum
487 1405 611 1434 quoque
644 1395 757 1425 mortis
791 1400 934 1434 gestasse
967 1394 1001 1424 in
1035 1404 1089 1424 ore

123 1437 246 1468 clauso:
271 1438 353 1468 sicut
373 1438 441 1476 ipsa
460 1437 598 1468 solitudo
622 1437 785 1468 communi
810 1437 878 1467 vita
901 1447 953 1467 eos
984 1437 1089 1477 priva-

123 1480 186 1511 bat.
231 1479 295 1511 Ubi
325 1480 494 1510 vertimus:
531 1479 732 1516 Immundus,
755 1478 951 1516 110010οᾶ08,
974 1479 1090 1510 clama-

122 1523 178 1558 bit,
204 1523 339 1553 verbum
363 1529 437 1566 18Ἶῖ·
465 1522 632 1552 indefinite
651 1528 823 1559 sumentes,
849 1522 976 1562 passive
995 1532 1090 1561 expo-

123 1571 207 1596 nunt
229 1544 422 1596 Vocabitur:
453 1570 486 1595 et
520 1566 621 1596 tateor
651 1565 761 1596 multis
788 1566 865 1596 10018
896 1565 1088 1595 tantundem

124 1608 232 1639 valere
255 1618 291 1638 ac
314 1608 340 1637 81
364 1608 499 1647 pluralis
518 1613 600 1638 esset
624 1618 788 1639 numerus.
813 1607 878 1638 Sed
902 1608 976 1647 quia
999 1618 1089 1647 repe-

125 1651 197 1681 titio
230 1651 368 1681 nominis
392 1650 585 1681 Immundus
618 1657 667 1681 est
697 1650 894 1691 emphatica,
925 1651 1089 1690 probabile

124 1700 172 1724 est
196 1693 328 1724 verbum
360 1699 424 1735 ΝἾΡ
455 1704 516 1723 000
551 1693 739 1732 simpliciter
761 1694 859 1732 accipi
884 1704 940 1732 pro
965 1703 1088 1724 vocare.

124 1736 237 1776 Itaque
261 1736 293 1766 in
318 1735 399 1766 hanc
421 1736 617 1766 sententiam
641 1736 745 1776 magis
768 1736 903 1771 inclino,
934 1736 1020 1775 ipsos
1049 1747 1088 1766 cx

125 1778 204 1819 legis
239 1784 408 1818 praecepto
438 1779 547 1818 procul
571 1779 609 1809 ab
633 1789 762 1810 accessu
786 1779 916 1819 propria
939 1789 1017 1809 voce
1042 1780 1089 1809 fu-

125 1831 216 1862 gasse
240 1831 364 1856 001008,
397 1832 436 1851 ne
467 1822 536 1860 quis
559 1822 708 1852 incautus
737 1828 825 1852 tactu
855 1832 888 1852 se
922 1821 1089 1861 pollueret.

126 1863 317 1903 Quanquam
353 1863 515 1903 probabile
556 1870 604 1894 est
638 1865 765 1904 publiea
799 1875 874 1895 voce
909 1864 1091 1904 promulga-

126 1912 190 1936 tam
224 1906 323 1937 fuissc
358 1906 613 1944 immunditiem,
648 1913 685 1937 ut
708 1918 740 1937 se
764 1917 876 1937 omnes
900 1913 1013 1937 mutuo
1039 1917 1090 1937 co-

127 1948 334 1979 hortarentur
357 1949 395 1979 ad
420 1949 609 1980 cavendum.
655 1950 698 1980 Et
722 1950 850 1980 videtur
874 1950 912 1980 ad
936 1949 1022 1980 bunc
1047 1950 1090 1980 lo-

127 2001 199 2022 cum
222 1991 364 2022 alludere
386 1992 540 2022 Ieremias
563 1991 697 2033 (Thren.
721 1993 749 2026 4,
776 1992 837 2033 15),
862 1992 914 2022 ubi
939 1991 977 2023 dc
1001 1993 1091 2023 urbis

127 2034 375 2073 inquinamentis
395 2034 536 2074 loquens,
561 2036 637 2066 dicit
656 2046 768 2066 omues
788 2035 905 2074 passim
926 2035 1090 2073 clamasse,

128 2076 325 2114 Immundus,
350 2078 458 2116 fugite,
483 2077 592 2117 fugite.

211 2119 260 2150 58.
292 2119 390 2150 Vestis
412 2122 521 2150 autem.
567 2120 638 2151 Hoc
666 2131 768 2160 genus
799 2120 879 2151 tabis
914 2121 1004 2151 Deus
1035 2131 1091 2159 pro

131 2160 286 2192 immensa
314 2172 371 2193 sua
400 2162 572 2194 elementia
601 2163 702 2193 voluit
731 2163 822 2194 nobis
854 2174 923 2194 esse
946 2164 1091 2203 incogni-

131 2208 206 2233 tum.
230 2204 338 2235 Tineis
362 2205 487 2244 quidem
513 2205 622 2237 11108118
646 2211 677 2236 81
700 2206 847 2245 pelliceas
873 2212 977 2237 vestes
995 2206 1092 2237 obno-

131 2245 200 2275 xias
218 2216 379 2284 reddidit,q
385 2258 464 2278 vasa
476 2248 741 2288 multarubigiui,
760 2248 926 2289 ferrugini,
946 2250 1092 2289 aerugini

134 2287 262 2326 aliisque
282 2289 366 2320 vitiis
395 2295 426 2321 et
450 2291 650 2330 corruptelis,
664 2273 815 2338 tadenique
835 2292 1012 2322 humanum
1037 2302 1091 2331 ge-

134 2339 192 2359 nus
215 2332 419 2363 circumdedit
443 2333 620 2373 putredine,
643 2338 681 2364 01
703 2335 791 2364 omni
815 2345 853 2365 ex
879 2340 969 2374 [ii-ute
992 2335 1092 2365 oculis

135 2381 168 2401 se
190 2371 372 2411 ingererent
394 2385 514 2414 poenae
538 2377 675 2416 peceati:
700 2376 754 2407 sed
778 2377 851 2416 quid
879 2378 921 2408 sit
948 2378 1036 2417 lepra
1058 2378 1090 2408 in

136 2414 274 2445 vestibus
297 2417 443 2449 nescitur
467 2418 546 2450 Eius
570 2425 676 2450 autem
701 2419 843 2459 expiatio
867 2420 924 2450 sub
949 2420 1018 2459 lege
1038 2420 1090 2450 ad-

136 2456 259 2486 monuit
293 2464 431 2489 veterem
463 2462 629 2501 populum,
664 2462 775 2492 sedulo
809 2463 989 2493 cavendum
1023 2474 1091 2493 8880

136 2498 175 2528 ab
207 2500 346 2530 externis
373 2511 495 2541 quoque
518 2505 679 2541 sordibus,
715 2510 751 2535 ut
783 2516 816 2535 se
836 2505 1030 2535 mundarent
1053 2505 1092 2536 ab

137 2541 223 2570 omni
246 2543 348 2573 carnis
370 2548 402 2573 et
421 2545 551 2583 spiritus
575 2548 827 2587 inquinamento.
853 2548 912 2577 Rei
932 2559 1089 2578 summam

137 2583 293 2621 attingere
305 2585 380 2615 satis
393 2587 469 2617 mibi
483 2589 585 2619 visum
610 2595 666 2626 est
691 2591 765 2629 quia
784 2591 815 2620 in
836 2590 926 2621 verbi
940 2591 1089 2621 insistere

138 2634 353 2664 supervacuus
382 2628 445 2659 fere
472 2637 553 2662 esset
581 2632 684 2663 labor:
719 2643 901 2672 quanquam
937 2633 1090 2664 damnare

244 2674 352 2701 calvini
368 2685 457 2710 opera.
496 2680 552 2706 Vol.
574 2681 687 2709 XXIV.

841 194 1028 225 PRIMUM
1058 194 1373 229 PRAECEPTUM.

2038 201 2099 232 322

1135 289 1232 320 1101101
1246 301 1356 321 eorum
1370 289 1572 340 diligentiam
1586 292 1641 332 qui
1655 292 1733 323 haee
1752 302 1877 332 quoque
1896 293 2100 325 examinant:

1134 332 1214 405 8ξὲ
1224 333 1300 363 mihi
1336 335 1533 374 propositum
1575 345 1638 366 11οο
1679 338 1727 365 est
1766 335 1856 375 fungi
1897 336 2099 376 grammatici

1134 385 1151 405 o
1190 376 1246 406 cio.

1422 546 1485 576 EX
1510 546 1660 578 LEVIT,
1684 547 1769 578 XIV
1783 546 1815 588 1).

1223 630 1249 660 1.
1281 629 1323 660 Et
1352 630 1494 668 loquutus
1524 634 1567 662 est
1591 631 1703 662 Iehooa
1732 632 1774 662 ad
1803 631 1926 669 Mosen,
1957 632 2099 664 dicendo:

1189 671 1275 702 Haec
1297 673 1355 702 erit
1377 673 1424 703 lec
1447 673 1557 711 ῖ(,1)νο3ἑ
1580 674 1629 704 die
1647 675 1846 713 purqatiouis
1868 657 1957 711 sade,
1983 686 2099 715 nempe

1137 692 1305 745 adducetur
1328 715 1368 744 ad
1389 716 1581 747 sacerdotem.
1627 716 1656 747 3
1688 716 1731 747 Et
1759 717 1929 756 eqredietur
1956 719 2100 749 sacerdos

1135 757 1223 796 foras
1246 760 1331 787 caira
1354 760 1469 795 castra,
1500 760 1526 788 ct
1551 759 1689 796 inspiciet
1711 759 1866 790 sacerdos:
1889 762 1915 789 et
1936 761 1965 790 si
1987 763 2099 792 sanata

1136 800 1232 838 fuerit
1261 800 1346 838 lepra
1373 811 1391 830 a
1422 800 1546 839 leproso,
1591 801 1619 832 4.
1653 801 1679 832 T
1680 811 1737 832 unc
1759 802 1929 842 praecipiet
1957 803 2098 834 sacerdos

1138 844 1171 872 ut
1189 842 1332 873 tollantur
1350 842 1376 872 ci
1396 843 1449 880 qui
1467 844 1634 874 mundatur
1656 843 1735 874 dicae
1753 854 1824 875 aves
1841 846 1935 883 vivae,
1958 846 2100 882 mundae,

1139 887 1166 915 et
1189 884 1303 923 liginum
1326 885 1497 922 cedrinum,
1526 889 1552 915 ct
1579 896 1680 917 coccus
1709 887 1868 918 vermiculi
1889 890 1916 917 et
1937 887 2098 927 hyssopus.

1139 927 1167 957 5.
1193 927 1235 957 Et
1254 927 1424 966 praecipiet
1447 929 1587 960 sacerdos
1609 931 1642 958 ut
1662 932 1808 959 mactetur
1830 930 1899 960 avis
1922 940 1986 961 uua
2008 941 2101 969 super

1140 980 1195 1000 ras
1216 969 1307 1007 fietile
1331 980 1423 1008 super
1445 980 1543 1008 aquas
1565 972 1662 1001 vivas.
1709 972 1736 1002 6.
1770 972 1867 1002 Avem
1887 973 1989 1003 vivam
2011 973 2101 1012 tollet,

1140 1015 1165 1043 ct
1190 1013 1307 1052 ligyrium
1326 1013 1492 1049 cedrinum,
1509 1016 1534 1043 et
1552 1023 1668 1044 coccum
1686 1014 1853 1051 vermiculi,
1873 1017 1900 1045 ct
1917 1014 2101 1054 hyssopum:

1140 1058 1167 1086 et
1191 1055 1282 1094 tinyct
1312 1055 1380 1091 illa,
1416 1058 1443 1085 ct
1471 1066 1557 1086 avem
1579 1057 1681 1086 vivam
1705 1057 1737 1087 in
1759 1057 1909 1096 sanquine
1931 1058 2000 1088 avis
2021 1068 2101 1089 mac-

1141 1100 1221 1128 tatae
1243 1108 1337 1136 super
1369 1108 1467 1135 aquas
1498 1098 1591 1129 rivas.
1639 1099 1665 1129 7.
1698 1100 1739 1130 Et
1766 1102 1891 1139 sparget
1919 1110 2012 1138 super
2034 1111 2101 1131 eum

1141 1141 1195 1179 qui
1227 1140 1396 1170 mimdatur
1426 1151 1445 1170 a
1471 1140 1553 1180 lepra
1585 1144 1694 1179 septem
1722 1142 1854 1179 vicibus,
1884 1143 2102 1182 mundabitque

1141 1193 1224 1213 eum:
1242 1186 1269 1213 et
1289 1183 1399 1212 cemma
1417 1193 1500 1213 aiem
1522 1184 1620 1214 cinam
1641 1185 1672 1214 iu
1690 1184 1880 1223 superficiem
1898 1186 1976 1224 ayri.
2012 1186 2040 1216 8
2060 1185 2103 1216 Et

1115 1216 1256 1257 lavabit
1275 1226 1328 1264 qui
1347 1226 1529 1256 emundatur
1546 1227 1721 1257 vestimenta
1743 1237 1811 1263 sua,
1835 1229 1862 1258 et
1880 1228 1967 1258 radet
1986 1238 2102 1258 omnem

1136 1268 1240 1307 pilum
1267 1278 1374 1301 suam
1409 1268 1579 1307 lavabitque
1611 1279 1643 1299 se
1672 1279 1769 1307 aqua,
1804 1272 1830 1300 et
1862 1270 1997 1300 rotundus
2029 1271 2104 1301 erit.-

1136 1314 1246 1350 postea
1268 1311 1455 1349 inqredictur
1477 1314 1594 1346 castra,
1628 1311 1832 1350 habitabitque
1854 1315 1939 1343 extra
1961 1312 2103 1344 taberna-

1142 1354 1245 1385 culum
1271 1364 1362 1384 suum
1389 1355 1499 1392 septem
1527 1353 1640 1384 dicbus.
1693 1354 1721 1384 9.
1754 1354 1816 1385 Die
1845 1357 1946 1385 autem
1975 1356 2101 1394 septimo

1142 1397 1230 1427 radet
1259 1406 1375 1427 onmem
1396 1396 1500 1434 pilum
1528 1406 1634 1433 suum,
1663 1399 1753 1434 caput
1782 1407 1889 1434 suum,
1919 1399 1945 1428 et
1973 1398 2101 1429 barbam

1142 1449 1249 1476 suam,
1281 1441 1306 1469 et
1328 1439 1493 1478 supercilia
1516 1438 1668 1469 oculorum
1697 1449 1838 1476 suorum,
1869 1442 1957 1478 atque
1985 1450 2101 1471 omnem

1141 1482 1295 1520 reliquum
1310 1481 1413 1520 pilum
1430 1491 1521 1512 suum
1539 1481 1641 1512 radet:
1661 1482 1773 1512 lavabit
1792 1492 1906 1521 quoque
1923 1483 2102 1514 vestimenta

1142 1535 1214 1561 sua,
1239 1527 1403 1563 postquam
1432 1524 1540 1554 laverit
1568 1533 1688 1554 caruem
1716 1534 1806 1554 suam
1835 1535 1933 1563 aqua,
1961 1528 1989 1556 et
2010 1526 2102 1565 puri-

1140 1567 1242 1605 ficabit
1271 1577 1310 1597 se.
1362 1567 1409 1597 10.
1442 1566 1503 1597 Die
1531 1569 1631 1596 autem
1658 1569 1757 1597 octavo
1790 1567 1869 1597 tollet
1900 1568 1977 1598 duos
2006 1578 2101 1608 ayuos

1142 1609 1362 1645 immaculatos,
1387 1612 1412 1640 et
1428 1619 1540 1649 aquam
1552 1619 1646 1639 unam
1664 1609 1840 1640 arunculam
1859 1610 2100 1648 immaculatam,

1142 1655 1168 1683 et
1202 1655 1261 1683 tres
1296 1653 1429 1683 decimas
1461 1652 1584 1682 similae
1617 1662 1673 1690 pro
1702 1652 1808 1682 miuha
1837 1653 1936 1682 mixta
1968 1653 2044 1690 oleo,
2074 1656 2102 1685 et

1141 1695 1310 1725 sestarium
1342 1704 1439 1725 unum
1472 1694 1537 1724 olei.
1589 1694 1636 1724 11.
1674 1694 1848 1733 Statuetque
1875 1696 2017 1726 sacerdos
2045 1696 2101 1735 qui

1142 1738 1272 1768 uzundat
1293 1738 1395 1768 virum
1418 1737 1644 1772 mundandum,
1672 1740 1699 1767 et
1722 1737 1776 1767 illa
1797 1747 1901 1767 coram
1924 1737 2037 1768 Iehova
2059 1738 2101 1770 ad

1143 1781 1255 1811 ostium
1274 1780 1460 1810 tabernaculi
1477 1779 1686 1810 conventionis.
1718 1780 1765 1810 12.
1794 1779 1944 1818 Tolletque
1961 1781 2102 1812 sacerdos

1144 1834 1256 1863 aynum
1284 1833 1380 1853 uniam
1403 1832 1490 1861 quem
1518 1823 1601 1861 offert
1629 1822 1662 1851 in
1690 1822 1875 1860 sacrificium
1898 1833 1958 1862 pro
1987 1823 2100 1861 delicto,

1144 1869 1170 1896 ct
1203 1866 1373 1896 sestarium
1407 1865 1476 1901 olei,
1516 1868 1541 1895 ct
1576 1864 1702 1903 ayitabit
1734 1875 1769 1895 ea
1802 1865 1967 1904 ayitationc
1999 1875 2102 1897 coram

1145 1908 1267 1939 Ichana.
1315 1909 1362 1938 13.
1390 1906 1592 1946 Mactabitque
1614 1917 1725 1946 (tynum
1748 1908 1782 1937 ‘iu
1804 1907 1866 1938 loeo
1888 1908 1921 1937 in
1944 1918 2002 1947 quo
2020 1918 2102 1939 mac-

1143 1954 1207 1982 tare
1219 1951 1290 1981 solet
1302 1951 1477 1981 oblationem
1491 1960 1551 1988 pro
1570 1952 1696 1985 peccato,
1716 1952 1741 1980 et
1759 1949 1972 1987 holocaustum,
1986 1961 2101 1991 nempe

1144 1995 1178 2024 iri
1201 1993 1260 2024 loco
1283 1994 1469 2024 sanctitatis:
1496 1993 1570 2031 quia
1599 1992 1677 2022 sicut
1704 1992 1802 2022 hostia
1820 2002 1879 2030 pro
1895 1995 2031 2030 peccato,
2056 1993 2102 2024 ita

1144 2036 1254 2067 oblatio
1274 2047 1330 2074 pro
1348 2036 1461 2070 delicto,
1484 2038 1527 2065 est
1546 2034 1718 2070 sacerdotis,
1740 2035 1887 2065 sanctitas
1904 2036 2102 2066 sanctitatum

1144 2081 1195 2110 est.
1242 2079 1290 2109 14.
1323 2079 1516 2116 Accipictque
1544 2077 1684 2107 sacerdos
1711 2077 1747 2107 dc
1768 2077 1917 2115 sanquine
1939 2077 2101 2109 oblationis

1139 2132 1198 2161 pro
1221 2122 1339 2156 delicto,
1371 2125 1397 2152 ct
1420 2122 1510 2158 ponet
1539 2130 1630 2157 super
1660 2122 1795 2149 teucrum
1817 2120 1907 2150 auris
1929 2121 2102 2152 mundandi

1144 2165 1284 2202 dextrae,
1317 2166 1342 2194 ct
1369 2173 1462 2201 super
1489 2162 1634 2200 pollicem
1661 2172 1772 2192 manus
1808 2162 1875 2192 eius
1900 2162 2043 2199 deztrae,
2076 2166 2104 2194 et

1144 2217 1237 2245 super
1254 2207 1395 2246 pollicem
1412 2205 1502 2244 pedis
1524 2205 1591 2235 eius
1612 2204 1721 2235 deoetri.
1769 2204 1817 2235 15.
1849 2204 1985 2244 Accipiet
2010 2215 2102 2244 prae-

1145 2253 1226 2281 terea
1248 2250 1388 2280 sacerdos
1410 2248 1445 2277 de
1473 2247 1607 2278 sestario
1633 2247 1706 2283 olei,
1737 2249 1764 2277 et
1789 2247 1898 2286 fundet
1921 2248 1953 2277 iu
1974 2258 2102 2279 marium

1144 2303 1233 2324 suam
1261 2292 1431 2322 sinistram.
1486 2290 1532 2320 16.
1567 2289 1730 2329 Tiuyctquc
1759 2290 1825 2328 ipse
1852 2289 1983 2329 diyitum
2011 2301 2102 2321 suum

1144 2336 1285 2366 doxtrum
1318 2335 1350 2364 in
1384 2333 1480 2363 oleum
1513 2332 1593 2371 quod
1619 2334 1662 2362 est
1691 2332 1724 2362 in
1753 2342 1848 2362 manu
1874 2343 1932 2362 sua
1962 2333 2101 2370 sinistra,

1143 2381 1324 2417 sparqetque
1352 2377 1388 2406 (le
1416 2376 1476 2406 olco
1506 2375 1601 2413 (liquo
1629 2384 1684 2404 suo
1711 2377 1822 2413 septem
1850 2375 1967 2405 vicibus
1996 2385 2100 2407 coram

1146 2420 1267 2451 Ichoca.
1315 2419 1362 2449 17.
1388 2418 1435 2449 Dc
1456 2418 1579 2448 residuo
1601 2427 1669 2447 vcro
1692 2417 1748 2447 olei
1770 2417 1850 2455 quod
1872 2418 1905 2447 iu
1927 2427 2022 2448 maim
2044 2428 2102 2449 sua

1138 2466 1231 2501 ponet
1253 2462 1392 2493 sacerdos
1410 2470 1502 2498 snper
1520 2462 1653 2490 tenerum
1671 2460 1761 2489 auris
1779 2459 1950 2490 mundandi
1969 2460 2102 2498 dextrae,

1143 2508 1169 2535 ct
1187 2516 1279 2544 super
1294 2504 1431 2543 pollicem
1444 2513 1556 2533 mamis
1573 2512 1640 2532 ems
1658 2502 1791 2539 deattrae,
1810 2504 1836 2532 et
1854 2512 1947 2541 super
1962 2503 2102 2543 pollicem

1138 2549 1231 2586 pedis
1264 2557 1330 2578 eius
1363 2546 1477 2581 deutri,
1519 2544 1600 2575 ultra
1633 2544 1815 2583 sanquinem
1848 2544 2008 2575 oblationis
2044 2556 2102 2585 pro

1231 2641 1258 2671 1)
1279 2641 1315 2665 De
1335 2640 1359 2664 la
1379 2639 1518 2672 purgation
1537 2638 1584 2662 des
1602 2637 1720 2669 lepreux.

1864 2678 1897 2704 21
