2304 3034
106 202 167 233 325

105 306 174 327 0550
189 296 303 331 Deum,
327 299 357 325 et
381 294 491 334 procul
515 294 652 324 arcenda
670 303 738 324 esse
752 293 1003 332 inquinamenta,
1027 302 1066 322 ne

105 338 294 378 profanetur
328 337 448 375 religio.
495 336 655 375 Quoniam
685 336 785 375 igitur
815 335 902 374 lepra
937 334 1067 373 pollutio

106 380 260 420 quaedam
290 386 374 417 erat,
405 380 458 419 qui
489 380 527 409 ab
557 388 594 408 ea
617 378 720 408 sanati
744 382 845 412 erant,
880 387 933 407 eos
963 376 1068 406 noluit

106 423 195 453 Deus
219 423 279 453 nisi
309 421 497 461 interposito
520 421 673 451 sacrificio
703 420 733 450 in
765 424 910 450 sanetum
941 423 1067 450 coetum

106 466 220 505 recipi:
252 476 288 496 ac
317 465 343 495 si
372 474 424 494 eos
461 463 682 494 reconciliaret
715 461 862 492 sacerdos
899 466 1066 500 postquam

106 507 374 539 excommunicati
394 508 528 536 fuerant.
563 505 631 535 Iam
656 514 736 544 quae
760 509 870 534 notatu
883 504 980 543 digna
993 509 1068 534 sunt

107 556 258 582 excutere
290 548 449 581 convenit.
498 546 665 578 Sacerdoti
694 547 876 587 iniungitur
905 546 1065 586 purgandi

106 603 238 623 munus:
263 597 293 622 et
316 597 423 622 tamen
448 589 542 620 simul
567 588 770 620 interdicitur
795 600 834 619 ne
854 600 932 628 quos
952 596 1067 628 purget

106 636 167 666 nisi
188 635 239 675 qui
265 635 327 665 iam
351 633 423 672 puri
441 637 472 663 et
495 631 605 662 mundi
624 636 710 662 sunt.
741 632 804 663 Ubi
829 632 917 662 Deus
940 632 979 662 ab
1004 642 1067 661 1100

105 684 196 718 parte
217 676 275 707 sibi
300 675 448 706 vendicat
470 674 596 704 laudem
623 674 813 710 sanationis,
838 685 878 704 ne
902 674 940 704 ad
964 674 1066 704 homi—

106 731 162 751 nes
181 720 340 750 trahatur:
365 727 476 747 rursus
495 721 603 746 tamen
623 716 745 747 stabilit
765 717 967 757 disciplinam
987 727 1067 756 quae

106 764 215 803 vigere
235 761 327 792 debet
338 760 372 790 10
396 759 535 790 ecclesia.
561 759 604 790 Ut
624 770 674 790 res
693 759 810 790 clarius
829 764 946 799 pateat,
968 759 1067 789 solius

106 806 167 836 Dei
186 809 233 835 est
251 808 379 844 peccata
398 802 569 832 remittere.
600 801 686 840 Quid
707 802 806 842 igitur
826 802 948 832 homini
967 807 1067 832 restat

106 848 166 879 uisi
197 853 231 877 ut
263 845 352 876 testis
386 844 427 875 sit
450 855 486 875 ac
510 854 623 883 praeco
647 846 769 884 gratiae
792 845 947 875 divinitus
970 844 1066 875 colla·

106 890 177 921 tae?
223 889 293 919 Non
316 892 420 927 potest
442 897 518 926 ergo
542 887 707 918 absolvere
738 888 799 918 Dei
830 887 975 918 minister
1003 887 1067 919 nisi

105 943 197 972 quem
227 936 299 961 ante
330 929 418 960 Deus
447 928 630 960 absolverit.
675 930 715 959 In
749 940 890 965 summa,
926 940 989 960 non
1020 936 1067 960 est

104 975 138 1006 in
172 977 325 1014 potestate
362 972 411 1002 vel
446 972 576 1002 arbitrio
619 972 759 1003 hominis
799 972 972 1009 absolutio,
1011 972 1066 1002 sed

104 1022 228 1048 tantum
252 1014 407 1046 secundas
442 1020 548 1054 partes
579 1015 719 1045 sustinet
742 1015 907 1050 minister,
937 1020 973 1045 ut
1003 1014 1067 1045 Dei

103 1060 218 1091 10111010
252 1057 445 1093 subscribat,
483 1056 532 1087 vel
569 1058 675 1096 potius
712 1063 747 1088 ut
781 1058 963 1098 promulget
1005 1057 1094 1098 Dei,

103 1101 303 1134 sententiam.
348 1100 435 1130 Hinc
464 1099 518 1129 illa
547 1100 684 1140 insignis
718 1101 821 1131 Isaiae
850 1100 900 1137 43,
924 1100 974 1137 25,
996 1111 1066 1130 seu-

104 1145 219 1175 tentia:
254 1143 322 1182 Ego
346 1153 428 1181 sum,
463 1152 520 1182 ego
549 1153 637 1179 sum,
673 1144 726 1182 qui
757 1143 846 1174 deleo
880 1143 1067 1183 iniquitates

104 1193 182 1223 tuas,
204 1186 314 1223 Israel,
338 1191 369 1215 et
393 1184 503 1215 nullus
527 1191 653 1224 praeter
677 1196 736 1216 me.
762 1186 835 1224 Quo
858 1186 954 1216 etiam
971 1196 1066 1216 sensu

103 1230 221 1270 passim
244 1228 328 1267 apud
353 1238 464 1258 omnes
484 1228 657 1267 prophetas
681 1229 839 1267 promittit
864 1229 953 1259 Deus
972 1239 1066 1258 mun-

103 1272 179 1302 dum
203 1272 268 1302 fore
292 1271 454 1311 populum,
477 1270 530 1301 ubi
554 1271 658 1309 ipsum
682 1271 899 1301 mundaverit.
938 1271 1067 1301 Interea

102 1320 209 1345 tamen
236 1314 295 1344 hoc
326 1323 389 1344 non
416 1312 521 1343 obstat
543 1314 715 1352 quominus
734 1325 790 1344 suo
814 1313 950 1353 quodam
974 1313 1067 1344 modo

103 1356 211 1388 sordes
241 1356 347 1396 populi
377 1355 509 1386 abluant
542 1356 595 1395 qui
630 1357 732 1387 vocati
762 1363 840 1387 sunt
868 1356 907 1387 ad
931 1356 1066 1387 docendi

103 1410 231 1430 munus.
255 1399 338 1429 Nam
361 1408 459 1438 quum
483 1398 549 1428 sola
572 1398 650 1429 fides
673 1399 769 1430 corda
792 1400 955 1439 purificet,
990 1409 1066 1438 qua-

104 1447 196 1473 tenus
229 1441 341 1481 recipit
374 1440 459 1480 quod
492 1452 531 1471 ex
566 1451 619 1472 ore
655 1441 793 1473 hominis
824 1442 943 1482 profert
977 1442 1066 1472 Deus

102 1485 337 1516 testimonium:
383 1483 544 1520 minister,
581 1484 633 1523 qui
665 1495 721 1515 005
752 1484 822 1515 Ι)00
846 1484 1067 1516 1000001110105

104 1538 172 1558 0550
202 1533 349 1563 testatur,
380 1527 493 1556 merito
516 1533 664 1557 censetur
690 1527 816 1558 abolere
848 1532 973 1558 nostras
1000 1537 1066 1558 sor-

104 1570 167 1601 des,
191 1570 281 1601 Haec
305 1569 446 1608 expiatio
470 1579 557 1600 nunc
580 1580 705 1609 quoque
730 1570 826 1610 viget,
850 1570 978 1600 tametsi
1002 1570 1066 1610 pri-

105 1613 175 1643 dem
199 1612 327 1643 desierit
351 1612 550 1642 caeremonia
574 1623 642 1643 essc
662 1613 693 1642 in
719 1623 788 1643 usu.
814 1612 898 1651 Quia
919 1617 1024 1643 autem
1049 1622 1067 1642 a

104 1666 191 1686 mera
221 1655 281 1686 Dei
312 1655 415 1695 gratia
448 1655 663 1694 proficiscitur
686 1656 863 1695 spiritualis
887 1665 981 1695 quam
1005 1654 1067 1685 fide

103 1698 302 1738 percepimus
325 1698 463 1733 sanitas,
496 1697 583 1728 illius
607 1698 726 1738 gloriae
749 1698 831 1729 nihil
855 1698 987 1738 derogat
1010 1698 1067 1728 ho-

104 1741 197 1771 minis
221 1740 445 1770 ministerium.

103 1783 187 1814 inter
210 1793 243 1813 se
266 1783 384 1822 optime
407 1782 574 1821 quadrare,
599 1788 727 1814 nostrae
756 1783 908 1823 puritatis
936 1783 1066 1814 unicum

104 1836 171 1856 esse
205 1831 346 1856 autorem
383 1824 506 1855 Deum:
548 1837 650 1865 neque
683 1833 790 1856 tamen
825 1826 896 1856 ideo
936 1825 1065 1856 modum

102 1879 161 1907 quo
190 1869 290 1898 utitur
331 1867 370 1898 ad
405 1878 461 1898 nos
496 1869 681 1908 purgandos
719 1869 948 1909 negligendum
987 1879 1065 1899 esse.

101 1912 204 1950 Atque
234 1910 292 1941 hoc
321 1911 448 1950 proprie
478 1911 517 1941 ad
553 1911 755 1951 disciplinam
780 1916 918 1951 spectat,
950 1919 985 1942 ut
1012 1912 1066 1951 qui

105 1953 229 1992 publica
252 1954 424 1983 autoritate
443 1954 538 1983 semel
571 1955 691 1984 eiectus
721 1960 768 1985 est
799 1966 816 1984 a
846 1965 935 1985 sacro
965 1961 1066 1991 coetu⁷

106 2006 166 2025 non
191 1996 363 2035 recipiatur
387 1996 446 2026 nisi
471 1996 699 2035 poenitentiam
724 2002 754 2027 et
780 1999 861 2027 vilae
893 1997 1066 2027 novitatem

108 2038 275 2077 professus.
327 2038 374 2069 Ac
405 2038 581 2069 notandum
605 2045 668 2076 cst,
702 2039 784 2070 hanc
812 2039 1067 2070 iurisdictionem

110 2080 212 2111 datam
248 2081 344 2111 fuisse
377 2081 612 2117 sacerdotibus,
650 2092 710 2112 non
751 2088 876 2112 tantum
907 2088 1068 2121 quatenus

110 2123 275 2162 gestabant
305 2123 426 2153 Christi
457 2135 640 2163 personam,
676 2124 730 2155 sed
759 2125 856 2155 etiam
887 2125 1067 2162 ministerii,

111 2165 191 2204 quod
216 2165 278 2196 illis
302 2166 465 2196 nobiscum
488 2167 550 2197 fuit
571 2178 748 2203 commune,
774 2172 929 2207 respectu.

195 2208 223 2238 3.
248 2207 289 2238 Et
309 2209 476 2247 eyreda'etur
497 2211 646 2240 sacerdos.
688 2210 777 2241 Haec
801 2216 848 2240 est
871 2210 1011 2251 cognitio
1031 2210 1069 2241 de

114 2259 175 2287 000
196 2250 297 2281 fusius
320 2256 490 2282 tractatum
515 2252 576 2282 fuit
599 2253 746 2291 proximo
769 2253 887 2292 capite,
915 2254 983 2283 sine
1007 2264 1069 2293 qua

115 2290 162 2321 fas
191 2302 252 2322 non
283 2298 349 2323 erat
382 2304 452 2324 eum
477 2295 529 2333 qui
553 2295 651 2325 semel
671 2297 788 2326 eiectus
812 2303 893 2326 esset
918 2296 1068 2335 recipere.

116 2333 322 2372 Praeceptum
346 2336 435 2367 cuins
453 2337 604 2367 continuo
634 2345 703 2377 post
734 2339 769 2368 fit
802 2338 937 2375 mentio,
968 2339 1070 2369 refero

117 2375 155 2404 ad
175 2376 314 2413 Levitas,
334 2388 373 2407 ex
392 2379 507 2417 quibus
527 2390 626 2410 unum
646 2380 782 2419 aliquem
802 2381 950 2411 comitem
970 2381 1070 2412 fuisse

118 2417 271 2464 sacerdoti
300 2419 460 2466 probabile
490 2427 551 2459 est,
580 2428 615 2452 ut
637 2424 826 2454 sacrificium
852 2430 988 2463 pararet,
1024 2428 1070 2454 at-

119 2470 177 2499 que
207 2465 252 2490 lta
284 2471 399 2499 primas
432 2468 555 2494 tantum
590 2471 695 2504 partes
725 2466 851 2496 obirent
880 2466 1069 2497 sacerdotes.

120 2504 254 2549 Summa
278 2508 382 2533 autem
406 2505 493 2541 ritus,
523 2508 623 2546 quoad
648 2508 728 2538 duas
752 2519 841 2545 aves,
872 2509 936 2539 huc
960 2509 1069 2546 tendit,

120 2551 340 2591 purgationem
363 2558 380 2575 a
403 2546 489 2586 lepra
511 2550 646 2588 speciem
677 2551 836 2590 quandam
867 2562 935 2582 esse
965 2563 1070 2582 resur-

120 2592 277 2617 rectionis.
332 2587 418 2619 Aves
446 2590 524 2620 duae
557 2593 807 2624 subiiciebantur
840 2601 914 2625 ante
947 2595 1070 2625 oeulos:

121 2629 215 2659 unius
238 2630 392 2668 sanguine
426 2631 638 2665 redimebatur
662 2635 794 2666 alterius
825 2636 968 2673 libertas,
998 2638 1071 2676 quia
1095 2645 1096 2659 ἢ

825 199 971 231 PRIMU
979 200 1009 230 M
1041 200 1309 232 PRAECEPTU
1316 201 1359 232 M.

492 1740 739 1771 Meminerimus
770 1741 877 1780 itaque
903 1741 982 1771 haec
1006 1740 1066 1771 duo
1092 1750 1094 1757 ·

2024 202 2086 233 326

1121 303 1183 323 000
1208 293 1316 324 exibat
1340 293 1402 324 nisi
1425 294 1513 333 prius
1537 293 1683 325 demersa
1705 293 1739 324 in
1759 293 1916 333 sanguine
1939 297 1971 323 et
1993 303 2085 333 aqua,

1120 334 1197 365 hinc
1225 336 1365 375 aspersio
1395 336 1434 366 ad
1465 336 1627 366 hominem
1662 336 1875 376 purgandum.
1920 336 2085 375 Repetitio

1120 378 1237 417 septies
1268 378 1377 417 tiebat,
1411 383 1446 409 ut
1479 379 1576 409 altius
1599 379 1748 418 infigeret
1772 379 1938 409 hominum
1967 389 2086 410 memo-

1120 421 1186 450 riae
1216 421 1373 451 assiduam
1399 422 1522 460 gratiae
1545 421 1794 451 meditationem.
1841 421 1969 452 Scimus
1996 422 2084 452 enim

1120 463 1300 502 septenario
1324 474 1458 493 numero
1482 463 1709 502 perfectionem
1740 474 1834 503 saepe
1857 464 1888 494 in
1923 465 2084 504 scriptura

1120 506 1233 535 notari.
1260 505 1297 535 In
1322 506 1459 536 eundem
1483 507 1579 536 finem
1604 506 1704 545 pilum
1728 505 1869 543 radebat,
1894 514 1926 537 et
1944 517 1978 537 se
1996 507 2084 537 lava-

1120 546 1174 577 bat
1197 557 1279 587 aqua
1301 549 1354 587 qui
1386 549 1488 578 fuerat
1511 555 1653 579 sanatus.
1709 549 1821 588 Neque
1844 554 1951 579 tamen
1978 550 2082 589 primo

1120 589 1169 619 die
1200 589 1328 620 domum
1358 591 1614 630 ingrediebatur,
1645 590 1700 622 sed
1724 591 1852 621 demum
1879 596 1992 622 octavo
2023 592 2082 623 die.

1120 631 1248 662 Interea
1278 634 1411 672 septimo
1443 633 1574 664 radebat
1605 633 1745 669 barbam,
1775 634 1981 674 supercilium
2008 644 2083 665 ocu-

1119 674 1232 712 lorum,
1255 681 1286 704 et
1315 685 1425 705 omnes
1448 676 1543 715 pilos:
1576 687 1608 707 se
1636 681 1667 706 et
1697 681 1803 707 Vestes
1833 676 1977 707 lavabat:
2007 676 2082 707 hinc

1120 716 1278 747 transibat
1300 717 1338 747 ad
1363 719 1563 749 sacrificium.
1596 718 1686 749 Adeo
1709 723 1756 749 est
1780 718 1908 750 difficile
1936 719 2082 750 homines

1119 760 1319 790 assuefacere
1342 760 1379 790 ad
1400 762 1514 791 seriam
1540 762 1707 800 utriusque
1730 761 1776 791 rei
1798 761 2023 801 cognitionem,
2048 765 2082 792 ut

1120 802 1192 832 odio
1216 802 1355 833 habeant
1378 814 1434 833 sua
1460 804 1553 840 vitia,
1588 809 1618 834 et
1641 814 1697 843 pro
1722 803 1879 844 dignitate
1910 805 2081 835 aestiment

1120 844 1256 884 gratiam
1279 845 1338 875 Dei
1362 856 1424 884 qua
1447 845 1633 877 liberantur.

1207 887 1254 918 10.
1278 887 1339 918 Die
1361 891 1459 918 antem
1477 891 1587 919 octavo.
1610 888 1713 920 Sicuti
1736 889 1876 920 infantes
1899 889 1949 919 die
1968 893 2082 920 octavo

1120 934 1190 968 post
1214 930 1355 960 ablutam
1386 931 1620 961 immunditiem
1651 942 1746 971 quam
1776 942 1815 962 ex
1845 936 1935 962 utero
1965 931 2080 962 attule—

1120 976 1209 1008 rant,
1241 972 1467 1003 inserebantur
1504 974 1536 1003 in
1571 974 1752 1010 eeclesiam,
1790 979 1820 1004 et
1857 975 1975 1005 fiebant
2012 975 2081 1005 eius

1119 1015 1273 1051 membra,
1294 1016 1339 1045 ita
1363 1026 1447 1046 nunc
1471 1015 1537 1046 dies
1561 1021 1691 1047 octavus
1715 1016 1942 1056 praescribitur
1965 1016 2004 1047 ad
2028 1027 2081 1048 eos

1120 1057 1335 1088 restituendos
1358 1058 1411 1097 qui
1436 1064 1561 1097 recepta
1590 1060 1727 1089 sanitate
1753 1059 1842 1098 quasi
1873 1059 1989 1090 iterum
2009 1070 2082 1090 nas-

1119 1106 1245 1131 cuntur.
1298 1100 1379 1130 Nam
1411 1111 1468 1140 pro
1497 1101 1630 1132 mortuis
1662 1101 1762 1132 habiti
1786 1105 1862 1132 sunt
1885 1112 1962 1141 quos
1992 1101 2081 1141 lepra.

1119 1152 1137 1172 a
1156 1153 1246 1173 sacro
1269 1150 1359 1173 coetu
1383 1143 1557 1174 abdicabat.
1604 1144 1690 1184 Ergo
1714 1144 1906 1175 sacrificium
1938 1144 2080 1175 institui-

1120 1191 1173 1215 tur
1202 1185 1283 1225 quod
1314 1186 1586 1217 circumcisionem
1616 1186 1722 1226 aliqua
1750 1198 1789 1217 ex
1821 1192 1911 1226 parte
1942 1186 2080 1217 deletam

1120 1229 1288 1258 instauret.
1342 1228 1442 1258 Porro
1472 1239 1533 1259 non
1567 1229 1709 1259 omnium
1743 1239 1823 1268 quae
1858 1229 1908 1259 1110
1941 1239 2080 1260 comme-

1120 1276 1288 1301 morantur
1311 1271 1391 1301 ratio
1410 1271 1488 1301 mihi
1511 1276 1648 1307 constat,
1679 1276 1711 1302 et
1734 1272 1829 1302 velim
1854 1272 1988 1302 lectores
2017 1282 2081 1302 non

1120 1324 1190 1344 esse
1216 1313 1312 1343 nimis
1335 1314 1483 1344 00110505.
1528 1313 1691 1352 Quaedam
1716 1314 1777 1344 diei
1809 1318 1944 1353 possunt
1967 1314 2081 1353 proba-

1121 1356 1241 1392 biliter,
1269 1357 1425 1396 sangnine
1452 1356 1574 1387 hostiae
1604 1356 1683 1396 tingi
1714 1356 1890 1387 auriculam
1922 1356 2080 1397 dextram,

1120 1399 1266 1438 pollicem
1292 1409 1405 1429 manus
1437 1405 1468 1429 et
1496 1398 1639 1438 pollicem
1671 1399 1768 1438 pedis,
1802 1399 1877 1438 quia
1899 1398 2081 1430 restituitur

1120 1441 1159 1472 ad
1183 1452 1384 1472 communem
1410 1442 1492 1472 vitae
1517 1452 1607 1472 usum
1632 1445 1663 1471 et
1692 1441 1954 1472 consuetudinem
1979 1441 2081 1481 lepro-

1120 1494 1184 1520 sus,
1210 1490 1245 1514 ut
1268 1484 1403 1514 liberum
1428 1484 1544 1515 habeat
1566 1485 1762 1524 ingressum,
1790 1483 1907 1514 liberas
1930 1484 2081 1522 actiones,

1120 1527 1253 1557 liberam
1285 1526 1421 1565 denique
1451 1527 1606 1557 sermonis
1636 1527 1972 1557 communicationem:
2006 1526 2082 1566 quia

1120 1570 1152 1599 in
1188 1580 1263 1600 aure
1294 1576 1405 1599 mutua
1445 1576 1493 1600 est
1526 1569 1676 1608 loquendi
1710 1574 1742 1599 et
1773 1568 1924 1599 audiendi
1959 1568 2080 1600 relatio.

1120 1612 1297 1652 Inungitur
1310 1612 1361 1642 vel
1381 1613 1576 1652 abstergitur
1598 1616 1692 1651 eaput
1708 1611 1784 1649 oleo,
1808 1622 1848 1642 ne
1867 1611 1943 1651 quid
1963 1611 1995 1641 in
2015 1615 2082 1642 toto

1120 1665 1252 1694 corpore
1275 1655 1438 1694 impurum
1462 1654 1608 1686 resideat.
1654 1654 1774 1694 Egenis
1792 1659 1899 1684 autem
1922 1657 1954 1684 et
1976 1653 2082 1684 tenui-

1120 1698 1179 1728 bus
1210 1697 1313 1737 parcit
1343 1698 1449 1734 Deus,
1475 1708 1514 1728 ne
1543 1702 1700 1737 cogantur
1729 1696 1809 1727 duos
1832 1706 1932 1736 agnos
1955 1696 2080 1734 offerre,

1120 1748 1214 1779 atque
1237 1741 1282 1771 ita
1305 1746 1432 1779 praeter
1463 1739 1646 1770 facultatem
1669 1743 1855 1779 graventur.
1902 1737 1994 1770 Unde
2025 1748 2082 1778 ap-

1119 1790 1210 1823 paret
1234 1794 1295 1813 000
1309 1783 1470 1813 aestimari
1495 1783 1597 1822 pretio
1620 1782 1782 1819 sacrificia,
1806 1781 1860 1812 sed
1885 1781 1935 1820 pio
1955 1781 2079 1818 affectu,

1118 1826 1171 1856 ubi
1195 1825 1369 1856 liberaliter
1392 1826 1524 1865 quisque
1547 1825 1640 1855 offert
1663 1828 1758 1864 prout
1781 1823 1889 1854 datum
1913 1827 1969 1854 est.

1204 1868 1254 1899 34.
1282 1870 1380 1907 Quum
1403 1868 1537 1906 inqressi
1557 1867 1682 1907 fueritis
1704 1869 1826 1897 terram.
1871 1865 1934 1897 Hic
1958 1865 1996 1896 de
2019 1865 2080 1896 alio

1119 1911 1226 1950 leprae
1250 1922 1367 1951 genere
1391 1910 1567 1946 disseritur,
1603 1909 1683 1949 quod
1709 1909 1798 1939 nobis
1821 1908 1916 1939 hodie
1939 1917 2007 1938 esse
2030 1908 2080 1938 in—

1119 1955 1293 1993 cognitum,
1323 1964 1384 1983 1100
1409 1953 1478 1983 sine
1501 1963 1595 1983 causa
1619 1951 1803 1992 gaudemus.
1850 1950 1943 1982 Sicut
1971 1955 2079 1980 autem

1119 1996 1336 2037 singularibus
1378 1995 1554 2035 privilegiis
1595 1999 1765 2025 ornaverat
1798 1994 1886 2024 Deus
1927 1992 2079 2033 populum

1119 2040 1220 2074 illum,
1244 2040 1288 2069 110
1312 2040 1336 2069 51
1361 2038 1444 2068 (1000
1466 2037 1578 2077 0111005
1611 2036 1787 2068 excellebat
1819 2035 1975 2072 foedaret,
2005 2045 2080 2066 con-

1120 2089 1309 2113 sentancum
1350 2082 1409 2111 fuit
1452 2080 1715 2120 iugratitudinem
1750 2079 1836 2109 illam
1871 2077 2081 2109 atrocioribus

1119 2125 1275 2164 exemplis
1300 2124 1414 2164 puniri.
1438 2123 1551 2162 Itaque
1574 2123 1691 2152 mirum
1712 2132 1773 2152 non
1793 2126 1839 2151 est
1852 2131 1971 2160 poenas
1984 2120 2081 2150 fuisse

1120 2168 1273 2204 inflictas,
1304 2177 1439 2206 quarum
1469 2166 1596 2196 auditus
1630 2163 1873 2194 admirationem
1909 2163 1998 2193 1101115
2028 2172 2082 2192 ex-

1120 2211 1197 2242 citat
1220 2214 1252 2240 et
1275 2210 1448 2240 horrorem.
1493 2208 1570 2238 Fuit
1593 2207 1684 2238 triste
1707 2206 1940 2246 spectaculum,
1970 2204 2080 2236 videre

1120 2254 1240 2293 lepram
1265 2256 1464 2292 grassantem
1485 2250 1516 2280 in
1541 2250 1691 2280 humanis
1713 2248 1912 2289 corporibus:
1942 2248 1995 2279 sed
2021 2247 2081 2277 hoc

1121 2295 1225 2327 5101110
1262 2299 1425 2335 portento,
1463 2292 1571 2323 1100105
1609 2302 1733 2331 quoque
1774 2290 1935 2330 inquinari
1981 2290 2080 2329 lepra,

1121 2349 1200 2378 quae
1221 2337 1365 2368 dominos
1388 2346 1459 2367 cum
1483 2335 1614 2365 familiis
1639 2334 1773 2369 eiiceret,
1798 2334 1872 2373 quia
1895 2333 1920 2363 si
1940 2332 2006 2362 illic
2025 2342 2079 2362 vo-

1121 2382 1225 2412 lentes
1249 2385 1280 2411 et
1303 2381 1437 2410 scientes
1456 2377 1681 2414 substitissent,
1705 2376 1743 2406 ad
1762 2386 1816 2406 eos
1835 2380 1867 2406 et
1880 2386 1955 2405 vasa
1973 2374 2082 2405 omnia

1121 2424 1269 2463 serpebat
1291 2421 1448 2461 contagio.
1494 2420 1654 2458 Quoniam
1678 2425 1784 2449 autem
1809 2428 1862 2448 eos
1886 2417 2014 2457 publica
2036 2417 2082 2456 ig-

1122 2467 1265 2497 nominia
1296 2466 1384 2496 Deus
1410 2463 1556 2499 notabat,
1588 2472 1720 2501 quorum
1751 2461 1859 2491 domos
1883 2458 2082 2500 percutiebat

1121 2510 1227 2549 lepra,
1262 2507 1350 2538 iubet
1383 2517 1435 2537 cos
1469 2510 1590 2535 reatum
1623 2504 1780 2543 profiteri:
1810 2513 1867 2533 nec
1895 2503 1996 2533 solum
2026 2500 2082 2531 ubi

1123 2552 1241 2582 malum
1266 2549 1448 2586 invaluerit⁷
1472 2548 1525 2578 sed
1551 2547 1602 2577 ubi
1624 2557 1787 2586 emergere
1810 2545 1949 2584 coeperit
1977 2543 2081 2583 suspi-

1122 2596 1178 2625 cio.
1224 2594 1324 2624 Porro
1358 2603 1398 2622 ex
1432 2592 1501 2630 lege
1531 2594 1664 2630 apparet
1686 2588 1839 2628 quosdam
1874 2587 1971 2618 fuisse
2003 2585 2081 2618 levi-

1123 2643 1172 2667 ter
1194 2637 1382 2675 castigatos:
1407 2634 1478 2673 quia
1501 2633 1526 2663 si
1549 2639 1621 2672 post
1643 2631 1876 2671 inspectionem
1896 2629 2084 2667 sacerdotis,

1827 2680 1877 2706 21*
