2304 3034
95 181 155 212 173

94 274 183 311 licet,
215 278 251 304 ut
281 278 389 304 tamen
420 283 496 304 vere
519 282 630 303 omnes
654 282 767 311 panem
793 270 1012 310 quotidianum
1037 278 1055 298 a

94 317 167 348 Deo
189 316 362 355 postulent.
408 316 446 346 Id
473 321 578 346 autem
610 315 663 345 fiet
687 314 713 344 si
736 324 798 343 non
829 311 922 342 avide
945 312 1054 350 ingur-

95 359 199 399 gitent
223 358 340 389 divites
365 358 517 398 quidquid
540 357 730 388 contrahere
749 355 788 385 ad
808 365 842 385 se
864 360 1009 393 possunt,
1029 353 1055 383 si

96 412 158 432 non
179 411 274 432 avare
294 400 369 432 hinc
387 401 462 431 inde
481 399 660 434 corradant,
685 399 711 428 si
731 408 794 427 non
815 407 854 427 ex
877 406 1055 436 pauperum

96 444 200 475 esurie
223 444 325 474 saturi
349 444 428 479 sint,
459 443 485 473 si
515 452 578 472 non
607 441 812 480 supprimant
841 446 997 478 quantum
1022 438 1054 467 in

96 497 130 517 se
152 491 201 517 est
224 486 286 516 Dei
308 485 577 522 benedictionem,
600 484 626 513 si
650 482 787 521 denique
811 492 873 512 uon
898 482 1055 520 intempe-

95 534 205 560 ranter
218 528 421 559 accumulent
439 537 574 566 magnos
596 536 736 562 acervos,
756 525 811 555 sed
831 535 870 554 ex
893 523 1055 563 praesenti

96 572 187 611 copia
220 572 285 602 sint
319 569 481 604 liberales,
516 579 577 599 non
613 569 678 598 sint
711 568 744 597 in
780 567 923 597 futurum
960 566 1056 596 nimis

96 614 197 650 anxii,
220 624 255 644 ac
279 623 312 643 se
335 612 481 642 imminui
505 610 544 651 (si
563 621 644 650 opus
662 610 717 651 sit)
737 621 800 640 non
821 620 915 649 aegre
935 609 1054 639 ferant:

95 656 160 687 imo
183 655 299 686 animis
323 655 426 694 parati
445 654 510 685 sint
529 653 567 683 ad
587 652 751 683 ferendam
772 652 972 692 pauperiem:
998 662 1056 682 nee

95 699 274 738 glorientur
296 698 329 727 in
353 706 409 727 sua
432 695 630 727 abundantia
660 695 714 726 scd
738 696 771 725 in
803 700 968 734 paternam
994 693 1056 724 Dei

95 741 271 772 bonitatem
295 739 491 770 recumbant.
538 738 582 768 Et
604 743 689 769 certe
718 739 825 768 avaris
849 747 943 776 saepe
968 736 1054 766 vide-

96 794 169 814 mus
193 782 276 822 quod
301 781 402 818 furtis,
426 781 556 820 rapinis,
581 780 757 817 fraudibus,
782 779 917 815 insidiis,
942 778 1055 810 crude-

96 826 187 857 litate
212 825 261 856 vel
284 823 430 855 sordibus
454 823 637 860 cumulant,
661 822 789 853 tandem
814 822 877 852 illis
901 822 933 851 iu
958 824 1055 851 foeto-

96 878 165 900 rem
179 868 269 898 verti.
294 866 355 898 Ubi
368 866 471 896 addit:
492 866 669 905 Postquam
685 865 835 895 viderunt
848 864 1055 895 immodicum

97 910 243 942 ardorem
283 918 391 940 carere
431 909 589 947 profectu,
631 908 829 947 acquievisse
869 912 1056 947 praecepto:

97 953 270 993 significat,
305 961 365 981 non
403 951 636 988 voluntarium,
670 950 723 981 sed
760 956 923 981 extortum
959 951 1057 979 fuisse

97 995 293 1035 obsequium,
305 994 396 1024 sicuti
411 993 502 1024 stulti
524 993 653 1023 nonnisi
674 993 757 1024 malo
775 998 903 1032 accepto
917 993 1056 1032 sapiunt.

97 1037 192 1077 Quod
215 1042 322 1067 autem
347 1046 422 1066 man
446 1036 550 1067 calore
574 1036 650 1067 solis
674 1036 873 1075 liquefiebat,
906 1034 1058 1065 stimulus

96 1080 162 1111 illis
183 1080 241 1110 fuit
265 1079 303 1109 ad
327 1078 549 1118 corrigendam
581 1079 762 1118 ignaviam,
796 1078 845 1108 vel
877 1078 1057 1118 pigritiem:

97 1123 171 1163 quia
193 1123 217 1153 si
250 1126 314 1151 toto
345 1121 395 1151 die
426 1132 501 1151 man
532 1122 692 1161 integrum
726 1121 888 1157 durasset,
919 1132 982 1151 non
1015 1121 1057 1150 ita

95 1166 231 1197 fuissent
259 1163 298 1194 ad
333 1164 471 1195 officium
497 1165 618 1194 attenti.
666 1164 753 1203 Ergo
785 1163 873 1193 Deus
904 1163 1056 1203 exiguum

95 1213 222 1248 tempus
245 1206 436 1243 concedens,
461 1205 500 1237 ad
523 1207 726 1237 sedulitatem
751 1217 803 1236 eos
828 1206 975 1236 hortatus
1000 1210 1057 1235 est.

180 1250 229 1280 22.
266 1249 342 1280 Fuit
374 1252 474 1279 (tutem
508 1249 558 1280 die
590 1252 678 1280 sarto.
731 1248 882 1279 Nondum
918 1249 1057 1279 refertur

95 1292 224 1323 violatio
248 1292 409 1329 sabbathi,
439 1291 493 1323 sed
518 1296 642 1322 tantum
666 1291 846 1322 ostenditur
869 1296 982 1330 stupor
1006 1291 1055 1321 vel

95 1336 193 1367 nimis
216 1344 323 1365 crassa
346 1335 475 1365 inscitia
499 1334 577 1374 ipsis
600 1334 742 1365 ducibus.
789 1334 948 1372 Quamvis
971 1334 1055 1364 enim

95 1377 260 1409 audissent
292 1388 330 1407 ex
359 1387 413 1407 ore
444 1378 560 1414 Mosis,
591 1377 696 1408 Deum
731 1377 785 1407 illo
819 1376 869 1407 die
905 1376 1055 1407 daturum

95 1420 178 1461 quod
203 1419 291 1450 bidui
315 1420 478 1450 alimentis
501 1420 580 1450 satis
610 1425 711 1457 esset,
740 1419 901 1449 mirantur
936 1426 1054 1455 tamen,

95 1471 127 1496 et
150 1473 217 1494 rem
241 1463 331 1502 quasi
354 1473 468 1493 novam
495 1468 589 1502 atque
612 1461 834 1493 incredibilem
858 1462 943 1492 Mosi
972 1472 1055 1492 uun-
1083 1470 1084 1497 ζ

95 1507 190 1539 ciant.
235 1505 345 1536 Facile
370 1510 503 1546 apparet
527 1505 671 1544 pai-uisse
694 1505 821 1544 quidem
847 1505 991 1544 imperio,
1018 1516 1056 1534 no

94 1549 195 1581 labori
218 1554 388 1588 parcerent
410 1549 442 1578 in
466 1548 646 1588 colligenda
674 1548 818 1587 portione
842 1547 976 1587 duplici:
1001 1547 1056 1577 sed

94 1591 303 1624 incredulitas
327 1595 358 1622 et
381 1591 526 1621 socordia
548 1592 581 1621 in
606 1601 642 1621 eo
665 1601 698 1621 se
717 1590 822 1630 prodit
842 1590 924 1629 quod
947 1590 1055 1620 obstu-

95 1641 246 1676 pescunt,
276 1633 331 1664 ubi
360 1644 394 1664 re
424 1634 494 1673 ipsa
523 1634 679 1673 praestari
710 1633 822 1663 vident
851 1633 935 1672 quod
967 1631 1056 1663 Deus

94 1677 294 1719 promiserat.
329 1676 501 1707 Caeterum
522 1676 677 1707 eoniieere
697 1676 778 1712 licet,
803 1677 925 1706 curiose
949 1675 1055 1706 obser·
1083 1705 1084 1712 ,

95 1730 187 1752 vassc
210 1718 294 1759 quod
317 1729 369 1750 eos
395 1719 427 1749 in
459 1718 703 1749 admirationem
735 1719 844 1749 traxit.
891 1719 985 1749 Unde
1009 1729 1056 1749 sc-

97 1763 221 1803 quitur,
250 1761 347 1792 fidem
378 1762 550 1802 abrogasse
574 1761 634 1792 Dei
666 1761 778 1797 verbo,
809 1761 909 1792 donee
941 1761 1056 1792 effectu

94 1805 227 1846 probata
251 1804 310 1835 fuit
334 1804 402 1835 eius
426 1805 556 1835 veritas.
603 1804 667 1835 Sed
691 1804 872 1835 admirabili
896 1804 957 1834 Dei
981 1814 1057 1835 con-

96 1848 167 1879 silio
188 1848 304 1878 factum
325 1853 372 1878 est
391 1852 427 1877 ut
448 1847 590 1887 maligna
603 1857 711 1877 eorum
727 1857 887 1886 pravaque
901 1846 1057 1877 dubitatio

95 1895 160 1921 tam
185 1890 222 1920 ad
247 1889 394 1921 miraculi
418 1890 704 1925 confirmationem,
730 1900 826 1929 quam
851 1889 889 1919 ad
909 1889 1056 1920 sabbathi
1083 1913 1085 1934 ἃ

95 1933 352 1964 observationem
372 1932 546 1972 prodesset.
571 1933 657 1963 Hinc
669 1932 743 1962 data
756 1932 815 1962 fuit
827 1932 911 1962 Mosi
924 1933 1056 1970 occasio,

95 1981 131 2007 ut
153 1975 291 2006 secundo
315 1975 378 2005 illis
402 1975 600 2014 praediceret
624 1975 707 2015 quod
733 1975 849 2014 alioqui
873 1974 955 2005 forte
975 1980 1058 2006 esset

96 2018 293 2058 neglectum:
319 2028 432 2057 nempe
456 2024 491 2048 ut
515 2023 659 2049 sanctam
683 2018 822 2057 quietem
847 2017 898 2048 die
921 2018 1057 2057 septimo

97 2061 244 2092 colerent.

181 2103 231 2134 27.
251 2103 372 2134 Accidit
389 2106 487 2134 autem
505 2103 554 2134 die
571 2103 707 2142 septimo.
739 2103 830 2134 Haec
849 2108 898 2134 est
916 2102 1058 2134 secunda

99 2147 327 2185 transgressio,
364 2146 446 2185 quod
482 2146 532 2176 die
567 2146 703 2185 septimo
738 2146 857 2186 egressi
893 2145 1057 2176 violarunt

98 2187 243 2218 sabbathi
263 2188 393 2219 cultum.
429 2188 515 2219 Hine
533 2194 639 2219 autem
661 2194 867 2228 praepostera
890 2188 945 2218 illa
967 2189 1055 2228 eupi-

101 2229 181 2260 ditas
204 2234 278 2260 nata
299 2235 355 2267 est,
379 2231 462 2271 quod
487 2241 548 2261 non
574 2237 729 2270 putarunt
752 2242 827 2262 vere
851 2231 972 2262 aMose
996 2231 1056 2263 dici

100 2270 184 2311 quod
206 2282 307 2311 nuper
329 2273 520 2304 audivimus.
557 2273 652 2304 Clare
676 2274 762 2304 enim
787 2274 1056 2313 pronunciaverat

100 2324 176 2345 man
195 2323 258 2344 non
276 2320 466 2354 reperturos.
497 2316 658 2347 Mendaeii
678 2327 754 2357 ergo
773 2327 845 2347 eum
858 2317 1055 2354 insimulant,

101 2355 176 2386 dum
200 2357 298 2403 oculis
320 2359 387 2389 suis
410 2359 521 2390 volunt
543 2359 681 2390 eredere.
719 2360 849 2390 Interea
872 2369 930 2399 pro
954 2359 1055 2390 nihilo

100 2398 139 2446 ab
162 2398 239 2437 ipsis
261 2398 355 2430 ducta
371 2400 433 2431 fuit
451 2401 596 2433 sabbathi
620 2402 748 2442 religio:
772 2402 836 2432 imo
856 2403 960 2433 conati
980 2407 1057 2433 sunt

101 2440 300 2488 diemquem
324 2443 577 2475 sanctificaverat
600 2445 689 2475 Deus
713 2445 891 2484 profanare,
915 2450 950 2475 ut
975 2444 1056 2475 nihil

102 2482 141 2514 ab
164 2482 234 2530 alus
257 2482 407 2515 differret.
448 2486 565 2518 Merito
587 2487 697 2527 itaque
720 2494 785 2518 tam
810 2488 922 2518 acerbe
946 2487 979 2517 in
1003 2498 1056 2518 eos

101 2524 265 2556 invehitur
294 2525 390 2557 Deus.
440 2527 522 2559 Nam
548 2530 662 2561 Mosen
695 2530 893 2570 compellans
922 2530 955 2561 in
989 2530 1056 2561 eius

101 2577 238 2607 persona
260 2568 469 2606 praefractam
491 2571 588 2602 totius
609 2572 717 2612 populi
737 2572 893 2604 malitiam
917 2578 1054 2604 accusat.

101 2610 174 2642 Non
197 2617 267 2640 erat
288 2615 373 2642 certe
395 2611 502 2644 Moses
530 2624 616 2646 unus
645 2625 684 2646 ex
709 2625 820 2646 eorum
845 2625 978 2646 numero
1001 2616 1054 2655 qui

658 175 1024 210 COMMENTARIUS
1049 175 1097 206 IN
1120 175 1268 207 EXODI
1291 176 1388 208 OAP.
1412 177 1506 208 XVI.

1083 2048 1085 2060 l

2008 175 2069 206 174

1080 270 1083 281 ³
1108 269 1264 299 abnueret
1277 281 1405 301 servare
1420 271 1479 301 Dei
1493 271 1595 310 leges:
1610 270 1664 301 sed
1678 271 1737 301 hac
1750 269 1892 309 generali
1906 269 2065 300 sententia

1108 311 1329 359 yehementius
1353 313 1508 353 pungitur
1532 313 1625 344 turba
1649 323 1730 352 quae
1752 311 1893 352 deliquit,
1918 316 1949 342 et
1967 311 2070 342 maior

1081 361 1083 378 1
1107 354 1289 394 iniungitur
1312 355 1395 386 Mosi
1422 356 1595 386 necessitas
1627 354 1805 395 castigandi
1836 354 1961 395 populi,
1992 353 2067 384 dum

1108 406 1183 435 pars
1217 397 1330 437 culpae
1365 398 1396 428 in
1432 398 1536 438 ipsum
1579 398 1782 429 transfertur.
1838 397 1876 427 In
1913 396 2070 436 particula

1108 438 1290 479 Quousque,
1316 440 1496 471 subindicat
1510 441 1597 471 Deus
1620 441 1752 471 minime
1777 439 1976 470 tolerabilem
2000 448 2070 470 esse

1107 491 1215 511 eorum
1245 483 1474 522 pervicaciam,
1503 483 1586 522 quod
1618 483 1742 513 nullum
1772 483 1890 513 faciant
1917 481 2070 522 peccandi

1108 524 1221 559 finem,
1263 525 1317 555 sed
1358 526 1451 555 novis
1484 525 1659 556 sceleribus
1694 526 1846 556 maiorem
1894 524 2069 555 vindictam

1108 565 1242 597 subinde
1273 567 1494 606 provocand0‚
1530 567 1749 599 intractabiles
1777 578 1809 598 se
1841 577 1909 598 esse
1938 567 2069 598 demon-

1107 613 1219 639 strent.

1193 694 1242 724 31.
1267 694 1447 733 Appellavit
1470 698 1570 726 autem
1593 695 1701 726 (lomus
1723 695 1826 726 Israel
1848 704 1955 725 nomen
1981 694 2069 725 illius

1107 747 1195 767 man:
1217 739 1243 767 εἰ
1265 739 1330 767 erat
1353 739 1445 775 {suasi
1467 748 1566 768 semen
1589 738 1746 769 coriandri
1769 737 1887 774 album,
1916 739 1941 768 ct
1960 739 2070 777 ymetus

1108 780 1176 810 eius
1198 779 1290 818 qnasi
1308 780 1450 818 placenta
1473 781 1596 811 mellita.
1632 781 1681 811 32.
1707 780 1748 810 Et
1770 780 1850 810 dixit
1862 779 1981 810 Moses:
2004 779 2070 810 Hoc

1108 825 1151 853 est
1178 821 1302 852 verbum
1329 823 1408 860 quod
1436 823 1594 853 ἰηαηᾱαυὶί
1625 823 1753 853 Iehora:
1784 822 1882 862 Implc
1911 822 2013 853 homer
2032 832 2069 852 esc

1108 875 1139 896 eo
1162 865 1241 903 qaod
1262 868 1396 895 seri-etm-
1419 866 1451 895 in¹
1475 868 1586 896 aetates·
1608 868 1734 903 vestras,
1761 867 1793 895 ut
1815 865 1938 896 videant
1953 874 2069 903 panem

1108 918 1166 946 qno
1189 907 1289 938 cibavi
1312 918 1364 938 ros
1386 908 1416 938 ia
1440 908 1569 943 ‹lesa-to,
1602 908 1722 946 quando
1755 908 1848 938 edum·
1877 917 1929 938 vos
1951 918 1965 938 e
1987 909 2069 937 terra

1109 950 1249 989 Aegy-sspti.
1295 950 1344 980 33.
1369 950 1409 980 Et
1431 951 1475 980 ait
1495 950 1597 981 Moses
1619 951 1659 981 ad
1679 950 1826 980 Altaron:
1853 950 1935 980 Tolle
1957 959 2070 980 urnam

1109 1003 1219 1030 unam,
1243 995 1269 1023 et
1286 1002 1366 1031 pone
1390 994 1421 1023 in
1443 1004 1478 1023 ea
1500 993 1602 1023 lmmcr
1623 994 1773 1033 intrarem
1796 1003 1883 1030 man,
1914 995 1939 1023 ei
1960 1002 2069 1031 repone

1109 1035 1188 1065 sillml
1217 1045 1316 1065 coram
1343 1035 1453 1065 Ielzova
1484 1036 1514 1065 in
1543 1036 1711 1066 custodiam
1740 1036 1774 1065 in
1803 1037 1915 1066 aetates
1941 1038 2068 1066 vestras.

1110 1078 1159 1108 34.
1198 1077 1283 1107 Sicut
1311 1081 1512 1117 praesepem!
1547 1078 1657 1109 leleozfa
1692 1078 1789 1114 Masi,
1822 1078 1959 1116 reposuit
1992 1077 2071 1108 illud

1110 1121 1240 1151 Allaron
1264 1130 1364 1150 coram
1388 1121 1555 1151 tetimonio
1581 1122 1609 1151 in
1633 1121 1810 1151 custodiam.
1845 1120 1894 1151 35.
1920 1120 1963 1150 Et
1980 1130 2071 1151 come-

1108 1164 1219 1194 derunt
1245 1163 1305 1201 filii
1336 1163 1440 1193 Israel
1473 1174 1544 1193 man
1581 1163 1790 1203 quadrayinta
1825 1163 1942 1200 aunis,
1976 1163 2073 1193 donec

1083 1202 1084 1212 ¹
1109 1206 1261 1236 venissent
1284 1206 1316 1235 in
1339 1208 1453 1236 terram
1477 1206 1691 1236 habitandam:
1718 1216 1789 1235 man
1812 1206 1916 1244 ipsum
1939 1205 2070 1236 comede-

1110 1251 1197 1280 runt.
1222 1249 1312 1279 donec
1340 1249 1490 1279 venissent
1519 1249 1561 1279 ad
1590 1249 1754 1279 terminum
1784 1251 1882 1279 terrae
1911 1247 2069 1279 Cleanaan.

1109 1291 1159 1322 36.
1187 1290 1284 1322 Porro
1307 1290 1409 1321 homer
1431 1294 1474 1321 est
1496 1292 1613 1322 ‹lvcima
1631 1301 1711 1331 pars
1731 1290 1816 1329 epha.

1196 1376 1245 1407 31.
1270 1376 1450 1415 Appellavii
1480 1379 1589 1406 citatem.
1635 1376 1706 1406 Non
1730 1376 1785 1406 abs
1816 1386 1850 1406 re
1880 1376 1998 1406 iterum
2020 1387 2068 1406 re-

1111 1419 1191 1459 petit
1215 1420 1323 1450 Moses
1347 1418 1429 1458 quod
1458 1423 1533 1449 ante
1564 1418 1704 1457 dixerat,
1734 1428 1851 1449 nomen
1874 1428 1949 1448 man
1973 1418 2070 1449 fuisse

1110 1462 1295 1502 impositum
1328 1471 1409 1491 novo
1437 1460 1505 1492 cibo
1535 1472 1628 1500 quem
1658 1462 1746 1491 Deus
1781 1466 1999 1501 suggesserat,
2034 1465 2071 1492 ut

1110 1504 1273 1544 improbae
1303 1504 1499 1543 pervicaciae
1529 1503 1722 1534 damnentur
1751 1504 1935 1543 quicunque
1967 1503 2004 1534 de
2035 1514 2069 1534 re

1109 1547 1187 1578 adeo
1210 1551 1328 1578 testata
1351 1547 1570 1586 quaestionem
1590 1557 1718 1577 movere
1739 1545 1916 1577 audebunt:
1942 1546 2068 1585 quando

1109 1590 1262 1630 malignis
1286 1590 1401 1629 alioqui
1426 1595 1456 1620 et
1479 1590 1612 1629 ingratis
1638 1599 1745 1620 vocem
1766 1589 1847 1619 hanc
1867 1588 2004 1619 extorsit
2022 1589 2068 1619 rei

1109 1633 1331 1673 perspicuitas.
1378 1632 1495 1663 Forma
1519 1632 1557 1662 ad
1581 1631 1776 1671 probandam
1800 1631 1945 1662 miraculi
1974 1631 2067 1662 certi—

1110 1675 1254 1706 tudinem
1289 1675 1495 1714 exprimitur,
1526 1685 1638 1714 nempe
1669 1674 1752 1714 quod
1782 1673 1919 1705 rotunda
1948 1674 2068 1705 fuerint

1109 1729 1211 1759 grana
1234 1724 1265 1749 et
1288 1718 1405 1749 similia
1428 1716 1613 1748 coriandro:
1648 1717 1722 1756 quia
1752 1717 1832 1747 nihil
1864 1716 1968 1747 simile
1992 1722 2067 1748 ante

1109 1762 1213 1792 visum
1235 1761 1346 1792 fuerat.
1378 1760 1483 1800 Sapor
1502 1760 1764 1800 ingratitudinem
1784 1759 1894 1799 populi
1913 1759 2066 1800 coarguit,

1109 1805 1162 1844 qui
1195 1804 1302 1835 eibum
1332 1814 1395 1834 non
1426 1802 1518 1833 modo
1552 1802 1700 1833 idoneum
1735 1807 1766 1832 ct
1800 1802 1977 1839 salubrem,
2011 1802 2067 1833 sed

1109 1852 1207 1887 gustu
1231 1847 1298 1886 ipso
1321 1846 1548 1877 suavissimum
1573 1845 1738 1885 respuerit.

1194 1889 1244 1920 32.
1269 1888 1311 1919 Et
1332 1889 1411 1919 dira
1431 1888 1539 1919 Moses.
1580 1888 1651 1918 Non
1674 1887 1817 1918 contexit
1835 1886 1943 1918 Moses
1965 1887 2067 1918 histo-

1109 1933 1190 1964 riam
1213 1942 1271 1963 suo
1291 1931 1411 1968 ordine,
1431 1931 1484 1962 sed
1510 1931 1691 1961 narratione
1709 1929 1779 1959 κατιὶ
1797 1928 1944 1969 πρόληψιν
1966 1929 2067 1960 inter-

1110 1976 1229 2016 posita,
1270 1974 1386 2005 melius
1427 1974 1595 2005 confirmat
1628 1972 1784 2012 singulari
1818 1972 1879 2003 Dei
1914 1972 2067 2003 beneficio

1110 2024 1251 2049 creatum
1276 2023 1352 2048 tunc
1376 2017 1475 2047 fuisse
1504 2015 1618 2056 populo
1647 2016 1851 2046 alimentum:
1881 2014 1955 2054 quia
1978 2015 2068 2046 Deus

1110 2061 1141 2091 in
1167 2067 1412 2091 monumentum
1437 2059 1558 2090 servari
1584 2058 1684 2089 voluit
1707 2057 1818 2088 homer
1841 2068 1957 2094 unum,
1985 2057 2068 2097 quod

1110 2103 1198 2134 nullo
1233 2103 1353 2134 foetore
1388 2106 1587 2142 corruptum,
1625 2101 1663 2131 ad
1699 2104 1841 2140 posteros
1874 2101 2068 2140 propagavit

1110 2146 1255 2177 miraculi
1287 2145 1432 2185 gloriam.
1484 2146 1531 2175 Ac
1561 2144 1663 2184 primo
1693 2142 1885 2183 generaliter
1916 2143 2066 2182 proponit

1109 2189 1171 2220 Dei
1196 2188 1402 2224 mandatum,
1431 2187 1544 2217 deinde
1569 2186 1713 2226 proximo
1738 2195 1833 2216 versu
1855 2185 1987 2215 modum
2011 2185 2063 2216 de-

1108 2232 1228 2272 signat:
1260 2241 1374 2270 nempe
1398 2236 1433 2260 ut
1458 2229 1587 2260 Aharen
1613 2227 1762 2259 recondat
1790 2228 1823 2257 in
1856 2227 1978 2267 phiala,
2014 2227 2065 2259 vel

1108 2285 1211 2311 urceo,
1235 2278 1267 2304 et
1289 2273 1421 2305 collocet
1441 2273 1531 2303 iuxta
1550 2281 1656 2302 arcani
1676 2270 1820 2301 foederis.
1853 2269 1948 2301 Unde
1967 2271 2064 2301 etiam

1107 2322 1241 2357 apparet
1262 2317 1373 2356 quanti
1398 2315 1532 2346 voluerit
1554 2315 1623 2345 fieri
1643 2314 1730 2344 Deus
1752 2323 1843 2343 suum
1867 2312 1947 2343 illud
1969 2313 2065 2344 bene-

1108 2361 1224 2397 ficium,
1248 2360 1338 2390 cuius
1357 2358 1544 2389 memoriam
1563 2357 1665 2387 voluit
1683 2360 1810 2386 exstare
1828 2355 1862 2385 in
1881 2355 2065 2386 sanctuario

1108 2414 1172 2434 una
1202 2413 1274 2434 cum
1304 2401 1422 2432 tabulis
1451 2400 1587 2431 foederis
1613 2399 1671 2430 sui.
1717 2397 1811 2436 Quod
1841 2402 1948 2428 autem
1983 2398 2064 2429 duae

1107 2445 1309 2485 loquutiones
1331 2443 1442 2475 eodem
1465 2453 1562 2473 sensu
1591 2445 1768 2481 ponuntur:
1794 2440 1910 2471 Coram
1933 2440 2064 2479 Iehova,

1107 2493 1139 2519 et
1169 2488 1287 2519 Coram
1316 2486 1512 2523 testimonio,
1545 2483 1585 2515 ad
1615 2482 1921 2515 commendationem
1952 2482 2064 2523 legalis

1107 2531 1213 2562 cultus
1237 2529 1336 2560 valet:
1362 2533 1399 2560 ut
1421 2528 1517 2559 sciret
1540 2526 1675 2567 populus
1699 2525 1854 2556 virtutem
1867 2525 1929 2556 Dei
1952 2526 2012 2556 sibi
2031 2527 2064 2556 in

1107 2572 1292 2604 sanctuario
1325 2572 1538 2612 propinquam
1569 2579 1646 2600 esse.
1698 2567 1771 2598 Non
1801 2567 1886 2607 quod
1916 2567 1984 2599 loco
2014 2568 2064 2598 in-

1106 2616 1215 2647 clusus
1238 2619 1329 2652 esset,
1354 2619 1408 2645 aut
1430 2612 1545 2645 visibili
1569 2610 1715 2652 symbolo
1738 2611 1852 2641 affixas
1876 2620 1945 2642 esse
1967 2610 2065 2642 vellet
