2304 3034
245 193 303 224 531

247 286 353 328 gcnda
377 285 444 316 fieri
469 284 598 319 solebat,
623 282 774 314 accedere
797 282 836 312 ad
858 282 969 319 altare,
995 281 1071 312 inde
1090 282 1216 313 auferre
1241 288 1243 325 ζ

1241 332 1243 364 ‚j
1269 326 1469 366 obstreperet
1493 327 1575 367 quod
1601 327 1701 357 maior
1725 336 1800 366 pars
1824 325 1909 366 apud
1928 326 2109 358 sacerdotes
2128 338 2239 359 mane—

249 331 404 365 cinerem,
425 333 456 357 et
476 326 634 366 deponere
662 325 701 356 ad
725 326 809 355 latus
833 325 882 355 vel
909 329 1033 364 partem
1058 324 1215 364 aliquam:

250 373 301 402 ubi
317 377 423 401 autem
438 369 619 400 discesserit
634 369 672 399 ab
686 369 789 402 altari,
801 368 889 398 iubet
902 378 975 398 eum
989 377 1096 398 sacras
1109 373 1216 399 vestes
1242 398 1243 406 ,

248 424 375 449 exuere,
395 418 427 442 et
446 412 587 443 cinerem
608 417 778 450 exportare
801 416 894 441 extra
914 414 1030 447 castra,
1052 409 1091 440 ad
1110 409 1215 442 locum

249 455 417 486 mundum.
465 453 529 485 Sed
565 453 647 493 quod
685 454 826 484 breviter
861 454 1015 493 attigerat
1047 452 1085 483 de
1119 453 1216 493 lignis

249 496 477 538 supponendis,
514 496 659 536 pluribus
694 497 803 527 statim
835 496 993 533 declarat,
1022 506 1061 526 ne
1095 496 1217 527 scilicet

248 540 332 580 ignis
355 540 595 579 exstinguatur.
628 539 756 570 Deinde
781 539 838 569 has
859 543 966 578 partes
990 538 1147 569 sacerdoti
1166 539 1215 568 in-

248 583 361 623 iungit,
386 588 420 613 ut
444 582 530 621 ligna
554 581 695 621 quotidie
719 592 813 612 mane
838 581 973 612 ordinet.
1006 580 1091 619 Quia
1110 585 1216 611 autem

247 638 286 656 ex
310 625 476 656 sacrificiis
499 625 753 665 prosperitatum
777 624 829 655 lex
854 623 982 663 adipem
1002 624 1104 654 solum
1125 623 1217 654 exuri

248 668 387 705 iubebat,
410 678 493 698 nnnc
515 667 662 707 adiungit
677 667 784 698 Moses
798 667 910 698 eodem
924 667 999 707 igne
1019 665 1129 706 adipes
1149 676 1218 697 esse

247 710 445 742 cremandos.
492 710 670 750 Praecipua
701 710 926 740 observatione
954 709 1104 750 dignum,
1134 708 1217 749 quod

248 753 378 784 tandem
408 752 495 783 addit
520 759 729 793 praeceptum
761 752 799 783 de
830 752 904 792 igne
932 752 978 783 sic
1008 751 1147 783 fovendo
1178 763 1217 783 ne

248 806 390 836 unquam
415 797 563 826 intereat.
610 796 658 826 Eo
682 800 789 826 autem
821 795 981 835 spectavit
1009 794 1217 835 perpetuitas,

248 844 282 870 ut
307 840 380 879 igne
404 838 532 869 coelesti
558 843 781 869 cremarentur
806 838 944 868 hostiae:
970 848 1044 869 nam
1077 847 1139 877 quo
1166 837 1217 868 die

246 882 394 912 initiatus
419 882 476 911 fuit
502 881 645 917 Aharon,
671 892 734 912 non
759 881 928 912 homiuum
953 891 1059 921 opera,
1083 880 1138 911 sed
1158 880 1217 910 mi-

249 925 358 955 raculo
383 923 547 955 redactum
574 925 633 955 fuit
656 925 688 954 in
714 924 838 955 cineres
863 924 1071 961 sacrificium,
1095 923 1128 953 in
1152 922 1215 963 sig—

250 978 326 998 num
357 967 605 1007 approbationis.
652 967 766 998 Noluit
795 967 924 1007 quidem
958 966 1046 997 Deus
1075 965 1216 1006 quotidie

250 1011 403 1041 virtutem
429 1010 517 1040 illam
542 1020 704 1041 exserere:
731 1010 775 1041 sic
799 1015 907 1040 tamen
932 1009 1127 1048 interposuit
1149 1019 1215 1039 ma-

250 1064 324 1083 num
349 1057 379 1082 et
400 1052 541 1083 laborem
563 1053 742 1089 hominum,
763 1058 797 1083 ut
818 1052 1012 1092 principium
1032 1052 1112 1083 sacri
1132 1051 1216 1092 ignis

245 1106 263 1128 e
285 1095 374 1127 coelo
408 1100 501 1126 esset.
545 1095 637 1126 Idem
671 1100 781 1135 postea
816 1095 951 1135 contigit
987 1095 1151 1126 Salomoni
1183 1094 1215 1125 in

248 1138 359 1178 templi
379 1138 580 1169 dedicatione
593 1137 630 1180 ¹):
656 1139 729 1178 quia
754 1139 889 1169 mutatio
916 1138 970 1168 illa
997 1137 1142 1168 coelestis
1162 1137 1215 1168 de-

246 1183 325 1213 creti
350 1185 504 1212 tesseram
525 1182 706 1222 flagitabat:
732 1192 772 1212 nc
796 1182 867 1221 quis
891 1181 1059 1211 hominum
1084 1180 1216 1211 arbitrio

244 1225 365 1255 factum
390 1230 534 1263 putaret,
570 1229 605 1255 ut
642 1224 754 1264 templi
789 1223 941 1264 splendor
972 1223 1214 1254 tabernaculum

243 1267 403 1298 obrueret.
439 1267 583 1297 Tandem
605 1266 715 1298 eodem
737 1267 907 1307 privilegio
928 1271 1042 1297 ornata
1062 1266 1122 1297 fuit
1142 1265 1214 1296 hos-

244 1311 289 1340 tia
316 1309 408 1340 Eliae
438 1320 536 1349 quum
575 1309 728 1340 abolitum
757 1310 837 1350 legis
869 1311 989 1340 cultum
1023 1309 1214 1340 restitueret.

243 1353 287 1383 Et
311 1358 387 1384 tunc
411 1363 535 1392 quoque
559 1353 695 1383 asseruit
720 1352 810 1384 Deus
834 1352 918 1392 quod
947 1352 1018 1393 lege
1042 1362 1101 1383 sua
1124 1352 1215 1382 insti—

243 1402 359 1432 tuerat,
384 1401 498 1427 contra
521 1406 633 1426 omnes
657 1395 856 1426 adulterinos
877 1401 907 1426 et
927 1395 1102 1436 degeneres
1125 1394 1214 1425 ritus.

243 1439 374 1469 Interea
404 1445 440 1469 ut
471 1437 619 1469 omnibus
654 1438 847 1479 corruptelis
877 1443 1075 1475 occurreret,
1112 1437 1215 1469 voluit

242 1482 350 1522 ignem
375 1482 407 1511 in
433 1481 527 1511 altari
553 1480 693 1512 interdiu
718 1488 749 1512 et
774 1486 868 1512 noctu
899 1491 1046 1517 manere,
1079 1490 1136 1511 nec
1167 1480 1214 1512 fas

242 1525 302 1555 fuit
327 1523 456 1555 aliunde
481 1528 596 1563 petere.
645 1524 723 1554 Fuit
746 1524 874 1564 quidem
899 1524 985 1564 apud
1005 1524 1131 1561 Persas,
1155 1523 1215 1554 fuit

243 1572 274 1598 et
298 1567 422 1598 Romae
447 1567 506 1597 sub
530 1567 677 1598 custodia
700 1566 883 1598 Vestalium
911 1567 1074 1607 virginum
1101 1576 1213 1607 perpe*

242 1615 317 1641 tuus
339 1611 438 1650 ignis:
464 1615 494 1640 et
519 1610 587 1640 fieri
610 1614 731 1650 potest,
757 1615 792 1640 ut
814 1611 914 1641 stulta
936 1609 1152 1640 aemulatione
1175 1608 1214 1639 ad

243 1664 277 1684 se
295 1652 517 1684 transtulerint
531 1664 626 1692 quem
646 1653 731 1692 apud
747 1652 884 1684 Iudaeos
899 1652 1071 1684 audierant
1091 1662 1213 1683 morem

243 1696 382 1726 servari:
408 1696 501 1727 sicuti
522 1695 667 1727 diabolus
691 1695 730 1726 ad
756 1695 912 1727 fallendos
936 1695 1120 1726 incredulos
1148 1694 1214 1734 ple-

243 1749 380 1778 rumque
397 1737 517 1778 aliquid
537 1739 684 1769 divinum
698 1738 858 1770 fallaciter
876 1738 1035 1769 obtendit:
1053 1749 1112 1769 nec
1124 1748 1214 1769 secus

244 1782 348 1812 Deum
382 1787 478 1821 atque
507 1781 673 1813 hominem
703 1782 851 1812 imitatur
882 1782 989 1813 simia:
1015 1791 1128 1812 verum
1153 1780 1214 1811 Dei

242 1824 411 1856 consilium
449 1824 522 1861 fuit,
560 1825 669 1865 ignem
705 1829 898 1855 extraneum
933 1823 1147 1864 repudiando,
1180 1823 1212 1853 in

241 1867 384 1908 genuina
404 1878 462 1898 sua
481 1866 683 1898 ordinatione
702 1872 732 1898 et
752 1867 832 1907 legis
852 1867 1050 1907 praescripto
1074 1867 1213 1897 retinere

243 1910 414 1951 populum,
450 1921 490 1940 ne
522 1920 584 1949 qua
616 1911 786 1941 hominum
822 1911 977 1951 figmenta
1012 1910 1212 1949 obreperent.

241 1952 448 1984 Tantundem
473 1954 559 1983 enim
586 1953 687 1984 valuit
718 1954 802 1993 ignis
834 1953 929 1984 alieni
955 1952 1145 1993 prohibitio,
1177 1962 1213 1983 ac

242 1997 268 2027 si
294 1996 385 2027 vetiti
407 1996 543 2026 fuissent
568 1995 714 2027 homines
738 1996 913 2036 quidquam
942 2006 1036 2026 suum
1058 1996 1212 2034 ingerere,

242 2039 292 2069 vel
318 2038 434 2069 addere
464 2038 503 2068 ad
529 2049 641 2078 puram
667 2039 746 2079 legis
770 2038 968 2075 doctrinam,
999 2038 1051 2069 vel
1075 2038 1114 2068 ab
1144 2038 1213 2068 eius

242 2082 355 2122 regula
374 2081 545 2112 declinare.
586 2081 714 2112 Interea
730 2082 879 2122 quoniam
897 2081 986 2112 Deus
1003 2081 1100 2112 semel
1119 2086 1212 2111 testa-

243 2131 294 2155 tus
319 2131 397 2161 erat,
422 2125 511 2163 quasi
533 2130 680 2164 porrecta
700 2135 716 2155 e
740 2124 828 2156 coelo
848 2134 956 2161 manu,
977 2124 1134 2156 sacrificia
1153 2123 1213 2153 sibi

242 2168 382 2208 placere:
418 2167 451 2197 in
476 2167 586 2197 eadem
611 2166 729 2199 fiducia
753 2167 936 2199 confirmati
956 2167 1085 2198 fuerunt
1104 2166 1213 2197 fideles

242 2212 377 2251 pignore
401 2209 486 2249 ignis
509 2211 665 2250 perpetui.

331 2252 379 2283 14.
415 2252 483 2283 Ista
501 2256 545 2284 est
563 2253 612 2283 les
631 2253 745 2284 minha.
782 2252 931 2283 Vidimus
951 2252 1088 2283 antehac
1107 2252 1213 2282 diver-

243 2308 295 2327 sas
319 2296 417 2326 fuisse
441 2296 562 2334 species
590 2295 686 2326 huius
709 2296 897 2326 oblationis:
928 2295 983 2327 sed
1009 2306 1110 2332 nunc,
1141 2294 1213 2325 libis

244 2339 294 2369 vel
320 2338 475 2378 placentis
500 2338 642 2373 omissis,
674 2343 803 2369 tantum
828 2339 937 2378 agitur
961 2338 999 2369 de
1022 2338 1125 2368 farina
1149 2347 1212 2367 non

244 2388 349 2413 cocta:
378 2391 418 2411 ex
443 2391 478 2410 ea
507 2381 594 2411 iubet
619 2381 708 2412 Deus
732 2388 888 2420 quantum
914 2381 1062 2412 sacerdos
1094 2379 1213 2420 pugillo

245 2434 358 2464 rapere
395 2424 527 2463 poterit,
558 2434 655 2464 super
685 2424 786 2454 altare
816 2424 945 2454 adoleri.
995 2423 1072 2454 Fuit
1106 2427 1212 2453 autem

246 2467 323 2498 haec
348 2467 399 2496 lex
424 2466 614 2503 necessaria,
641 2473 672 2497 ut
697 2472 785 2497 certo
809 2466 954 2507 persuasi
979 2471 1085 2497 esst-ut
1104 2465 1213 2496 fideles

929 2576 968 2601 Tu
996 2584 1057 2601 vero
1080 2575 1096 2600 2
1118 2574 1213 2600 Chron.

331 2577 358 2607 1)
380 2576 478 2608 Marsya
504 2578 634 2603 adscribit
653 2577 669 2601 2
691 2577 755 2610 Req.
776 2577 815 2607 18,
835 2577 876 2602 30.

1119 2609 1214 2642 leqt'tur

246 2611 269 2640 Τ,
301 2611 322 2635 i.
374 2610 496 2645 [fasiona
527 2611 606 2637 Euae
633 2620 713 2645 quam
743 2612 843 2637 Noster
867 2611 944 2642 infra
972 2611 1081 2641 laudat,

247 2645 269 2670 1.
289 2644 345 2677 Rey
375 2644 414 2675 is,
434 2644 473 2669 36.
514 2645 642 2678 Princew
663 2646 694 2671 de
714 2646 854 2671 Salomone
873 2646 981 2671 omnino
1001 2647 1074 2670 tacet.

947 187 1200 221 SECUNDUM
1225 189 1545 222 PRAECEPTUM.

2176 191 2240 223 532

1270 282 1377 314 Deum
1405 288 1495 323 parte
1525 284 1580 315 illa
1601 284 1707 315 oblata
1736 284 1795 314 rite
1819 283 1954 324 placari:
1986 295 2045 316 nec
2068 285 2239 325 quisquam

1269 373 1326 399 ret.
1369 369 1541 400 Caeterum
1568 380 1607 400 ne
1631 369 1801 400 vilesceret
1823 369 1970 400 sacrificii
1994 369 2143 410 dignitas,
2167 375 2239 402 tan-

1269 416 1336 442 tum
1357 412 1577 443 sacerdotibus
1596 413 1788 452 permissum
1808 412 1868 442 fuit
1892 422 1992 452 panes
2016 422 2144 453 azymos
2162 413 2238 444 inde

1269 455 1434 492 conficere,
1455 466 1534 494 quos
1554 456 1586 486 in
1620 455 1761 486 sacrario
1774 454 1923 485 ederent:
1941 454 2034 486 sicuti
2062 455 2137 486 alibi
2157 455 2237 488 vidi-

1269 507 1349 528 mus.
1396 498 1570 538 Excipitur
1602 497 1712 528 minha
1748 497 1941 528 sacerdotis:
1972 497 2055 537 quod
2087 498 2165 530 duas
2198 498 2238 530 ob

1269 550 1381 571 causas
1403 541 1472 571 fieri
1497 541 1654 577 existimo,
1680 545 1747 570 tum
1766 544 1802 570 ut
1820 541 1963 571 muneris
1987 541 2186 580 praestantia
2207 545 2238 572 et

1270 581 1426 622 dignitas,
1461 583 1619 624 singulari
1662 582 1830 623 privilegio
1868 583 2022 623 insignis,
2055 583 2237 615 sacerdotes

1270 625 1372 665 magis
1396 626 1508 657 incitet
1537 627 1575 657 ad
1604 626 1734 665 pietatis
1771 625 1928 663 studium,
1964 636 2003 657 ne
2038 625 2238 658 defunctorie

1270 672 1301 697 et
1321 668 1449 708 vulgari
1478 679 1566 699 more
1596 669 1629 698 in
1660 668 1722 698 Dei
1757 667 1846 699 eultu
1879 678 1912 699 se
1947 673 2130 700 exerceant:
2167 674 2237 701 tum

1271 721 1346 741 vero
1370 716 1405 741 ut
1428 712 1518 751 quasi
1542 711 1658 742 iniecto
1682 711 1811 747 fraeno,
1836 711 2024 742 cohibeatur
2048 712 2179 743 ambitio
2202 712 2237 743 in

1271 753 1369 783 nimia
1382 753 1574 794 frequentia.
1610 754 1693 784 Nam
1711 754 1736 784 si
1755 753 1957 793 dispendium
1973 754 2086 785 fuisset
2101 755 2238 795 exiguae

1269 796 1401 834 farinae,
1425 803 1536 836 aperta
1559 802 1628 827 erat
1650 807 1754 827 vanae
1777 797 1985 828 ostentationi
2008 797 2120 828 ianua:
2151 808 2237 828 nun-

1269 849 1366 878 quam
1390 844 1570 871 cessassent
1593 839 1705 869 minha
1728 850 1820 870 suum
1845 839 1971 877 offerre,
1993 840 2084 870 cuius
2114 839 2154 870 ad
2184 851 2237 872 eos

1268 881 1394 912 fructus
1417 882 1581 914 rediisset:
1605 883 1686 913 forte
1710 883 1807 912 etiam
1831 885 1999 922 quaestum
2020 882 2095 912 inde
2112 887 2236 922 captas-

1269 930 1348 961 sent,
1374 931 1408 955 ut
1431 925 1578 956 videmus
1602 926 1763 956 sacrificos
1784 925 1923 965 papales,
1943 926 2036 956 fictae
2055 925 2236 957 devotionis

1269 977 1386 1007 pompa
1421 969 1549 1000 allicere
1579 968 1757 1007 simplicem
1789 967 1987 1008 plebeculam
2019 967 2057 998 ad
2087 968 2236 1008 profusos

1268 1010 1468 1041 oblationum
1488 1016 1645 1050 sumptus.
1680 1011 1768 1050 Ergo
1789 1021 1829 1041 ne
1848 1010 2035 1042 immodicas
2059 1010 2237 1043 oblationes

1270 1060 1332 1083 tam
1359 1053 1397 1083 ad
1427 1054 1612 1084 iactantiam
1643 1064 1738 1093 quam
1770 1053 1809 1084 ad
1842 1054 2011 1084 avaritiam
2042 1054 2236 1090 conferrent,

1269 1096 1371 1127 voluit
1396 1096 1483 1127 Deus
1507 1107 1616 1127 eorum
1641 1096 1753 1127 minha
1776 1106 1908 1136 prorsus
1930 1097 2086 1127 consumi.

1353 1139 1402 1169 25.
1428 1139 1593 1179 Alloquere
1617 1139 1755 1170 Altaron.
1802 1139 1958 1170 Videmus
1986 1139 2104 1179 ubique
2138 1150 2236 1179 quam

1269 1182 1440 1222 diligenter
1470 1188 1580 1213 caveat
1613 1182 1701 1212 Deus
1731 1192 1770 1212 ne
1794 1192 1857 1221 qua
1886 1182 1924 1212 de
1948 1193 1982 1212 re
2005 1182 2145 1222 populus
2168 1193 2236 1213 am—

1268 1225 1365 1265 bigat.
1413 1225 1455 1255 Et
1478 1231 1563 1256 certo
1587 1236 1604 1255 a
1628 1225 1716 1256 falsis
1741 1225 2025 1265 imaginationibus
2042 1225 2236 1256 discernitur

1269 1279 1345 1299 vera
1367 1268 1480 1308 religio
1498 1268 1588 1307 quasi
1613 1268 1742 1307 propria
1765 1274 1854 1298 nota:
1879 1267 1933 1298 ubi
1955 1268 2042 1298 Deus
2066 1267 2135 1307 ipse
2158 1268 2235 1308 quid

1269 1310 1429 1351 agendum
1459 1311 1514 1346 sit,
1547 1310 1743 1351 praescribit.
1789 1310 1857 1341 Nec
1881 1320 1956 1341 vero
1979 1310 2109 1341 aliunde
2138 1321 2234 1350 quam

1268 1365 1306 1384 ex
1326 1354 1395 1384 eius
1413 1363 1468 1384 ore
1490 1355 1572 1383 sumi
1596 1358 1699 1392 potest
1719 1353 1887 1390 certitudo,
1907 1353 1939 1383 in
1955 1363 2017 1392 qua
2031 1357 2140 1383 tamen
2159 1353 2234 1384 fun-

1268 1396 1343 1427 data
1366 1407 1434 1427 esse
1458 1396 1553 1426 debet
1576 1397 1687 1436 pietas.
1734 1396 1837 1426 Porro
1871 1396 1945 1435 quia
1968 1395 2142 1427 discrimen
2166 1402 2235 1427 erat

1268 1439 1352 1469 inter
1373 1439 1558 1470 holocausta
1577 1445 1608 1469 et
1626 1438 1774 1470 victimas
1797 1448 1856 1478 pro
1883 1444 2021 1478 peccato,
2045 1444 2233 1479 promptum

1267 1482 1382 1513 fuisset
1403 1482 1575 1521 separatim
1600 1482 1736 1513 diversis
1761 1481 1838 1512 locis
1863 1486 2014 1519 mactare,
2045 1481 2106 1512 nisi
2133 1482 2233 1512 errori

1267 1525 1395 1556 obviam
1418 1524 1499 1555 itum
1524 1530 1616 1555 esset.
1662 1524 1827 1554 Eximitur
1851 1530 1958 1555 autem
1982 1524 2087 1555 omnis
2105 1523 2232 1555 dubita-

1266 1568 1328 1601 tio,
1352 1566 1480 1607 quando
1500 1568 1644 1606 utrisque
1666 1567 1753 1597 Deus
1780 1567 1919 1597 eundem
1949 1568 2094 1607 assignat
2117 1567 2231 1599 locum.

1267 1609 1360 1642 Unde
1395 1610 1490 1640 etiam
1526 1610 1721 1650 colligimus,
1757 1610 1861 1650 legem
1901 1620 1997 1640 unam
2031 1609 2101 1640 Deo
2134 1609 2232 1650 probe

1266 1653 1398 1684 colendo
1423 1652 1585 1689 sufficere,
1621 1653 1646 1683 si
1672 1663 1735 1683 non
1760 1653 1820 1683 sibi
1844 1653 1970 1692 sapiant
1994 1652 2152 1691 homines,
2176 1652 2232 1684 sed

1266 1695 1429 1735 pendeant
1452 1705 1490 1725 ex
1514 1706 1568 1725 ore
1588 1695 1665 1726 eius.
1690 1695 1771 1725 Nam
1793 1696 1847 1735 qui
1867 1695 1988 1727 factum
2008 1702 2065 1733 est,
2084 1701 2121 1726 ut
2133 1706 2232 1735 quum

1266 1739 1350 1769 inter
1374 1748 1407 1769 se
1431 1737 1597 1768 differrent
1622 1738 1683 1769 duo
1707 1739 1769 1769 ista
1799 1749 1934 1778 genera,
1965 1738 2079 1769 similis
2108 1737 2168 1770 hac
2198 1738 2232 1769 in

1267 1786 1357 1821 parto
1380 1780 1478 1812 fuerit
1501 1791 1612 1811 eorum
1638 1781 1728 1817 ratio,
1754 1781 1815 1811 nisi
1839 1781 1912 1820 quia
1932 1781 1976 1812 sic
1996 1781 2065 1812 Deo
2088 1780 2231 1821 placuit?

1266 1824 1329 1855 Hie
1355 1834 1430 1863 ergo
1458 1824 1545 1854 locus
1572 1824 1649 1854 satis
1669 1823 1833 1861 admonet,
1861 1829 1984 1863 quanta
2003 1824 2177 1855 sobrietate
2200 1828 2233 1855 et

1266 1867 1423 1897 modestia
1446 1865 1529 1905 quod
1554 1865 1615 1896 Dei
1639 1866 1737 1897 verbo
1761 1866 1950 1903 ostenditur,
1985 1867 2074 1907 sequi
2113 1877 2231 1898 eonve-

1266 1910 1342 1940 niat.
1377 1909 1473 1939 Ratio
1497 1914 1605 1939 tamen
1630 1909 1725 1939 simul
1749 1908 1889 1947 additur,
1913 1919 1993 1950 quae
2013 1910 2231 1940 reverentiam

1266 1952 1414 1983 conciliet
1442 1951 1583 1982 victimis
1612 1962 1668 1990 pro
1693 1956 1839 1991 peccato,
1871 1953 1924 1983 ubi
1950 1952 2014 1983 illis
2043 1952 2232 1983 attribuitur

1265 1995 1437 2035 praecipua
1460 1994 1622 2029 sanctitas,
1647 2005 1727 2034 quae
1751 2005 1808 2034 pro
1829 2006 1888 2026 usu
1910 1995 2043 2035 linguae
2062 1994 2230 2026 hebraicae

1265 2043 1400 2068 vocatur
1423 2038 1641 2067 sanctitatum.
1667 2037 1767 2068 Porro
1786 2044 1856 2070 &Ul-1
1877 2044 1907 2068 et
1927 2044 2013 2070 Diels,
2033 2048 2112 2077 quas
2137 2047 2230 2068 voces

1266 2080 1377 2111 Latini
1403 2084 1534 2110 vertunt
1556 2085 1722 2119 peecatum
1746 2085 1777 2111 et
1796 2081 1959 2118 delictum,
1984 2081 2096 2120 incipit
2115 2080 2230 2111 distin-

1265 2133 1371 2163 guere,
1393 2121 1508 2162 quibus
1532 2122 1754 2153 indifferenter
1777 2124 1916 2155 antehac
1938 2134 2015 2155 usus
2034 2128 2083 2153 est
2102 2122 2140 2154 ad
2161 2133 2229 2154 rem

1265 2165 1400 2196 eandem
1425 2164 1609 2195 notandam.
1656 2164 1743 2204 Quid
1765 2176 1860 2205 porro
1884 2165 2082 2203 interfuerit,
2107 2166 2230 2197 nescire

1265 2219 1316 2239 me
1336 2208 1451 2238 fateor:
1475 2206 1550 2247 quid
1570 2207 1623 2238 alii
1647 2209 1933 2240 comminiscantur
1952 2208 2052 2247 video,
2071 2208 2126 2240 sed
2148 2208 2229 2239 nihil

1265 2251 1353 2282 certi.

1350 2292 1400 2323 30.
1429 2292 1537 2323 Omnis
1560 2295 1660 2323 autem
1677 2292 1785 2324 hostia.
1812 2294 1967 2334 Exceptio
1987 2293 2146 2333 repetitur
2164 2297 2229 2324 tam

1266 2335 1304 2367 de
1324 2335 1490 2367 sacrificiis
1509 2345 1647 2374 quorum
1668 2335 1750 2366 facta
1770 2337 1830 2367 fuit
1849 2337 1970 2368 mentio
1983 2344 2096 2376 quarto
2115 2337 2229 2376 eapite,

1266 2389 1359 2418 quain
1386 2378 1424 2408 de
1448 2378 1570 2409 solenni
1596 2379 1752 2409 sacrificio
1776 2390 1837 2418 quo
1861 2380 2008 2411 sacerdos
2032 2386 2063 2410 et
2092 2380 2230 2419 populus

1266 2422 1439 2460 quotannis
1471 2421 1766 2452 reconciliabantur.
1822 2422 1941 2453 Minori
1976 2423 2061 2452 enim
2098 2427 2230 2461 sumptu

1266 2463 1439 2503 expiabant
1470 2464 1589 2502 singuli
1620 2462 1766 2494 homines
1801 2465 1921 2504 privati
1944 2475 2004 2495 sua
2025 2469 2169 2504 peccata.
2200 2470 2232 2494 et

1267 2512 1393 2536 tantum
1416 2506 1520 2536 maius
1550 2506 1651 2536 altare
1682 2506 1762 2545 quod
1793 2513 1861 2537 erat
1885 2508 1916 2537 in
1942 2508 2038 2545 atrio,
2074 2507 2231 2547 sanguine

1266 2549 1506 2588 aspergebatur.
1553 2550 1597 2578 At
1620 2548 1646 2579 si
1670 2547 1778 2579 Deum
1804 2549 1852 2579 vel
1878 2550 2003 2590 populo,
2027 2550 2079 2581 vel
2104 2550 2164 2581 sibi
2184 2559 2232 2580 re-

1266 2591 1456 2622 conciliabat
1480 2590 1642 2627 sacerdos,
1673 2601 1737 2630 quo
1761 2592 1865 2631 magis
1895 2593 1979 2624 seria
2011 2597 2095 2624 esset
2118 2592 2229 2633 depre-

1266 2634 1356 2671 catio,
1381 2634 1597 2665 sanctuarium
1623 2633 1880 2673 ingrediebatur,
1916 2642 1951 2666 ut
1974 2645 1991 2666 e
2015 2636 2145 2676 regione
2169 2634 2230 2666 veli
