2304 3034
160 191 220 224 163

164 286 362 318 tumultuose
386 283 467 314 Mosi
493 282 699 321 obstrepunt,
732 287 763 312 et
794 281 833 311 ab
863 292 899 312 60
930 288 1039 322 potum
1064 285 1131 315 exi·
1157 290 1159 298 ¹

167 335 258 370 gunt,
283 337 376 367 quem
401 326 542 356 sciebant
567 324 696 355 nonnisi
721 324 820 355 aDeo
844 324 913 355 dari
934 336 1034 364 posse.
1066 326 1131 358 Sed

167 372 243 412 quia
267 369 409 401 nondum
434 367 613 398 didicerant
636 366 706 397 Deo
730 366 845 404 fidere,
880 367 919 397 ad
949 368 1017 399 eius
1040 380 1131 409 opem

166 425 233 445 1100
264 411 468 451 confugiunt:
499 410 560 440 nisi
585 409 670 449 quod
699 410 868 449 imperiose
892 411 926 440 in
950 412 1036 442 servi
1060 423 1131 452 per-

167 466 245 487 sona
268 454 352 485 votis
376 454 441 483 suis
466 452 597 491 obsequi
621 452 740 482 iubent.
772 452 863 483 Haec
887 453 970 484 enim
995 454 1132 485 interro-

169 498 270 539 gatio:
301 495 387 534 Quid
413 495 583 526 bibemus?
606 494 799 525 tantundem
820 495 905 526 valet
924 506 960 527 ae
984 498 1008 527 si
1034 497 1132 528 dixis-

169 547 253 571 sent:
279 540 435 578 Transige
455 549 525 569 cum
542 539 611 568 Deo
631 545 668 568 ut
688 538 779 569 nobis
803 543 914 578 potum
939 539 1132 579 suppeditet.

168 584 268 614 Recta
290 592 364 612 vero
386 582 489 612 Deum
511 592 571 612 non
601 581 808 621 compellant,
837 582 930 612 euius
956 582 1076 613 auxilio
1100 594 1132 613 36

167 636 246 665 011113
271 624 388 655 habere
412 624 571 654 sentiunt:
607 624 682 663 qnia
704 623 913 655 incredulitas
936 634 1064 664 semper
1086 631 1134 656 est

169 668 316 708 superba.

252 710 301 740 25.
330 709 415 740 Tunc·
437 709 588 740 clamavit.
621 709 709 740 Hinc
729 709 912 749 colligimus
935 709 1036 740 solum
1062 710 1133 742 Mo-

167 764 225 784 sen
260 754 319 783 rite
355 757 518 792 precatum
555 763 625 783 esse
659 763 757 791 quum
791 752 930 792 populus
956 753 1133 792 impetuose

167 802 276 827 contra
308 806 380 825 61101
410 796 609 834 insurgeret:
642 801 673 825 et
701 795 753 834 qui
785 795 909 835 indigni
933 802 1025 826 erant
1048 807 1132 827 com-

166 839 257 869 muni
278 845 360 873 aere,
379 837 464 868 dulci
483 848 566 877 aqua
585 837 683 868 fnisse
703 838 844 868 satiatos.
880 838 917 868 In
933 848 994 877 quo
1008 839 1132 870 refulsit

165 881 413 912 inaestimabilis
438 881 499 910 Dei
522 880 759 919 misericordia,
784 881 837 920 qui
862 885 1010 912 naturam
1036 892 1131 922 aqua-

165 934 239 955 rum
263 922 434 958 mutando,
466 930 530 953 tam
560 923 720 963 malignos
751 929 780 953 et
806 924 1001 963 praefractos
1024 925 1132 964 ingra-

166 971 279 1006 tosque
310 966 457 996 homines
487 966 572 996 alere
604 966 757 1006 dignatus
781 972 838 997 est.
884 966 1016 998 Poterat
1040 968 1132 998 initio

167 1009 313 1040 dulcibus
338 1009 428 1048 aquis
453 1019 505 1040 603
530 1014 650 1048 potare,
676 1009 730 1040 sed
755 1010 874 1039 amaris
896 1010 998 1040 voluit
1016 1010 1048 1040 in
1069 1021 1132 1041 me-

166 1052 253 1082 dinm
274 1052 415 1091 proferre
435 1051 680 1082 amaritudinem
702 1062 782 1092 qnae
802 1053 832 1082 in
854 1063 964 1083 eorum
985 1053 1133 1084 cordibus

164 1094 296 1125 latebat.
343 1095 475 1125 Poterat
505 1094 601 1125 etiam
631 1095 696 1125 solo
727 1099 808 1125 nutu
833 1096 947 1125 vitium
972 1096 1132 1136 corrigere

164 1138 197 1168 in
222 1138 313 1177 aquis
337 1144 371 1167 nt
401 1144 515 1177 sponte
545 1137 774 1168 dulcescerent.
821 1138 888 1168 Cur
923 1139 1045 1178 lignum
1078 1139 1132 1169 ad-

165 1179 275 1210 hibere
307 1180 474 1217 maluerit,
506 1181 663 1211 incertum
695 1186 758 1211 est:
790 1181 851 1211 nisi
881 1186 917 1211 ut
946 1187 1134 1220 coargueret

166 1223 299 1262 impiam
325 1233 435 1253 eorum
461 1223 652 1254 socordiam.
683 1223 858 1254 ostendens
888 1224 992 1254 multa
1016 1224 1075 1255 sibi
1099 1225 1131 1255 in

165 1273 317 1305 promptu
347 1276 416 1296 esse
447 1266 590 1296 remedia
616 1266 796 1306 quibusque
825 1267 927 1297 malis.
974 1267 1023 1297 De
1047 1267 1131 1308 ligno

165 1309 262 1338 etiam
288 1309 432 1347 quaestio
456 1309 608 1345 nascitur,
633 1319 674 1339 an
699 1309 774 1346 vim,
799 1320 879 1349 quae
904 1316 980 1341 tunc
1004 1316 1131 1341 exserta

166 1351 239 1383 fnit.
266 1351 414 1381 habuerit
438 1352 625 1391 ingenitam.
672 1352 744 1382 Etsi
768 1359 874 1383 autem
900 1352 1078 1392 probabiles
1098 1353 1130 1384 in

165 1399 334 1433 utrumque
358 1401 482 1433 partem
508 1395 648 1425 rationes
671 1395 785 1426 adduci
809 1401 951 1434 possunt,
975 1397 1078 1435 magis
1097 1396 1129 1426 in

166 1436 249 1467 hanc
273 1438 467 1468 sententiam
492 1437 627 1474 inclino,
662 1439 727 1468 vim
758 1438 915 1469 occultam
941 1439 1131 1469 naturaliter

165 1479 198 1510 in
224 1480 310 1519 ligno
335 1480 442 1515 fuisse,
466 1486 499 1510 et
522 1485 628 1511 tamen
650 1480 807 1512 miraculo
831 1486 1009 1512 correct-um
1033 1481 1130 1512 fuisse

167 1532 266 1561 aquae
296 1533 457 1562 saporem:
489 1523 563 1562 quia
592 1523 724 1554 difficile
754 1524 867 1555 suisset
898 1529 1020 1554 tantam
1052 1524 1130 1565 ligni

165 1565 289 1605 copiam
319 1572 483 1596 momento
517 1576 691 1606 congerere
722 1577 803 1606 quae
834 1565 933 1597 fluvio
965 1567 1130 1607 purgando

166 1609 338 1639 sufficeret.
402 1609 515 1648 Neque
560 1610 645 1639 enim
691 1610 810 1649 exigno
851 1610 939 1640 fonte
979 1616 1131 1641 contenta

166 1650 303 1681 fuissent
336 1658 488 1682 sexcenta
523 1651 624 1682 millia
659 1652 825 1683 hominum
860 1663 933 1684 eum
967 1653 1129 1690 uxoribus,

165 1693 283 1731 liberis,
304 1699 335 1724 et
354 1695 530 1734 pecoribus.
562 1694 656 1733 Quod
677 1702 783 1726 antem
804 1696 888 1727 hanc
902 1696 1129 1736 proprietatem

165 1737 253 1777 ligno
284 1737 372 1776 prius
405 1738 502 1768 fuisse
536 1737 671 1768 inditam
707 1739 873 1775 existimo,
910 1740 1031 1769 ratione
1066 1750 1129 1770 non

165 1779 282 1810 frivola
312 1779 468 1811 adducor:
500 1781 574 1820 quia
605 1786 724 1811 certam
756 1792 854 1812 unam
885 1783 1020 1821 speeiem
1047 1782 1129 1812 Mosi

165 1823 263 1853 fuisse
281 1829 443 1853 ostensam
464 1829 561 1863 patet.
597 1824 711 1863 Neque
734 1824 765 1854 id
790 1830 898 1854 tamen
923 1825 1028 1855 obstat
1052 1825 1127 1864 quin

167 1866 267 1895 maior
289 1866 382 1896 solito
404 1867 546 1897 efficacia
578 1867 754 1903 exstiterit,
786 1872 821 1897 ut
851 1868 989 1898 subitam
1022 1867 1128 1898 dulce-

166 1908 273 1938 dinem
304 1908 421 1939 iniecto
452 1909 539 1949 ligno
570 1920 671 1949 aquae
700 1911 914 1950 acquirerent.
960 1910 1054 1949 Quod
1079 1921 1127 1941 se-

164 1951 274 1990 quitur
295 1952 326 1981 in
356 1952 497 1983 secunda
529 1960 619 1992 parte
650 1963 775 1989 versus,
811 1952 970 1993 duplicem
999 1964 1126 1984 sensum

165 1994 321 2024 admittit:
346 2005 478 2034 nempe,
508 1996 656 2034 quamvis
680 1995 744 2027 illic
769 1995 858 2026 Deus
881 1997 1040 2036 posuisset
1063 2002 1127 2027 sta-

165 2041 287 2073 tutum,
319 2043 425 2068 tamen
458 2038 553 2068 fuisse
585 2043 744 2069 tentatum
770 2050 787 2069 a
811 2039 945 2079 populo,
977 2039 1029 2069 vel
1053 2040 1127 2079 quia

163 2086 306 2110 tentatus
326 2080 385 2110 fuit
401 2081 489 2111 Dens
510 2091 526 2110 a
546 2081 675 2120 populo,
700 2081 770 2112 ideo
790 2082 934 2122 posuisse
958 2087 1124 2113 statutum.

164 2123 199 2152 >ti
231 2123 317 2162 prior
352 2133 466 2154 36113113
502 2124 641 2163 placeat,
677 2125 927 2164 exaggerabitur
958 2125 1079 2155 crimen
1109 2135 1126 2155 a

163 2166 410 2205 comparatione.
446 2166 528 2197 Nam
549 2178 584 2197 eo
604 2166 744 2197 deterior
763 2168 824 2198 fuit
842 2167 950 2208 populi
970 2168 1126 2207 impietas,

165 2208 246 2247 quod
270 2208 400 2239 edoctus
426 2219 501 2240 voce
526 2210 603 2245 Dei,
635 2211 668 2240 in
692 2209 802 2241 eodem
827 2219 935 2241 tamen
959 2210 1027 2242 loco
1050 2221 1126 2241 suae

167 2251 360 2289 pervicaciae
390 2252 498 2282 fraena
532 2252 663 2283 laxavit.
711 2253 780 2293 Ego
810 2264 884 2284 vero
919 2254 1124 2293 posteriorem

166 2304 294 2324 sensum
318 2295 421 2334 magis
445 2295 629 2334 amplector,
653 2295 738 2335 quod
762 2295 852 2327 Deus
873 2296 994 2327 scilieet
1017 2295 1125 2336 populi

165 2336 321 2367 malitiam
345 2338 550 2377 castigaverit
576 2349 593 2368 a
616 2350 677 2377 quo
701 2344 843 2369 tentatus
866 2339 978 2369 fuerat.
1015 2338 1127 2370 Genus

167 2388 259 2417 porro
283 2381 472 2411 tentationis
496 2381 571 2417 fuit,
601 2381 684 2420 quod
716 2392 778 2411 non
810 2381 912 2412 solum
944 2381 1127 2412 dubitanter

166 2422 318 2452 sciscitati
342 2430 415 2453 sunt
440 2425 511 2462 quis
540 2424 675 2454 daturus
706 2430 790 2455 esset
821 2434 953 2464 aquam,
982 2424 1035 2454 sed
1069 2424 1127 2455 hac

166 2474 240 2494 voce
268 2466 373 2495 testati
405 2473 482 2496 sunt
509 2477 600 2497 snam
631 2466 898 2506 desperationem.
945 2466 1128 2504 Caeterum,

166 2507 239 2544 quia
264 2518 326 2537 uno
350 2514 504 2539 contextu
530 2508 657 2547 dicitur,
684 2510 750 2541 11116
774 2511 879 2550 posuit
903 2514 1072 2546 statutum,
1096 2515 1129 2539 et

167 2549 231 2579 illie
266 2551 403 2581 tentavit
444 2562 532 2588 eum,
575 2552 704 2583 videtur
740 2554 770 2582 in
807 2559 941 2591 utroque
974 2551 1128 2589 membro,

166 2591 344 2623 >abiectum
363 2604 432 2624 esse
452 2605 566 2625 nomen
590 2594 659 2631 Dei,
684 2600 715 2626 et
739 2595 916 2635 praedicari
941 2594 979 2625 de
1002 2595 1129 2635 populo,

165 2634 248 2672 quod
283 2641 439 2666 statutum
475 2638 634 2677 acceperit
669 2645 701 2668 et
735 2637 890 2678 probatus
919 2637 1026 2668 fuerit.
1078 2637 1129 2668 Ita

737 187 1103 222 COMMENTARIUS
1127 189 1173 222 IN
1195 190 1344 223 EXODI
1367 191 1465 223 CAP.
1486 192 1579 223 XVI.

2093 193 2154 224 164

1185 296 1299 316 sensus
1323 291 1421 317 esset:
1448 287 1622 326 Postquam
1637 286 1727 316 Deus
1751 297 1852 325 aquae
1874 287 2010 325 penuria
2033 287 2154 318 exami-

1185 328 1277 359 navit»
1296 329 1448 369 populum
1463 340 1566 365 sunm,
1588 329 1685 360 verbo
1699 339 1823 368 qnoque
1837 329 1932 359 simul
1947 329 2153 361 admonuisse

1185 377 1220 401 ut
1250 371 1283 402 in
1314 377 1479 411 posterum
1511 373 1622 403 maiori
1653 371 1814 402 docilitate
1845 377 1876 402 et
1907 371 2089 404 obedientia
2118 383 2152 404 se

1185 414 1355 445 subiiceret
1378 415 1465 445 illius
1494 415 1636 454 imperio.

1271 457 1320 488 26.
1348 457 1384 488 St
1407 457 1566 489 obediendo
1585 457 1742 488 obedieris.
1780 456 1874 487 Nunc
1893 457 2033 497 explicat
2045 457 2152 490 Moses

1187 499 1280 538 quale
1303 501 1401 531 fuerit
1424 506 1582 531 statutum
1613 499 1692 530 illud
1724 500 1773 531 vel
1804 499 1944 530 edietum
1973 499 2055 539 quod
2080 511 2152 540 pro-

1187 543 1345 583 mulgavit
1376 544 1473 574 Deus.
1521 543 1631 583 Neque
1664 542 1750 572 enim
1786 543 1837 573 hie
1873 543 1982 583 agitur
2016 542 2054 573 de
2087 548 2153 574 tota

1188 584 1266 624 lege,
1291 596 1372 625 quae
1395 586 1512 616 deinde
1535 586 1608 616 data
1631 586 1690 616 fuit
1713 586 1746 615 in
1771 590 1880 616 monte
1903 585 2012 623 Sinai,
2035 584 2090 616 sed
2114 585 2153 617 de

1187 629 1318 667 speciali
1349 628 1582 664 admonitione,
1613 639 1695 668 quae
1727 627 1829 659 valuit
1857 628 1896 658 ad
1929 628 2153 669 castigandam

1186 671 1295 710 populi
1327 672 1493 702 malitiam.
1542 671 1676 702 Summa
1707 676 1815 701 autem
1846 675 1912 706 est,
1942 672 1968 702 si
2000 671 2152 712 morigeri

1186 713 1253 743 sint
1276 725 1311 745 ae
1335 714 1546 754 obsequentes
1566 714 1636 744 Deo
1660 714 1845 751 Israelitae,
1881 714 1984 754 ipsum
2011 714 2152 745 vicissim

1186 756 1253 786 fore
1276 757 1340 787 illis
1365 757 1552 787 beneficum.
1600 758 1647 788 Ae
1672 757 1770 787 tacita-
1794 762 1842 788 est
1865 757 2085 796 exprobratio,
2117 761 2152 788 nt

1186 800 1289 829 sciant
1303 810 1336 830 se
1350 810 1513 831 accersere
1526 800 1593 830 suis
1606 799 1745 839 peccatis
1762 799 1916 839 quidquid
1931 800 2150 831 molestiarum

1186 843 1355 873 sustinent.
1410 843 1589 883 Aegyptios
1621 842 1684 873 illis
1714 843 1865 882 proponit
1893 843 1926 873 in
1957 843 2151 882 exemplum,

1185 895 1320 924 qnorum
1341 886 1546 916 rebellionem
1568 885 1714 916 viderant
1735 890 1800 915 tam
1813 884 1966 925 gravibus
1979 893 2010 917 et
2028 887 2152 917 severis

1185 929 1297 966 poenis
1321 929 1427 959 Deum
1454 928 1550 959 fuisse
1574 927 1688 959 ultum.
1734 927 1828 966 Quod
1859 938 1935 959 mox
1965 928 2151 960 subiicitur:

1185 971 1255 1011 Ego
1270 972 1359 1002 Deus
1379 981 1496 1001 sanans
1521 976 1560 1009 te,
1585 971 1623 1001 ad
1648 971 1927 1002 confirmationem
1951 976 2090 1011 spectat:
2115 981 2150 1002 ae

1185 1014 1211 1044 si
1241 1014 1377 1051 diceret,
1409 1015 1566 1044 obnoxios
1597 1014 1710 1044 iisdem
1741 1014 1844 1054 plagis
1875 1024 1944 1045 esse
1975 1014 2149 1052 Israelitas‚

1185 1067 1265 1096 quae
1290 1057 1461 1097 Aegyptiis
1484 1057 1625 1088 inflictae
1649 1058 1793 1093 fuerant,
1826 1067 1883 1088 nec
1908 1057 1970 1087 alia
1993 1057 2031 1088 de
2055 1067 2151 1088 causa

1186 1110 1255 1130 esse
1297 1101 1457 1131 immunes
1499 1100 1560 1129 nisi
1602 1099 1685 1139 quod
1721 1100 1811 1130 Deus
1851 1099 1966 1131 medici
2007 1099 2151 1131 officium

1185 1147 1337 1182 praestat.
1396 1143 1436 1173 Et
1471 1153 1547 1173 sane
1582 1148 1737 1182 quotquot
1774 1143 1808 1173 in
1849 1153 1968 1183 genere
2007 1143 2151 1174 humano

1186 1190 1376 1224 grassantur
1408 1186 1526 1217 morbi,
1561 1186 1594 1216 in
1631 1185 1763 1216 totidem
1797 1186 1935 1226 speculis
1969 1187 2150 1225 perspicere

1185 1228 1258 1259 licet
1284 1236 1410 1259 nostras
1439 1229 1599 1259 miserias:
1636 1235 1671 1259 ut
1704 1229 1842 1260 sciamus
1877 1228 1956 1259 nihil
1991 1229 2023 1259 in
2059 1228 2150 1260 nobis

1185 1272 1334 1302 sanitatis
1369 1282 1452 1307 esse,
1495 1272 1555 1301 nisi
1590 1279 1748 1310 quatenus
1782 1271 1872 1302 1101113
1908 1272 1998 1302 Deus
2035 1271 2148 1312 parcit.

1184 1314 1255 1345 Hoc
1280 1316 1373 1344 ctiam
1401 1325 1495 1344 versu
1520 1314 1687 1351 doeemur,
1712 1314 1795 1345 hanc
1819 1314 1950 1345 demum
1975 1325 2044 1345 esse
2067 1315 2150 1345 iuste

1184 1357 1314 1387 vivendi
1339 1357 1482 1397 regulam
1507 1358 1560 1388 ubi
1584 1357 1843 1397 obtemperamus
1864 1358 1934 1388 voei
1948 1357 2019 1394 Dei,
2041 1357 2150 1388 stude-

1184 1410 1319 1440 musque
1355 1401 1381 1430 s:i
1418 1400 1551 1439 placere.
1610 1400 1772 1439 Quoniam
1807 1402 1918 1431 autem
1948 1400 2046 1440 paulo
2080 1405 2150 1439 post

1184 1442 1246 1473 Dei
1281 1443 1428 1473 voluntas
1462 1444 1494 1473 111
1531 1443 1599 1483 lege
1641 1443 1861 1483 patefacienda
1901 1447 1987 1481 erat,
2029 1443 2149 1475 diserte

1185 1486 1270 1516 iubet
1302 1490 1442 1516 attentos
1472 1497 1540 1517 esse
1572 1487 1765 1526 praeceptis,
1795 1491 1827 1517 et
1856 1496 1986 1517 servare
2016 1491 2148 1518 statuta.

1185 1528 1278 1566 Quod
1321 1540 1428 1560 vocem
1463 1535 1539 1573 ΞῬΠ
1575 1528 1684 1570 (quam
1730 1529 1885 1559 usitatum
1928 1534 1977 1560 est
2021 1535 2149 1560 vertere

1184 1571 1319 1612 statuta)
1360 1571 1487 1611 quidam
1520 1582 1538 1602 a
1569 1573 1747 1612 praeceptis
1788 1572 2009 1612 distinguunt,
2050 1583 2086 1603 ae
2121 1572 2149 1604 si

1184 1623 1291 1645 essent
1322 1625 1410 1645 mera
1440 1614 1558 1654 placita
1586 1615 1700 1655 quibus
1733 1625 1797 1645 non
1829 1619 1879 1646 est
1906 1625 2034 1645 annexa
2057 1616 2148 1653 ratio,

1185 1658 1291 1688 nescio
1325 1669 1364 1687 an
1399 1658 1476 1688 satis
1511 1659 1641 1688 firmum
1671 1658 1720 1688 sit.
1775 1657 1925 1689 Sufficiat
1955 1657 2059 1697 legem
2086 1658 2149 1689 Dei

1183 1700 1400 1731 commendari
1414 1701 1558 1740 pluribus
1574 1701 1688 1738 verbis,
1702 1701 1740 1731 ad
1755 1700 1931 1732 tollendum
1946 1700 2148 1741 ignorantiae

1182 1747 1396 1783 praetextum.

1267 1786 1316 1816 27.
1349 1786 1500 1817 Venerunt
1523 1789 1624 1817 autem
1650 1786 1793 1817 mElim.
1829 1786 1893 1818 Hic
1913 1787 2025 1818 recitat
2037 1786 2148 1818 Moses

1182 1829 1289 1859 datam
1314 1830 1410 1860 fuisse
1435 1830 1650 1860 amoeniorem
1683 1829 1853 1860 stationem
1885 1829 2017 1869 11011010,
2047 1839 2147 1869 quum

1182 1871 1338 1902 adductus
1362 1879 1408 1902 cst
1438 1873 1468 1903 in
1499 1872 1606 1903 locum
1637 1872 1810 1911 irriguum,
1840 1876 1872 1902 et
1902 1872 2018 1911 palmis
2047 1871 2147 1902 etiam

1180 1915 1357 1949 consitum,
1391 1926 1472 1954 quae
1504 1915 1590 1945 nasei
1621 1914 1653 1945 in
1687 1920 1773 1945 terra
1808 1915 1897 1945 arida
1932 1925 1995 1945 non
2031 1915 2144 1946 solent.

1179 1957 1251 1988 Hoc
1274 1964 1380 1988 autem
1410 1958 1497 1988 illius
1528 1958 1709 1988 infirmitati
1741 1957 1839 1988 fuisse
1869 1967 2074 1995 eoncessum,
2105 1967 2145 1988 ex

1178 2001 1394 2040 superioribus
1418 2001 1614 2040 colligimus:
1640 2001 1713 2040 quia
1737 2006 1801 2030 tam
1824 2000 2034 2040 impatienter
2057 2000 2145 2031 sitim

1177 2043 1305 2074 tulerat.

1529 2211 1678 2244 CAPUT
1699 2211 1793 2243 XVI.

1266 2299 1292 2329 1.
1321 2298 1478 2338 Profectae
1496 2301 1596 2329 autem
1618 2297 1655 2328 ab
1675 2297 1764 2329 Elim
1784 2300 1907 2329 cunctae
1925 2301 2045 2329 turmae
2064 2298 2144 2337 filio-

1178 2352 1249 2371 rum
1274 2342 1385 2378 Israel,
1408 2343 1552 2372 venerunt
1577 2342 1606 2371 iu
1629 2340 1780 2371 desertum
1805 2340 1871 2377 Sin,
1896 2341 1977 2380 quod
1999 2344 2043 2372 est
2065 2342 2144 2373 iuter

1179 2384 1268 2414 Elim
1291 2386 1316 2414 et
1341 2384 1442 2421 Simuy
1466 2385 1569 2423 quinto
1592 2383 1704 2414 decimo
1726 2383 1777 2414 die
1798 2384 1913 2414 mensis
1931 2384 2056 2415 seomidi
2073 2387 2144 2424 post

1179 2437 1281 2458 corum
1305 2427 1420 2457 cuit‘zcm
1443 2438 1457 2458 e
1481 2430 1562 2457 terra
1578 2426 1719 2465 Aeyypti.
1755 2426 1784 2456 2.
1808 2425 1849 2456 Et
1871 2429 2144 2458 murmuraverunt

1153 2461 1155 2480 ³
1180 2480 1281 2500 <menes
1303 2472 1421 2501 turmae
1438 2470 1577 2508 filiorum
1601 2468 1704 2499 Israel
1733 2471 1835 2499 contra
1862 2469 1970 2500 Mosen
1992 2472 2019 2500 et
2039 2472 2144 2501 contra

1181 2512 1308 2543 Ahuron
1332 2513 1365 2543 iu
1388 2513 1512 2543 deserto.
1546 2511 1574 2542 3.
1600 2510 1641 2541 Et
1659 2510 1807 2542 dixerunt
1826 2511 1867 2542 ad
1885 2522 1934 2543 eos
1950 2512 2013 2551 filii
2025 2511 2145 2544 Israel:

1184 2555 1260 2593 Quis
1283 2556 1331 2586 del
1354 2558 1387 2586 ut
1415 2555 1527 2586 mortui
1557 2564 1691 2585 essemus
1713 2564 1773 2592 per
1800 2564 1928 2585 manum
1952 2554 2081 2586 Ielcovae
2108 2555 2143 2586 in

1180 2600 1262 2628 terra
1287 2598 1428 2638 Aewpti,
1455 2597 1576 2637 quando
1599 2596 1778 2628 sedebamus
1802 2597 1890 2628 iuxta
1912 2597 2004 2628 ollam
2026 2598 2142 2635 carnis,

1181 2642 1207 2671 et
1230 2642 1351 2679 quando
1380 2640 1603 2672 comedebamus
1627 2649 1743 2679 panem
1774 2640 1807 2671 in
1834 2640 2024 2672 saturitate?
2058 2640 2143 2673 Nam
