2304 3034
177 205 239 236 427

178 297 314 330 iurando
330 296 482 329 sancitur,
506 296 631 325 constat
657 292 751 323 alteri
770 292 975 332 praecellere.
1010 292 1147 324 Minime

180 351 256 381 ergo
286 340 416 370 dubium
446 341 495 367 est
523 335 601 375 quin
634 334 757 370 David,
788 339 823 365 ut
854 340 923 366 erat
952 335 1036 366 fidus
1066 335 1146 376 legis

179 386 354 422 interpres,
378 380 495 411 clarius
520 377 794 409 demonstraverit
817 376 901 417 quod
925 378 991 409 illic
1013 377 1147 409 obscure

181 428 354 466 figuratum
388 428 465 453 erat.
519 421 688 452 Hactenus
716 419 830 451 docere
861 419 967 458 volui,
1002 426 1145 452 creatum

179 469 275 499 fuisse
299 466 464 496 leviticum
496 463 713 498 sacerdotem.
744 463 799 502 qui
828 463 943 493 umbra
970 468 1055 494 esset
1078 464 1147 494 veri

180 508 373 541 mediatoris.
408 507 502 538 Nunc
522 506 663 537 breviter
683 515 800 545 operae
813 506 956 546 pretium
975 506 1037 536 erit
1055 511 1148 537 notas

179 553 354 592 attingere,
390 549 504 590 quibus
536 548 786 589 distinguendus
810 553 860 579 est
882 548 996 579 unicus
1019 554 1052 579 et
1074 559 1147 588 per-

178 601 294 636 petuus
319 599 428 624 noster
451 591 599 624 sacerdos
623 592 708 622 filius
732 590 794 621 Dei
817 591 856 622 ab
881 591 944 622 illis
968 591 1146 622 veteribus:

180 648 254 669 nam
284 637 385 668 fusior
416 635 587 675 explicatio
625 634 692 665 suis
726 634 803 665 locis
837 639 950 674 postea
985 640 1146 674 sequetur.

179 681 327 711 Primum
347 678 520 710 discrimen
541 687 628 708 nunc
647 676 781 713 ostendi,
803 677 1012 717 temporalem
1026 677 1148 708 scilicet

179 723 279 754 fuisse
297 723 452 763 figuram:
477 721 551 760 quia
572 720 772 760 perpetuitas
792 730 857 750 non
878 720 939 751 nisi
960 720 990 750 in
1012 720 1147 752 veritate

179 765 362 806 quaerenda
380 769 437 795 est.
472 764 526 794 Ex
545 774 606 803 quo
626 763 788 799 discimus,
811 772 931 794 munus
950 761 1147 794 sacerdotale

180 819 244 840 non
265 808 362 839 fuisse
382 807 502 838 aMose
522 806 708 837 institutum
732 804 818 845 quod
841 815 968 845 semper
991 809 1146 842 maneret,

181 851 236 883 sed
271 851 352 891 quod
386 849 539 890 populum
582 848 735 889 dirigeret
768 848 807 879 ad
844 858 935 888 spem
971 848 1146 880 meliorem.

180 893 275 933 Quod
306 901 412 924 autem
444 892 482 923 de
513 903 547 923 re
578 892 648 932 ipsa
678 891 762 927 dixi,
794 890 832 921 :td
865 901 1017 930 personas
1049 891 1147 922 etiam

181 937 357 968 transferre
391 935 551 966 convenit.
603 934 697 966 Unus
732 938 859 964 tantum
894 933 954 964 sub
988 934 1058 974 lege
1087 934 1148 964 fuit

181 990 326 1012 summus
349 977 514 1015 sacerdos,
546 976 602 1008 sed
632 978 682 1008 cni
712 982 824 1018 postea
851 976 1035 1008 succederet
1064 987 1148 1008 unus

181 1034 221 1054 ex
246 1032 303 1053 suo
326 1031 458 1061 genere:
492 1021 567 1060 quia
591 1020 714 1051 scilicet
736 1030 847 1050 omnes
871 1025 963 1050 erant
989 1019 1147 1050 mortales,

181 1066 284 1096 Nemo
314 1064 430 1104 igitur,
462 1069 592 1103 praeter
622 1063 807 1098 Christum,
838 1061 973 1094 idoneus
1005 1073 1149 1102 unquam

180 1108 238 1139 fuit
273 1106 436 1138 sacerdos:
480 1107 554 1146 quia
594 1111 769 1146 perpetuus
803 1116 873 1136 esse
908 1115 1001 1136 nemo
1036 1105 1148 1144 potuit.

180 1150 274 1183 Unde
297 1150 434 1190 emergit
457 1149 548 1180 nobis
572 1148 752 1180 secundum
772 1148 956 1179 discrimen.
1003 1147 1149 1179 Tertium

181 1203 256 1224 vero
280 1193 312 1223 in
336 1193 405 1232 ipsa
429 1192 552 1223 Christi
576 1191 761 1229 divinitate,
783 1201 864 1231 quac
888 1191 962 1222 inde
986 1191 1149 1230 probatur,

180 1235 264 1277 quod
305 1235 455 1266 sacerdos
499 1234 677 1266 secundum
722 1233 869 1265 ordinem
911 1233 1150 1265 Melchisedech

180 1279 377 1319 principium
419 1288 483 1309 non
522 1278 628 1309 habet.
692 1276 804 1316 Neque
844 1276 930 1307 enim
971 1276 1151 1316 reperietur

180 1322 271 1362 origo
295 1321 550 1352 Melchisedech:
583 1320 637 1351 sed
669 1324 797 1350 tantum
828 1319 929 1350 semel
953 1330 988 1351 ac
1018 1325 1150 1360 repente

180 1364 371 1405 producitur
394 1365 426 1394 in
451 1364 603 1400 medium,
626 1374 662 1394 ac
686 1364 712 1394 si
737 1362 886 1402 delapsus
910 1367 995 1394 esset
1013 1373 1029 1393 e
1052 1362 1148 1394 coelo.

181 1407 344 1446 Quartum
379 1412 427 1438 est
461 1407 492 1437 in
527 1406 754 1438 coniunctione
785 1406 878 1446 regni
907 1412 938 1436 et
971 1405 1149 1437 sacerdotii.
1176 1408 1178 1415 ¹

181 1450 273 1481 Deus
296 1449 355 1481 sub
379 1450 450 1490 lege
473 1449 552 1480 alios
576 1460 644 1480 esse
668 1460 760 1488 reges
790 1449 907 1486 voluit,
939 1448 1017 1479 alios
1046 1458 1150 1479 saeer-

182 1493 282 1529 dotes,
307 1503 365 1523 nec
386 1493 435 1523 fas
459 1498 528 1523 erat
553 1503 672 1522 munus
696 1492 833 1522 alterum
857 1501 930 1522 cum
956 1491 1056 1522 altero
1076 1492 1151 1521 mis-

183 1547 264 1568 eere.
302 1536 399 1575 Atqui
425 1537 509 1575 regis
533 1535 627 1565 titulo
651 1540 787 1565 ornatur
810 1535 863 1574 qui
888 1534 1015 1565 futurus
1035 1533 1152 1564 dicitur

186 1621 241 1652 dos
266 1621 377 1661 legalis
402 1622 530 1652 nonnisi
555 1622 586 1652 in
611 1620 729 1651 visibili
750 1631 786 1652 ac
805 1620 950 1651 terrestri
970 1619 1152 1651 sanctuario

185 1675 291 1696 coram
316 1665 385 1695 Deo
411 1664 574 1704 apparuit:
600 1663 754 1695 Christus
778 1668 886 1694 autem
910 1663 1094 1703 penetravit
1117 1663 1151 1692 in

185 1708 297 1743 coelos,
318 1713 353 1738 ut
375 1709 458 1747 patri
478 1717 535 1738 nos
555 1707 695 1744 offerret,
714 1717 779 1737 non
801 1706 834 1736 in
851 1707 995 1737 externis
1008 1706 1152 1745 lapidum

186 1750 356 1791 symbolis,
388 1750 443 1781 sed
474 1761 508 1781 re
537 1751 622 1790 ipsa:
656 1750 730 1789 quia
759 1750 792 1780 in
824 1750 891 1789 ipso
922 1754 957 1779 ut
985 1749 1017 1779 in
1050 1748 1152 1788 capite

186 1800 316 1831 nostre,
350 1792 390 1823 ad
425 1793 531 1824 Deum
564 1803 675 1824 omnes
709 1792 899 1833 colligimur.
947 1790 1084 1824 Sextum
1119 1791 1153 1821 in

185 1836 330 1876 perfecta
360 1835 487 1868 Christi
523 1836 648 1866 institia
682 1835 781 1866 situm
817 1840 874 1866 est.

186 1879 343 1917 sacerdos,
367 1890 466 1919 quum
489 1884 573 1910 esset
597 1889 682 1910 unus
706 1889 745 1909 ex
771 1877 1000 1918 peccatoribus,
1024 1887 1155 1908 necesse

186 1922 324 1953 habebat
348 1933 404 1962 pro
429 1933 462 1953 se
486 1922 554 1961 ipso
579 1921 755 1961 deprecari.
802 1921 954 1952 Christus
982 1925 1092 1951 autem
1116 1918 1154 1949 ab

187 1965 273 1995 omni
308 1966 402 2005 eulpa
435 1965 591 1996 immunis
626 1965 765 2005 gratiam
799 1963 890 1995 nobis
927 1974 984 1995 sua
1013 1963 1154 2003 puritate

187 2007 345 2039 conciliat.
393 2007 587 2047 Septimum,
612 2007 695 2047 quod
719 2007 758 2038 ab
782 2007 926 2038 externis
950 2007 1061 2046 figuris
1085 2016 1155 2036 mu—

188 2056 298 2082 tuatus
323 2057 369 2081 est
393 2050 541 2081 sacerdos
564 2060 647 2090 quae
667 2051 698 2080 in
720 2050 851 2081 Christo
875 2060 951 2080 vere
975 2054 1006 2079 et
1030 2060 1063 2079 re
1087 2048 1156 2087 ipsa

188 2099 263 2124 sunt
297 2093 450 2124 exhibita.
504 2093 621 2124 Vestes
656 2103 765 2124 sacrae
789 2092 838 2133 (ut
868 2103 973 2132 nuper
1002 2090 1156 2131 diximus)

188 2136 308 2176 aliquid
344 2136 515 2176 plusquam
557 2136 737 2167 humanum
778 2136 1005 2175 designarunt:
1048 2134 1155 2165 unctio

188 2186 302 2216 etlam,
331 2180 463 2219 spiritus
496 2179 550 2219 qni
588 2179 621 2209 in
652 2179 784 2210 Christo
820 2178 939 2209 residet
973 2176 1183 2217 symbolumg

188 2222 262 2252 fuit:
293 2221 425 2261 ideoque
458 2233 521 2253 non
545 2227 681 2253 externo
705 2228 737 2252 et
766 2221 966 2261 corruptibili
990 2221 1058 2251 oleo
1081 2230 1156 2251 con-

189 2271 332 2295 secratus
357 2272 413 2302 est,
436 2265 491 2296 sed
515 2266 659 2295 omnium
682 2264 839 2295 donorum
864 2262 1075 2304 plenitudine.
1106 2261 1156 2292 Ab

191 2308 299 2338 uxoris
322 2307 533 2339 contubernio
565 2308 722 2339 abstinuit
754 2314 848 2338 vetus
877 2305 1026 2338 sacerdos
1058 2315 1156 2345 quum

191 2351 410 2381 sanctuarium
435 2351 686 2391 ingrediebatur.

191 2394 298 2432 ginem
323 2392 439 2424 ducere
463 2394 569 2424 licuit:
603 2394 744 2433 perfecta
772 2399 804 2424 et
833 2392 1012 2433 spiritualis
1036 2389 1158 2423 Christi

191 2436 366 2467 mundities
390 2449 422 2467 se
447 2437 515 2476 ipsa
540 2442 693 2468 contenta
717 2442 774 2467 est.
820 2436 1026 2467 Postremum
1051 2433 1160 2464 discri-

191 2488 265 2508 men
302 2479 334 2508 in
371 2480 445 2518 ipsis
480 2479 645 2511 sacrificiis
681 2478 718 2510 de
753 2479 868 2519 quibus
904 2479 937 2509 in
977 2476 1159 2517 praesentia

192 2520 319 2560 longius
345 2521 501 2553 disserere
525 2521 734 2562 supersedeo:
757 2522 832 2561 quia
855 2521 1020 2562 proprium
1045 2517 1159 2549 deinde

194 2563 296 2593 Iocum
317 2564 487 2596 habebunt.
524 2565 595 2596 Hoc
615 2576 699 2596 nunc
720 2564 894 2595 tenendum
915 2568 972 2601 est,
992 2563 1159 2594 Christum
1185 2573 1186 2583 ¹

195 2617 257 2635 non
294 2606 449 2645 pecudum
485 2608 658 2647 sangnine,
697 2607 751 2638 sed
787 2619 844 2638 sno
878 2607 978 2646 ipsius
1014 2605 1159 2644 expiasse

194 2649 305 2679 mundi
331 2658 468 2688 peecata.
515 2651 609 2682 Nunc
634 2650 673 2681 ad
699 2651 797 2682 verba
822 2650 931 2681 Mosis.

873 198 1126 231 SECUNDUM
1150 200 1472 236 PRAECEPTUM.

926 1834 1010 1866 Nam
1041 1833 1153 1874 legalis
1179 1847 1180 1852 ¹

1179 1883 1181 1910 ζ
1207 1882 1316 1907 tamen
1340 1877 1410 1917 pari
1434 1875 1555 1907 honore
1570 1886 1634 1906 nou
1657 1876 1819 1916 dignatur.

2107 205 2170 236 428

1288 296 1314 326 1.
1342 296 1390 326 Tu
1412 305 1481 326 vero
1503 304 1620 326 accerse
1642 295 1684 326 ad
1703 297 1730 326 te
1748 294 1935 327 Aharonem.
1978 296 2041 328 Hic
2064 308 2171 329 sacer-

1201 337 1288 369 dotio
1301 338 1488 369 conciliatur
1507 337 1647 377 pretium
1667 342 1699 367 et
1719 337 1861 378 dignitas
1880 349 1898 368 a
1912 339 1973 369 Dei
1993 341 2171 372 vocatione.

1201 380 1297 418 Quod
1327 381 1423 411 etiam
1453 380 1550 419 probe
1580 379 1732 419 expendit
1763 381 1927 419 apostolus
1961 381 2013 412 his
2046 383 2168 414 verbis:

1200 423 1303 453 Nemo
1327 423 1387 454 sibi
1413 426 1550 461 usurpat
1580 421 1751 459 honorem,
1783 423 1837 453 sed
1871 424 1924 462 qui
1956 428 2087 455 vocatus
2110 430 2168 464 est,

1201 470 1237 496 ut
1272 466 1405 496 Aharon
1439 464 1553 505 (Hebr.
1589 464 1617 499 5.
1649 464 1691 505 4).
1745 464 1842 504 Apud
1872 470 1987 506 gentes
2017 467 2170 507 profanas

1200 508 1364 548 suffragiis
1384 507 1483 538 creati
1502 512 1580 538 sunt
1598 506 1790 544 sacerdotes,
1811 513 1846 538 ut
1865 508 1932 539 sola
1950 509 2016 541 illic
2036 509 2170 542 ambitio

1200 554 1361 590 regnaret.
1398 551 1486 581 Deus
1505 557 1613 580 autem
1633 560 1687 580 eos
1711 549 1841 581 demum
1861 551 2024 591 legitimos
2046 553 2171 584 censeri

1203 593 1303 624 voluit
1327 603 1405 633 quos
1429 603 1485 623 suo
1516 593 1613 623 unius
1644 591 1776 623 arbitrio
1807 593 1968 634 elegisset.
2013 595 2061 626 Ac
2085 600 2170 626 certe

1201 646 1264 666 non
1300 635 1361 666 fuit
1396 646 1492 675 penes
1524 640 1627 665 totum
1660 635 1837 666 humanum
1868 646 1971 674 genus
1997 636 2170 669 obtrudere

1200 679 1341 718 aliquem
1362 679 1439 715 Deo,
1464 678 1517 718 qui
1537 688 1570 708 se
1589 677 1628 708 ad
1654 678 1782 708 veniam
1806 684 1838 709 et
1861 689 1974 718 pacem
1991 680 2170 720 impetran-

1201 721 1274 752 dam
1299 721 1477 761 ingereret,
1502 720 1566 751 imo
1592 730 1630 750 ne
1654 720 1807 752 Christus
1837 721 1966 761 quidem
1997 722 2037 753 ad
2060 722 2170 754 Deum

1200 763 1394 804 placandum
1429 763 1562 794 idoneus
1596 762 1727 800 fuisset,
1770 764 1832 795 nisi
1868 775 1986 796 munus
2019 765 2171 797 subiisset

1202 807 1302 846 patris
1326 806 1452 837 decreto
1475 806 1535 837 sibi
1555 806 1753 845 impositum.
1789 806 1863 845 Quo
1882 809 2023 847 pertinet
2046 808 2171 840 celebre

1201 849 1280 880 illud
1311 849 1549 885 iusiurandum,
1580 859 1642 888 quo
1673 855 1766 889 pater
1794 850 1942 881 coelestis
1971 851 2171 882 sacerdotem

1200 892 1307 931 ipsum
1327 892 1503 923 constitnit.
1540 892 1587 922 Ac
1607 896 1697 922 tanto
1717 891 1846 931 quidem
1866 892 1990 924 foedius
2014 898 2046 923 et
2068 894 2172 934 magis

1202 935 1392 966 detestabile
1415 934 1477 965 frit
1500 934 1705 974 sacrilegium
1735 935 1819 974 quod
1850 940 1960 974 postea
1987 942 2172 976 grassatum

1202 982 1251 1009 est
1283 978 1318 1008 in
1353 983 1446 1017 gente
1480 977 1626 1015 Iudaica⁷
1668 982 1703 1007 ut
1736 977 1951 1009 sacerdotium
1987 984 2173 1010 coemerent

1202 1021 1324 1060 posteri
1347 1020 1491 1051 Aharon.
1539 1020 1582 1050 Et
1610 1020 1666 1050 illa
1696 1030 1779 1059 quae
1809 1031 1827 1051 a
1849 1020 1989 1061 Iosepho
2019 1026 2172 1053 narratur

1203 1069 1269 1094 tam
1304 1062 1437 1103 indigna
1465 1063 1675 1099 nundinatio,
1705 1062 1872 1094 horrorem
1904 1064 1995 1095 nobis
2024 1064 2172 1096 incutere

1203 1106 1297 1137 hodie
1328 1107 1436 1143 debet,
1472 1105 1547 1136 dum
1579 1105 1726 1136 videmus
1750 1115 1877 1137 sacrum
1900 1106 1993 1137 illum
2017 1107 2173 1138 honorem

1203 1150 1406 1188 profanatum
1431 1149 1529 1180 fuisse
1553 1148 1591 1179 ab
1616 1159 1653 1179 ea
1676 1148 1815 1187 familia,
1838 1159 1920 1189 quae
1943 1149 1983 1180 ad
2007 1149 2173 1181 obeundas

1203 1191 1326 1222 Christi
1351 1192 1435 1222 vices
1459 1191 1614 1222 divinitus
1639 1191 1740 1222 electa
1763 1196 1841 1222 erat.
1883 1192 1985 1223 Porro
2010 1197 2172 1233 utcunque

1203 1234 1255 1265 ius
1277 1244 1373 1264 omne
1397 1239 1428 1264 et
1452 1234 1498 1265 fas
1521 1234 1714 1270 everterint,
1739 1235 1829 1265 stetit
1852 1238 1960 1266 tamen
1985 1235 2172 1267 inviolabile

1204 1276 1267 1307 Dei
1291 1277 1474 1308 consilium:
1500 1281 1536 1307 ut
1559 1277 1680 1308 scirent
1702 1277 1812 1308 fideles
1834 1277 2048 1309 sacerdotium
2071 1288 2090 1309 a
2108 1277 2173 1310 Dei

1204 1320 1377 1351 autoritate
1401 1319 1548 1359 pendere,
1573 1319 1666 1350 sicut-i
1685 1330 1703 1349 a
1727 1330 1816 1350 mera
1838 1321 1908 1352 eius
1932 1321 2037 1361 gratia
2059 1325 2173 1352 manat

1205 1362 1429 1394 reconciliatio.
1466 1362 1548 1393 Nam
1574 1369 1608 1392 ut
1632 1362 1817 1394 hominibus
1841 1363 2039 1394 sacerdotem
2063 1373 2173 1394 creare

1204 1406 1314 1442 liceat,
1348 1416 1477 1436 necesse
1501 1406 1561 1436 erit
1584 1405 1649 1436 suis
1674 1406 1797 1437 meritis
1821 1405 1929 1436 Deum
1953 1410 2172 1438 antevertere:

1204 1459 1223 1479 a
1253 1458 1315 1488 quo
1346 1448 1533 1488 longissime
1567 1447 1693 1479 absunt.
1753 1448 1791 1479 In
1827 1448 1985 1489 eligendis
2020 1449 2173 1480 ccclesiae

1206 1490 1385 1531 pastoribus
1414 1491 1477 1521 alia
1508 1495 1556 1522 est
1584 1491 1683 1521 ratio:
1722 1492 1797 1531 quia
1828 1497 1996 1531 postquam
2025 1491 2173 1523 ordinem

1177 1558 1179 1573 ι
1205 1535 1311 1573 ipsum
1335 1533 1486 1565 Christus
1508 1534 1658 1571 instituit,
1682 1533 1722 1564 ab
1745 1534 1878 1565 ecclesia
1901 1535 1996 1566 iussit
2019 1535 2094 1575 eligi
2118 1534 2173 1574 qui

184 1579 331 1610 sacerdos
351 1579 454 1610 instar
467 1578 716 1609 Melchisedech.
752 1576 923 1616 Quintum,
947 1577 1031 1617 quod
1051 1586 1153 1607 sacer·
1177 1575 1179 1580 “

1206 1577 1351 1608 doctrina
1384 1583 1416 1607 ct
1445 1577 1529 1608 vitae
1559 1577 1743 1616 integritate
1773 1577 1812 1607 ad
1837 1577 1895 1609 hoc
1920 1588 2039 1609 munus
2062 1588 2175 1618 geren-

1206 1619 1282 1651 dum
1312 1619 1419 1650 idonei
1447 1623 1563 1650 essent.
1610 1619 1805 1659 Quanquam
1836 1619 1895 1651 hoc
1919 1620 2012 1652 modo
2032 1631 2097 1651 non
2124 1631 2174 1651 re-

1206 1664 1314 1703 signat
1337 1663 1386 1693 ius
1409 1672 1504 1693 suum
1527 1667 1558 1693 et
1581 1667 1772 1702 potestatem
1792 1662 1987 1702 hominibus,
2010 1663 2086 1703 quia
2108 1673 2175 1694 non

1207 1704 1324 1736 desinit
1347 1706 1443 1736 etiam
1475 1716 1532 1744 per
1561 1705 1647 1744 ipsos
1671 1716 1795 1736 vocare.
1847 1706 1937 1747 Ergo
1961 1711 1997 1737 ut
2019 1705 2111 1737 Deus
2141 1716 2175 1737 se

1178 1755 1180 1784 ἢ
1207 1747 1318 1780 deceat
1352 1748 1485 1779 unicum
1519 1758 1588 1778 esse
1622 1748 1793 1779 sacerdotii
1826 1754 1981 1787 autorem,
2015 1748 2175 1789 praecipit

1207 1791 1341 1822 Aharon
1372 1795 1404 1821 et
1432 1791 1499 1821 eius
1535 1790 1616 1821 filios
1640 1790 1699 1821 sibi
1723 1792 1867 1830 separari
1890 1802 1930 1823 ex
1953 1791 2089 1823 aliorum
2113 1801 2175 1822 nu-

1207 1844 1306 1865 mero.
1362 1833 1492 1864 Interea
1527 1833 1610 1864 Mosi
1646 1838 1753 1873 partes
1788 1834 1865 1866 istas
1899 1834 2048 1871 mandat,
2080 1844 2176 1874 quem

1865 1877 2043 1909 Consecrat
2065 1877 2176 1909 Moses

1208 1920 1351 1955 Aharon,
1376 1930 1474 1959 quum
1499 1924 1608 1949 tamen
1628 1929 1794 1959 nunquam
1809 1919 1876 1959 ipse
1889 1920 1958 1951 oleo
1978 1926 2035 1951 aut
2053 1920 2176 1951 vestitu

733 2350 894 2387 Uxorem,
920 2360 983 2380 non
1008 2348 1068 2379 nisi
1094 2347 1156 2378 vir·
1183 2357 1184 2365 ¹

1206 1963 1419 2003 inauguratus
1449 1961 1544 1992 fuerit
1575 1961 1615 1992 ad
1639 1961 1701 1992 Dei
1724 1962 1855 1994 cultum.
1901 1962 1996 1994 Unde
2020 1962 2175 2003 perspici-

1208 2016 1296 2041 mus,
1331 2011 1533 2036 sacramenta
1556 2004 1623 2035 vim
1647 2015 1739 2035 suam
1763 2010 1794 2035 et
1817 2006 1968 2037 effectum
1992 2016 2056 2036 non
2079 2015 2097 2035 a
2115 2005 2176 2036 mi-

1209 2049 1303 2079 nistri
1327 2048 1457 2084 virtute,
1482 2047 1537 2078 sed
1562 2058 1579 2078 a
1602 2047 1667 2078 solo
1693 2048 1753 2078 Dei
1776 2048 1929 2079 mandato
1951 2048 2078 2079 habere.
2112 2048 2176 2078 Ne-

1209 2102 1270 2130 que
1300 2091 1387 2121 enim
1419 2089 1560 2120 dedisset
1589 2090 1660 2120 aliis
1692 2091 1797 2122 Moses
1829 2090 1913 2130 quod
1938 2102 2001 2122 non
2026 2090 2175 2128 habebat,

1209 2135 1271 2165 nisi
1296 2134 1340 2164 ita
1365 2134 1433 2163 Deo
1458 2133 1637 2172 placuisset.

1295 2176 1322 2206 2.
1358 2175 1401 2206 Ec
1428 2175 1525 2215 facies
1552 2178 1648 2207 vestes
1680 2185 1799 2207 sacras.
1852 2174 1999 2207 Ornatus
2034 2176 2176 2207 exterior

1211 2220 1277 2250 veri
1301 2224 1332 2249 et
1355 2218 1531 2258 spiritualis
1556 2218 1714 2249 defectum
1735 2219 1868 2249 notavit.
1915 2218 1999 2249 Nam
2023 2219 2049 2250 si
2073 2218 2176 2249 omni-

1210 2262 1268 2293 bus
1293 2262 1495 2301 perfectionis
1527 2261 1671 2291 numeris
1695 2262 1859 2292 absolutus
1882 2261 1994 2292 fuisset
2016 2261 2175 2299 sacerdos,

1182 2301 1184 2332 l
1210 2315 1410 2345 supervacua
1450 2307 1520 2334 crat
1565 2304 1745 2335 umbratilis
1790 2305 1938 2335 accessio.
2001 2304 2175 2335 Caeterum

1210 2347 1379 2379 ostendere
1416 2346 1516 2377 voluit
1540 2346 1628 2377 Deus
1660 2346 1719 2378 hoc
1749 2347 1895 2387 symbolo
1926 2346 2095 2387 plusquam
2119 2358 2177 2378 an·

1210 2391 1349 2431 gelicum
1392 2390 1550 2420 virtutum
1591 2390 1735 2420 omnium
1781 2389 2000 2429 splendorem,
2045 2390 2101 2430 qui
2142 2390 2178 2420 in

1212 2434 1343 2464 Christo
1367 2432 1569 2463 exhibendus
1594 2439 1670 2462 erat.
1717 2433 1862 2472 Propriis
1894 2432 2042 2463 sordibus
2071 2432 2177 2472 inqui—

1212 2481 1307 2506 natus
1332 2485 1400 2506 erat
1423 2475 1566 2513 Aharou,
1592 2475 1726 2514 ideoque
1749 2475 1903 2515 indignus
1927 2476 1980 2515 qui
2005 2486 2038 2506 se
2062 2477 2095 2506 in
2118 2474 2178 2506 Dei

1212 2525 1418 2558 conspectum
1441 2519 1578 2549 sisteret.
1605 2519 1691 2558 Ergo
1711 2524 1745 2549 ut
1765 2519 1869 2549 iustus
1889 2524 1973 2549 essct
1993 2519 2180 2550 conciliator

1185 2591 1187 2604 ‚
1211 2561 1273 2592 Dei
1298 2567 1328 2592 et
1355 2561 1531 2598 hominum,
1556 2566 1673 2591 exutus
1692 2562 1856 2593 communi
1877 2561 1998 2599 habitu,
2024 2566 2179 2601 tanquam

1185 2610 1187 2635 l
1213 2615 1316 2635 novus
1347 2604 1442 2634 honio
1471 2603 1626 2643 prodibat.
1678 2605 1778 2635 Sacer
1806 2605 1914 2644 itaque
1949 2605 2085 2635 vestitus
2113 2603 2179 2644 pri-

1185 2640 1187 2685 l
1213 2658 1301 2678 mum
1326 2646 1365 2678 ad
1390 2647 1468 2677 vitia
1492 2646 1644 2687 tegenda,
1677 2646 1792 2677 deinde
1822 2646 1861 2677 ad
1891 2647 2180 2679 demonstrandum
