2304 3034
156 210 215 241 267

158 302 295 342 multo')
319 299 468 332 deterius,
493 297 577 336 quod
602 297 764 336 perversis
788 296 890 326 modis
914 307 965 326 res
984 296 1124 327 occultas
1150 302 1151 306 ’

159 345 328 385 exquirere
350 347 526 372 tentarunt.
572 339 766 370 Videbimus
791 338 885 378 paulo
909 344 989 378 post,
1017 338 1123 369 Deum

159 397 283 429 quoque
308 396 357 416 res
381 384 505 414 futuras
529 382 729 422 praedixisse
748 392 805 421 per
827 391 938 412 servos
963 392 1045 418 suos,
1070 381 1124 412 sed

161 429 288 463 nonnisi
302 432 459 467 quatenus
473 424 627 464 expedire
641 430 784 459 noverat,
810 434 846 454 ac
861 429 987 454 tantum
1001 434 1037 454 eo
1050 434 1124 454 eon-

160 474 237 507 51110,
263 477 294 501 111
316 469 421 509 palam
445 470 578 505 faceret,
608 467 803 507 peculiarem
828 477 861 497 se
891 477 1001 497 curam
1026 467 1125 498 ecele-

159 517 225 548 siae
245 523 364 554 gerere.
413 511 512 551 Atqui
537 518 570 540 111
591 510 783 541 insatiabilis
807 516 855 540 est
880 509 1047 540 hominum
1072 520 1125 540 cu-

159 558 300 591 riositas,
331 565 395 585 non
425 554 599 593 respiciunt
622 553 696 592 quid
721 553 780 583 sibi
807 553 886 582 utile
910 553 968 582 sit:
993 551 1048 582 sed
1070 563 1124 583 ex-

159 600 264 640 emplo
289 597 378 629 Adae
402 597 514 627 volunt
538 606 607 626 esse
632 595 692 626 diis
716 595 847 632 similes,
871 602 901 625 et
926 595 1034 625 omnia
1057 596 1126 626 5106

160 642 348 681 exceptione
379 640 468 670 seire.
522 638 630 677 Quum
662 644 727 669 tam
762 638 917 678 improbis
952 638 1034 668 votis
1062 648 1125 668 non

159 685 325 725 indulgeat
357 683 454 717 Deus,
486 692 519 713 se
551 681 590 711 ad
620 681 784 712 diabolum
819 686 943 720 patrem
969 680 1125 711 mendacii

160 729 373 759 transferunt:
405 726 463 756 sub
495 724 600 755 fallaci
633 730 741 754 tamen
772 724 911 754 nominis
942 722 1003 754 Dei
1035 733 1125 763 prae-

158 778 265 805 textu,
298 774 332 800 ut
363 768 484 799 dietum
516 773 572 798 051.
619 766 710 797 Haec
741 772 786 797 tot
818 766 1001 797 vanitatum
1026 767 1125 806 origo,

157 814 273 855 quibus
296 821 423 850 semper
446 810 586 841 mundus
611 810 671 840 fuit
694 810 879 849 implicitus.
905 809 975 839 Iam
995 809 1035 839 ad
1055 819 1125 848 spe-

158 859 222 889 cies
246 853 411 886 descendo.

246 899 292 929 16.
321 897 391 927 Non.
414 896 587 926 invenietur
604 896 636 926 ‘in
661 896 760 926 medio
782 895 837 925 tui.
877 894 1052 925 Horribilis
1076 894 1127 925 hic

159 944 248 974 furor
271 952 306 971 ac
330 940 462 970 omnino
486 938 705 978 prodigiosus,
739 948 800 977 quo
831 937 1037 968 dementatae
1061 938 1126 968 fue-

159 994 232 1017 rant
256 988 378 1024 gentes,
401 981 540 1012 Iudaeos
562 992 687 1021 quoque
707 987 818 1020 postea
841 980 970 1019 invasit,
990 986 1027 1010 ut
1047 979 1128 1011 filios

159 1028 367 1060 immolarent
401 1030 495 1064 atque
529 1025 626 1055 etiam
656 1025 883 1055 comburerent
910 1023 942 1053 in
972 1023 1127 1054 honorem

160 1072 292 1102 deorum
322 1068 437 1108 quibus
468 1078 502 1097 se
533 1067 734 1097 addixerant.
785 1066 978 1106 Quanquam
1014 1066 1128 1106 proba-

160 1114 222 1145 bile
247 1118 304 1147 est,
325 1111 441 1141 bonam
466 1116 591 1149 partem
616 1120 680 1140 non
704 1110 865 1140 exarsisse
885 1115 975 1139 tanta
994 1108 1129 1139 vesania

161 1156 215 1188 sed
240 1154 469 1194 superstitione
494 1153 598 1183 levius
622 1163 691 1183 esse
715 1152 891 1190 defunctos,
922 1162 1021 1191 quum
1045 1151 1128 1182 seili—

161 1204 210 1230 cet
240 1198 357 1228 liberos
388 1206 463 1227 suos
487 1200 613 1226 tantum
646 1206 703 1235 per
733 1196 898 1226 flammam
932 1195 1127 1226 traiicerent.

162 1243 231 1273 Hoc
260 1241 324 1271 illis
353 1240 410 1270 fuit
441 1238 642 1269 lustrationis
674 1249 776 1278 genus
807 1238 846 1268 ad
878 1248 990 1268 omncs
1019 1237 1129 1268 sordes

161 1284 346 1324 expiandas.
391 1281 456 1312 Sed
480 1281 601 1312 multos
625 1281 664 1312 ad
689 1281 916 1312 mactationem
943 1291 1044 1320 usqne
1070 1281 1128 1310 im-

160 1328 245 1368 pulit
263 1325 400 1358 crudelis
423 1324 478 1355 ille
502 1324 599 1360 zelus,
624 1328 659 1354 ut
682 1335 723 1355 ne
746 1323 875 1363 proprio
902 1323 1030 1363 quidem
1055 1334 1128 1354 san-

162 1371 251 1411 guini
276 1372 455 1409 parcerent.
486 1367 526 1397 In
551 1378 613 1407 quo
637 1374 743 1398 tamen
771 1367 921 1397 Abrahae
944 1366 1128 1406 exemplum

162 1412 334 1449 iactabant,
359 1422 394 1442 ae
413 1411 439 1441 si
459 1410 633 1450 quidquam
653 1415 738 1441 esset
756 1410 861 1440 simile
880 1410 966 1440 inter
984 1409 1131 1440 obedien—

162 1457 241 1487 tiam
266 1454 366 1486 sancti
392 1454 462 1489 viri,
487 1454 539 1492 qni
565 1460 739 1492 praeeunte
761 1452 821 1483 Dei
847 1453 1008 1489 mandato,
1028 1452 1130 1482 filium

164 1510 256 1530 5110111
282 1498 372 1528 Isaac
395 1496 563 1526 immolare
587 1502 717 1535 paratus
742 1497 815 1531 fnit,
847 1500 878 1525 ct
900 1496 986 1526 inter
1017 1494 1128 1525 barba·

164 1553 236 1573 rum
267 1540 376 1580 populi
407 1540 581 1578 impetum,
619 1539 673 1578 qui
702 1544 835 1569 vetante
869 1543 900 1569 ct
934 1538 1130 1569 reclamante

164 1586 234 1617 Deo
258 1583 375 1614 liberos
399 1593 472 1613 snos
496 1582 666 1621 iugulavit.
714 1581 887 1612 Caeterum
919 1582 951 1611 in
984 1581 1042 1611 1100
1066 1587 1129 1610 tam

164 1627 256 1659 foedo
280 1625 460 1666 spectaculo
481 1625 627 1655 videmus
651 1630 771 1665 quanto
795 1625 961 1655 ardentius
984 1624 1131 1654 ferantur

165 1671 313 1701 homines
346 1669 383 1699 ad
419 1668 535 1708 impios
565 1667 671 1698 cultus
704 1678 785 1707 (11105
816 1668 879 1698 11115
911 1667 1045 1698 dictavit
1073 1676 1131 1697 sua

165 1713 341 1749 temeritas,
366 1722 460 1751 qnam
488 1710 527 1741 ad
557 1710 700 1741 studium
732 1711 792 1740 rite
821 1710 944 1741 colendi
978 1710 1051 1745 Dei,
1077 1708 1131 1739 ubi

165 1757 272 1797 palam
304 1761 335 1785 et
366 1755 483 1785 diserte
515 1754 669 1793 praecipit
693 1753 768 1793 quid
793 1759 915 1784 rectum
947 1754 997 1784 sit.
1044 1752 1132 1782 Haec

165 1798 293 1839 quidem
317 1798 421 1837 prima
446 1802 616 1836 parentum
642 1807 717 1827 eura
741 1806 810 1827 esse
834 1795 929 1827 debet
952 1802 987 1827 ut
1016 1795 1132 1825 liberos

166 1852 241 1873 suos
267 1842 334 1871 Deo
358 1846 560 1870 consecrent:
585 1840 639 1870 sed
671 1840 783 1870 unicus
807 1838 892 1878 apud
912 1839 1049 1869 Iudaeos
1072 1838 1131 1868 ini-

167 1884 267 1915 tiandi
302 1884 382 1914 ritus
421 1884 480 1912 fuit
519 1882 735 1919 circumcisio,
770 1892 832 1922 qno
863 1888 1031 1913 contentos
1063 1891 1131 1911 esse

166 1927 316 1967 oportuit.
384 1926 543 1956 Recensct
585 1925 700 1955 deinde
745 1925 851 1956 Moses
893 1924 1131 1955 divinat-ionum

168 1971 299 2010 speeies,
324 1969 441 2008 quibus
466 1969 617 2007 profanae
640 1974 753 2008 gentes
778 1967 903 1998 deditae
928 1968 1066 2003 fuerunt,
1099 1972 1133 1996 ut

167 2013 299 2044 stultam
334 2012 406 2051 plus
434 2022 527 2050 quam
568 2012 614 2041 fas
649 2017 733 2041 esset
768 2010 888 2041 sciendi
923 2010 1132 2050 cupiditatem

167 2056 345 2096 explerent.
393 2054 589 2093 Quanquam
619 2065 683 2084 non
715 2054 861 2093 improbo
893 2053 977 2093 qnod
1001 2053 1132 2092 quibus·

167 2099 239 2129 dam
271 2099 389 2138 placet,
423 2098 526 2137 primo
562 2097 628 2128 loco
659 2108 761 2136 genus
797 2097 892 2136 poni,
927 2095 1042 2127 deinde
1078 2095 1132 2125 ad-

168 2142 257 2181 iungi
282 2146 397 2181 partes.
431 2140 468 2170 In
493 2140 609 2180 quibus
634 2140 834 2179 explicandis
860 2139 964 2169 brevis
988 2149 1050 2175 ero⁷
1076 2148 1133 2168 nec

168 2183 348 2215 refutandis
373 2183 510 2222 singulis
534 2183 740 2222 opinionibus
764 2183 924 2213 insistam:
956 2182 1015 2212 etsi
1039 2191 1132 2220 quos-

169 2227 241 2257 dam
272 2227 367 2256 ctiam
399 2237 439 2256 ex
473 2225 627 2256 stabbinis
661 2236 768 2256 erasse
793 2225 985 2256 hallucinari
1010 2230 1132 2255 eertum

170 2277 225 2300 est.
251 2277 329 2310 ww:
356 2268 492 2299 libenter
516 2269 634 2308 recipio
659 2267 832 2299 deductum
857 2279 925 2299 csse
948 2278 966 2298 a
986 2267 1132 2302 nubibus,

170 2312 303 2351 1116011110
327 2322 384 2351 pro
408 2311 586 2351 auguribus
612 2311 660 2341 vel
687 2321 743 2350 pro
768 2311 938 2349 astrologis
958 2309 1134 2340 iudiciariis

172 2356 270 2394 accipi
299 2361 552 2385 consentaneum
584 2360 641 2384 cst.
685 2355 772 2384 Sunt
795 2354 848 2393 (1111
875 2353 1013 2384 radicem
1038 2352 1134 2382 huius

173 2399 257 2428 vocis
277 2409 346 2429 esse
360 2398 487 2427 malunt
499 2404 564 2439 11)·ΐέ
579 2397 661 2436 110011
676 2397 779 2427 10011111
795 2397 953 2427 Hebraeis
966 2396 1134 2435 significat.

174 2442 277 2480 Atque
303 2441 381 2471 haee
405 2440 599 2480 etymologia
623 2451 687 2470 non
712 2440 795 2470 male
819 2440 992 2479 quadraret
1021 2437 1135 2468 sanati-

172 2484 225 2517 (·15,
249 2484 300 2522 qui
326 2494 364 2514 ex
390 2490 550 2513 astrorum
575 2483 638 2513 situ
662 2484 769 2513 onmia
794 2482 955 2512 divinant:
980 2481 1052 2520 quia
1072 2487 1136 2509 tam

173 2526 309 2565 planetis
332 2536 426 2565 qnam
448 2526 548 2565 signis
567 2525 686 2556 zodiaci
707 2526 860 2555 stationes
880 2536 954 2555 suas
971 2523 1139 2563 assignant-

174 2568 211 2598 ad
239 2576 366 2599 mutuos
391 2575 564 2608 respectus.
612 2569 681 2599 1100
705 2568 831 2608 quidem
858 2567 954 2607 probe
978 2566 1137 2601 convenit,

261 2662 287 2693 1)
309 2663 435 2694 l’rinmps·
444 2673 450 2685 :
471 2662 561 2686 nihilo.

888 202 1073 233 PRIMUM
1098 202 1419 234 PRAEOEPTUM.

2083 202 2145 233 268

1178 302 1244 326 tam
1270 297 1406 336 auguria
1430 296 1488 326 hoc
1513 296 1596 332 loeo,
1632 306 1726 334 quam
1752 295 1884 325 frivolas
1909 300 2067 327 astrorum
2092 300 2146 330 ob-

1178 339 1377 369 servationes
1402 338 1562 369 damnari:
1589 338 1667 368 dum
1691 337 1811 369 seilicet
1840 337 1988 369 homines
2010 349 2144 380 praepo-

1178 387 1264 412 sterc
1287 382 1422 418 curiosi,
1455 382 1549 411 astris
1580 380 1757 411 subiiciunt
1779 391 1891 411 omnes
1918 391 2024 411 rerum
2049 394 2145 416 even-

1179 430 1239 455 tus.
1277 424 1404 455 Nomen
1432 430 1522 456 wmn
1543 423 1625 462 quod
1650 423 1805 462 sequitur,
1831 422 1977 453 divinum
1997 425 2047 455 vel
2067 427 2145 458 ario-

1178 467 1244 497 lum
1270 467 1445 507 significat:
1477 466 1561 506 quod
1592 466 1670 496 satis
1701 466 1802 505 liquet
1825 476 1864 496 ex
1888 466 1930 496 44
1952 467 2055 506 capite
2079 469 2145 501 Ge-

1179 520 1309 547 neseos,
1342 510 1395 540 ubi
1420 509 1535 548 Ioseph
1560 519 1594 539 se
1617 509 1648 539 in
1674 508 1796 548 scypho
1820 507 1981 540 divinasse
2005 510 2144 550 simulat,

1179 553 1252 592 quia
1277 552 1373 592 vulgo
1397 552 1556 592 putabant
1576 557 1644 581 arte
1665 551 1860 582 vaticinandi
1881 552 2072 591 praeditum.
2098 556 2146 585 Ac

1179 606 1295 626 nomen
1330 595 1426 625 etiam
1469 595 1544 625 hinc
1587 594 1791 633 serpentibus
1833 593 1969 625 inditum
2017 603 2146 636 propter

1179 639 1340 669 astutiam.
1372 644 1466 682 ηῐυὶῑῡ
1489 637 1618 676 quidam
1641 637 1900 675 interpretantur
1923 638 2146 678 praestigiato-

1180 691 1256 717 rem,
1283 681 1336 720 qui
1360 680 1470 711 oculos
1494 680 1627 719 spectris
1650 680 1782 710 obiectis
1806 681 2013 720 perstringat,
2037 691 2073 712 ac
2092 681 2146 713 de-

1178 723 1277 754 ludat.
1325 723 1479 763 Sequitur
1504 723 1669 762 quintum,
1705 721 1789 761 quod
1814 722 1970 754 vertimus
1989 723 2147 765 colligans

1179 766 1415 806 colligationes:
1452 776 1513 805 quo
1538 765 1684 795 nonnulli
1708 764 1896 805 intelligunt
1918 765 2145 806 incantatores,

1179 809 1233 848 qui
1258 809 1392 849 magieis
1415 809 1539 839 artibus
1570 813 1689 844 cogunt
1716 814 1882 847 serpentes
1905 808 1937 839 in
1967 819 2069 840 unum
2099 810 2147 841 lo-

1179 863 1261 883 cum.
1318 851 1411 890 Quod
1458 862 1528 881 ineo
1572 851 1689 882 iudicio
1735 851 1891 890 frigidum
1930 856 1995 882 est:
2037 853 2147 893 itaque

1179 895 1250 925 aliis
1274 895 1379 934 potius
1403 894 1571 930 assentior,
1596 894 1651 933 qui
1676 894 1780 924 notari
1805 894 1920 924 volunt
1942 896 2148 927 evocationes

1180 937 1382 968 daemonum.
1439 936 1563 967 Verum
1598 937 1672 976 quia
1706 935 1872 967 commode
1912 938 1994 968 verti
2033 943 2147 977 potest,

1180 980 1344 1020 colligens,
1369 979 1418 1010 vel
1443 980 1648 1010 committens
1671 986 1812 1015 coetum,
1845 990 1909 1010 non
1944 991 2074 1019 prorsus
2098 992 2148 1013 re-

1180 1023 1276 1063 pudio
1310 1022 1394 1062 quod
1429 1023 1482 1053 alii
1518 1021 1665 1059 tradunt,
1710 1023 1822 1053 referri
1867 1022 1907 1053 ad
1939 1023 2149 1063 imaginarios

1180 1071 1375 1097 conventus:
1411 1065 1449 1096 ad
1474 1076 1554 1104 quos
1579 1065 1686 1095 miseri
1712 1065 1859 1096 homines
1882 1064 1974 1106 (quos
2004 1065 2149 1098 diabolus

1180 1108 1364 1149 fascinavit)
1399 1119 1432 1139 se
1466 1108 1535 1147 rapi
1566 1108 1740 1141 somniant,
1775 1113 1811 1138 ut
1839 1109 1935 1139 simul
1967 1109 2149 1148 epulentur,

1181 1152 1316 1188 saltent,
1358 1156 1389 1182 et
1423 1150 1570 1181 nefandis
1605 1151 1898 1190 conspirationibus
1932 1162 1966 1182 56
1999 1152 2149 1191 obligent.

1182 1195 1290 1234 Vulgo
1325 1204 1508 1234 synagogas
1544 1194 1722 1224 nominant.
1780 1194 1820 1224 In
1854 1199 1945 1225 sexto
1978 1195 2069 1225 nulla
2102 1199 2151 1226 est

1181 1238 1392 1277 ambiguitas,
1424 1237 1479 1267 ubi
1510 1242 1638 1267 vetatur
1670 1236 1806 1276 populus
1836 1237 2003 1268 consulere
2024 1237 2148 1277 Pytho-

1182 1291 1265 1311 nem.
1308 1279 1362 1310 Sic
1386 1279 1470 1310 euim
1496 1281 1622 1318 proprie
1645 1279 1841 1310 Hebraieum
1866 1290 1984 1311 nomen
2003 1287 2058 1313 ΞῚΝ
2079 1291 2149 1311 ver-

1183 1329 1249 1353 tero
1273 1322 1346 1353 licet
1369 1328 1441 1362 post
1467 1322 1606 1360 Lucam,
1636 1322 1734 1353 fidum
1759 1327 1790 1352 et
1813 1322 1965 1353 idoneum
1989 1323 2149 1363 interpre-

1183 1372 1256 1403 tem,
1292 1365 1367 1396 dum
1404 1372 1514 1395 narrat
1554 1365 1703 1404 spiritum
1745 1365 1908 1405 Pythonis
1943 1366 2037 1396 Pauli
2072 1376 2149 1397 voce

1183 1408 1321 1438 eiectum
1357 1418 1395 1438 ex
1432 1408 1539 1446 puella.
1576 1407 1661 1447 (Act.
1699 1408 1746 1444 16,
1784 1408 1845 1449 16).
1903 1409 1946 1438 Et
1986 1408 2149 1439 interdum

1184 1452 1343 1491 scriptura
1374 1457 1463 1483 NT&
1494 1459 1585 1481 vocat
1616 1452 1797 1490 (1010110111ιο
1821 1451 1993 1483 daemones
2017 1452 2151 1482 eliciunt

1184 1494 1222 1524 ad
1255 1494 1359 1524 danda
1390 1504 1557 1532 responsa:
1593 1494 1682 1525 cuius
1713 1494 1859 1525 fallaciae
1886 1495 2013 1531 insigne
2043 1505 2151 1525 exem-

1184 1537 1273 1576 plum
1305 1542 1502 1566 memoratur
1532 1536 1563 1566 in
1593 1547 1683 1567 sacra
1715 1537 1850 1567 historia
1876 1536 1914 1567 de
1944 1537 2149 1577 Pythonissa,

1184 1590 1265 1618 quae
1290 1579 1475 1610 sauinelmn
1508 1585 1669 1609 mortuum
1702 1579 1794 1610 Sauli
1824 1580 1967 1610 ostendit
1994 1580 2035 1621 (1.
2061 1580 2149 1611 Sam.

1184 1623 1233 1658 28,
1259 1622 1299 1663 7).
1348 1622 1531 1662 Pythonem
1557 1622 1674 1653 Graeci
1700 1629 1886 1660 verterunt,
1921 1623 2004 1663 quod
2029 1624 2061 1653 in
2086 1623 2151 1662 pri-

1185 1666 1244 1695 mis
1267 1665 1408 1696 celebres
1428 1670 1520 1695 crant
1539 1665 1732 1705 praestigiae
1747 1666 1859 1705 Pythii
1874 1666 2044 1705 Apollinis.
2071 1665 2151 1706 Sep-

1184 1708 1282 1739 timus
1305 1707 1382 1738 ordo
1405 1714 1453 1738 est
1476 1713 1552 1743 ’ny-h
1581 1708 1635 1746 qui
1661 1715 1745 1739 recte
1770 1709 1830 1739 dici
1851 1714 1986 1748 possunt
2008 1714 2151 1749 gnostae,

1185 1751 1233 1782 vel
1259 1751 1448 1790 cognitores.
1496 1750 1608 1789 Neque
1639 1751 1722 1780 enim
1754 1751 1863 1782 dubito
1893 1752 1971 1790 quin
1996 1751 2151 1782 honorifi-

1183 1805 1255 1825 cum
1283 1794 1340 1824 hoe
1372 1804 1488 1823 nomen
1518 1793 1651 1823 fallendi
1681 1804 1779 1824 eausa
1808 1794 2035 1825 obtenderent:
2067 1793 2151 1834 quod

1183 1836 1411 1876 impostoribus
1436 1836 1568 1866 mininie
1592 1847 1711 1866 novum
1737 1842 1794 1867 est.
1838 1837 1893 1868 Sic
1916 1837 1993 1867 olim
2018 1837 2151 1877 geneth-

1184 1879 1256 1910 liaci
1286 1886 1318 1909 et
1350 1878 1472 1909 similes
1506 1890 1563 1918 pro
1595 1880 1831 1910 mathematicis
1861 1891 1895 1910 se
1930 1879 2150 1910 venditarunt.

1184 1922 1227 1953 Et
1251 1921 1302 1952 hic
1325 1929 1373 1952 est
1396 1928 1484 1951 astus
1508 1920 1664 1956 Satanae,
1700 1923 1798 1952 furari
1825 1922 1959 1953 honesta
1989 1922 2151 1953 virtutum

1185 1971 1217 1995 et
1247 1975 1356 1995 rerum
1389 1964 1542 1994 bonarum
1571 1965 1710 2001 nomina,
1743 1965 1858 2004 quibus
1888 1966 2151 2005 integumentum

1185 2010 1251 2038 suis
1275 2007 1452 2038 mendaciis
1476 2007 1586 2038 faeiat:
1611 2008 1703 2037 sicuti
1730 2008 1899 2048 Aegyptiis
1923 2013 1955 2038 et
1979 2007 2151 2038 Chaldaeis

1186 2050 1412 2089 impostoribus
1453 2060 1568 2079 nomen
1612 2050 1793 2089 sapientum
1835 2051 1998 2089 imposuit.
2063 2050 2151 2090 Ergo

1185 2104 1283 2133 quum
1315 2093 1488 2132 prophetae
1519 2093 1669 2123 dieantur
1694 2093 1848 2128 videntes,
1885 2103 1967 2123 vana
1996 2093 2151 2123 falsorum

1187 2142 1297 2166 vatum
1323 2135 1526 2175 prognostica
1550 2136 1713 2175 opposuit,
1745 2147 1826 2174 quac
1857 2135 2018 2174 simplices
2041 2135 2151 2166 obstu-

1187 2180 1378 2218 pefacerent.
1426 2178 1507 2208 Nam
1533 2178 1615 2217 quod
1640 2178 1769 2217 quidam
1797 2189 1913 2208 nomen
1943 2178 2001 2208 hoc
2025 2178 2064 2209 ab
2093 2188 2152 2208 ave

1186 2222 1358 2255 deducunt,
1383 2221 1479 2251 nimis
1505 2222 1626 2260 puerile
1647 2227 1693 2251 cst
1714 2223 1921 2259 figmentum:
1944 2231 1980 2251 ac
1998 2222 2099 2251 miror
2117 2221 2152 2251 in

1186 2275 1218 2295 rc
1242 2272 1352 2303 aperta
1375 2263 1453 2294 adeo
1478 2265 1615 2303 turpiter
1639 2263 1800 2299 delirasse,
1826 2263 1901 2294 dum
1927 2264 2088 2304 argutiam
2110 2263 2148 2294 de

1187 2307 1287 2337 nihilo
1316 2307 1478 2337 affectant.
1533 2307 1655 2337 Ultimo
1681 2307 1747 2337 loco
1771 2307 1943 2337 damnatur
1967 2317 2152 2337 necroman-

1187 2351 1239 2385 tia,
1266 2350 1323 2379 hoc
1347 2354 1403 2386 cst,
1429 2349 1525 2379 fallax
1551 2356 1581 2379 et
1606 2350 1765 2379 delusoria
1791 2349 1986 2379 vaticinandi
2017 2349 2153 2380 seientia

1187 2404 1226 2422 ex
1252 2398 1452 2422 mortuorum
1484 2393 1660 2431 responsis:
1693 2403 1789 2431 quam
1821 2402 1989 2431 perperam
2021 2391 2151 2431 quidam

1189 2436 1391 2473 restringunt
1420 2435 1458 2465 ad
1490 2446 1542 2464 eos
1573 2435 1626 2474 11111
1658 2435 1821 2465 dormiunt
1856 2435 1894 2465 ad
1920 2435 2084 2474 scpulcra,
2116 2439 2153 2465 ut

1189 2484 1333 2507 mortuos
1378 2488 1434 2516 per
1478 2478 1637 2508 somnium
1676 2479 1841 2517 loquentes·
1886 2477 2036 2508 audiant:
2079 2477 2153 2517 quia.

1190 2520 1336 2559 pluribus
1368 2520 1469 2550 modis
1499 2520 1588 2550 stulti
1620 2521 1765 2551 homines¹
1790 2521 1946 2560 colloquia
1972 2531 2043 2551 cum
2069 2530 2153 2550 mor-

1190 2563 1253 2593 tuis
1277 2569 1456 2602 captarunt.
1507 2564 1603 2593 l'orro
1628 2564 1788 2594 discamus
1812 2574 1851 2593 ex
1877 2563 1935 2593 hoe
1959 2563 2042 2601 loco,
2074 2573 2153 2603 quo-

1191 2606 1251 2635 tics
1278 2606 1364 2636 Deus
1385 2607 1529 2636 fraenum
1557 2607 1697 2637 Satanae
1722 2607 1817 2643 laxat,
1842 2617 1937 2645 quam
1962 2606 2153 2645 prodigiosis

1193 2648 1339 2679 ludibriis
1362 2650 1493 2680 fascinet
1519 2650 1651 2679 miseros
1676 2650 1831 2687 homines,
1862 2655 1893 2679 et
1917 2654 2069 2688 quantam
2096 2648 2152 2678 fal-
