<?xml version="1.0" encoding="UTF-8"?>
<!DOCTYPE html PUBLIC "-//W3C//DTD XHTML 1.0 Transitional//EN"
    "http://www.w3.org/TR/xhtml1/DTD/xhtml1-transitional.dtd">
<html xmlns="http://www.w3.org/1999/xhtml" xml:lang="en" lang="en">
 <head>
  <title>
</title>
<meta http-equiv="Content-Type" content="text/html;charset=utf-8" />
  <meta name='ocr-system' content='tesseract 3.04.00' />
  <meta name='ocr-capabilities' content='ocr_page ocr_carea ocr_par ocr_line ocrx_word'/>
</head>
<body>
  <div class='ocr_page' id='page_1' title='image "./ioanniscalviniop24calv_0248.png"; bbox 0 0 2304 3034; ppageno 0'>
   <div class='ocr_carea' id='block_1_1' title="bbox 151 205 215 236">
    <p class='ocr_par' dir='ltr' id='par_1_1' title="bbox 151 205 215 236">
     <span class='ocr_line' id='line_1_1' title="bbox 151 205 215 236; baseline 0 -1"><span class='ocrx_word' id='word_1_1' title='bbox 151 205 215 236; x_wconf 45' lang='lat'>³175</span> 
     </span>
    </p>
   </div>
   <div class='ocr_carea' id='block_1_2' title="bbox 155 284 1145 2687">
    <p class='ocr_par' dir='ltr' id='par_1_2' title="bbox 155 284 1136 1579">
     <span class='ocr_line' id='line_1_2' title="bbox 155 284 1121 331; baseline -0.017 -1"><span class='ocrx_word' id='word_1_2' title='bbox 155 300 217 331; x_wconf 78' lang='lat' dir='ltr'>ciat</span> <span class='ocrx_word' id='word_1_3' title='bbox 247 298 333 328; x_wconf 75' lang='lat' dir='ltr'>Deus</span> <span class='ocrx_word' id='word_1_4' title='bbox 363 305 395 325; x_wconf 88' lang='lat' dir='ltr'>se</span> <span class='ocrx_word' id='word_1_5' title='bbox 426 291 572 322; x_wconf 81' lang='lat' dir='ltr'>addicere</span> <span class='ocrx_word' id='word_1_6' title='bbox 603 286 824 320; x_wconf 83' lang='lat' dir='ltr'>sacerdotibus</span> <span class='ocrx_word' id='word_1_7' title='bbox 851 284 1005 325; x_wconf 89' lang='lat' dir='ltr'>quidquid</span> <span class='ocrx_word' id='word_1_8' title='bbox 1035 284 1121 315; x_wconf 86' lang='lat' dir='ltr'>utili-</span> 
     </span>
     <span class='ocr_line' id='line_1_3' title="bbox 156 326 1121 377; baseline -0.016 -5"><span class='ocrx_word' id='word_1_9' title='bbox 156 343 230 372; x_wconf 86' lang='lat' dir='ltr'>tatis</span> <span class='ocrx_word' id='word_1_10' title='bbox 258 351 296 370; x_wconf 86' lang='lat' dir='ltr'>ex</span> <span class='ocrx_word' id='word_1_11' title='bbox 326 333 548 377; x_wconf 83' lang='lat' dir='ltr'>primogenitis</span> <span class='ocrx_word' id='word_1_12' title='bbox 571 331 730 363; x_wconf 80' lang='lat' dir='ltr'>obveniet.</span> <span class='ocrx_word' id='word_1_13' title='bbox 776 328 872 368; x_wconf 81' lang='lat' dir='ltr'>Quod</span> <span class='ocrx_word' id='word_1_14' title='bbox 896 327 983 359; x_wconf 84' lang='lat' dir='ltr'>iubet</span> <span class='ocrx_word' id='word_1_15' title='bbox 1007 326 1121 358; x_wconf 87' lang='lat' dir='ltr'>redimi</span> 
     </span>
     <span class='ocr_line' id='line_1_4' title="bbox 156 370 1120 426; baseline -0.015 -12"><span class='ocrx_word' id='word_1_16' title='bbox 156 382 385 426; x_wconf 84' lang='lat' dir='ltr'>primogenitos</span> <span class='ocrx_word' id='word_1_17' title='bbox 415 375 593 408; x_wconf 89' lang='lat' dir='ltr'>secundum</span> <span class='ocrx_word' id='word_1_18' title='bbox 622 372 879 404; x_wconf 76' lang='lat' dir='ltr'>aestimationem</span> <span class='ocrx_word' id='word_1_19' title='bbox 908 370 1120 409; x_wconf 87' lang='lat' dir='ltr'>sacerdotum,</span> 
     </span>
     <span class='ocr_line' id='line_1_5' title="bbox 157 413 1121 462; baseline -0.016 -5"><span class='ocrx_word' id='word_1_20' title='bbox 157 438 220 458; x_wconf 86' lang='lat' dir='ltr'>non</span> <span class='ocrx_word' id='word_1_21' title='bbox 252 421 402 462; x_wconf 83' lang='lat' dir='ltr'>intelligit</span> <span class='ocrx_word' id='word_1_22' title='bbox 433 429 527 460; x_wconf 85' lang='lat' dir='ltr'>quam</span> <span class='ocrx_word' id='word_1_23' title='bbox 557 416 738 449; x_wconf 78' lang='lat' dir='ltr'>sacerdotes</span> <span class='ocrx_word' id='word_1_24' title='bbox 769 414 831 455; x_wconf 87' lang='lat' dir='ltr'>ipsi</span> <span class='ocrx_word' id='word_1_25' title='bbox 854 413 1121 455; x_wconf 80' lang='lat' dir='ltr'>praescriberent,</span> 
     </span>
     <span class='ocr_line' id='line_1_6' title="bbox 159 456 1123 506; baseline -0.015 -7"><span class='ocrx_word' id='word_1_26' title='bbox 159 480 193 500; x_wconf 83' lang='lat' dir='ltr'>ac</span> <span class='ocrx_word' id='word_1_27' title='bbox 212 468 237 499; x_wconf 88' lang='lat' dir='ltr'>si</span> <span class='ocrx_word' id='word_1_28' title='bbox 258 476 355 506; x_wconf 85' lang='lat' dir='ltr'>penes</span> <span class='ocrx_word' id='word_1_29' title='bbox 379 474 432 494; x_wconf 88' lang='lat' dir='ltr'>eos</span> <span class='ocrx_word' id='word_1_30' title='bbox 456 466 540 493; x_wconf 84' lang='lat' dir='ltr'>esset</span> <span class='ocrx_word' id='word_1_31' title='bbox 564 460 735 491; x_wconf 77' lang='lat' dir='ltr'>autoritas:</span> <span class='ocrx_word' id='word_1_32' title='bbox 760 457 815 489; x_wconf 88' lang='lat' dir='ltr'>sed</span> <span class='ocrx_word' id='word_1_33' title='bbox 839 467 951 488; x_wconf 88' lang='lat' dir='ltr'>eorum</span> <span class='ocrx_word' id='word_1_34' title='bbox 976 456 1123 486; x_wconf 86' lang='lat' dir='ltr'>aestima-</span> 
     </span>
     <span class='ocr_line' id='line_1_7' title="bbox 157 498 1120 548; baseline -0.013 -7"><span class='ocrx_word' id='word_1_35' title='bbox 157 512 200 542; x_wconf 91' lang='lat' dir='ltr'>tio</span> <span class='ocrx_word' id='word_1_36' title='bbox 219 507 422 548; x_wconf 79' lang='lat' dir='ltr'>intelligitur,</span> <span class='ocrx_word' id='word_1_37' title='bbox 445 505 496 536; x_wconf 91' lang='lat' dir='ltr'>cui</span> <span class='ocrx_word' id='word_1_38' title='bbox 521 503 664 534; x_wconf 78' lang='lat' dir='ltr'>adstricti</span> <span class='ocrx_word' id='word_1_39' title='bbox 689 506 783 533; x_wconf 86' lang='lat' dir='ltr'>erant</span> <span class='ocrx_word' id='word_1_40' title='bbox 807 510 845 531; x_wconf 83' lang='lat' dir='ltr'>ex</span> <span class='ocrx_word' id='word_1_41' title='bbox 871 499 935 530; x_wconf 91' lang='lat' dir='ltr'>Dei</span> <span class='ocrx_word' id='word_1_42' title='bbox 958 498 1120 537; x_wconf 87' lang='lat' dir='ltr'>mandato,</span> 
     </span>
     <span class='ocr_line' id='line_1_8' title="bbox 157 544 1123 585; baseline -0.012 -1"><span class='ocrx_word' id='word_1_43' title='bbox 157 555 239 585; x_wconf 83' lang='lat' dir='ltr'>sicut</span> <span class='ocrx_word' id='word_1_44' title='bbox 269 551 342 582; x_wconf 81' lang='lat' dir='ltr'>alibi</span> <span class='ocrx_word' id='word_1_45' title='bbox 367 550 470 580; x_wconf 90' lang='lat' dir='ltr'>visum</span> <span class='ocrx_word' id='word_1_46' title='bbox 494 547 572 577; x_wconf 84' lang='lat' dir='ltr'>fuit:</span> <span class='ocrx_word' id='word_1_47' title='bbox 606 545 704 585; x_wconf 89' lang='lat' dir='ltr'>idque</span> <span class='ocrx_word' id='word_1_48' title='bbox 727 544 843 575; x_wconf 83' lang='lat' dir='ltr'>elicere</span> <span class='ocrx_word' id='word_1_49' title='bbox 866 546 1049 583; x_wconf 88' lang='lat' dir='ltr'>promptum</span> <span class='ocrx_word' id='word_1_50' title='bbox 1075 545 1123 573; x_wconf 81' lang='lat' dir='ltr'>est</span> 
     </span>
     <span class='ocr_line' id='line_1_9' title="bbox 157 584 1121 630; baseline -0.015 -3"><span class='ocrx_word' id='word_1_51' title='bbox 157 608 195 627; x_wconf 81' lang='lat' dir='ltr'>ex</span> <span class='ocrx_word' id='word_1_52' title='bbox 227 599 397 629; x_wconf 77' lang='lat' dir='ltr'>contextu,</span> <span class='ocrx_word' id='word_1_53' title='bbox 428 591 503 630; x_wconf 82' lang='lat' dir='ltr'>quia</span> <span class='ocrx_word' id='word_1_54' title='bbox 534 599 608 619; x_wconf 81' lang='lat' dir='ltr'>mox</span> <span class='ocrx_word' id='word_1_55' title='bbox 639 587 827 627; x_wconf 85' lang='lat' dir='ltr'>adiungitur</span> <span class='ocrx_word' id='word_1_56' title='bbox 853 585 1010 626; x_wconf 82' lang='lat' dir='ltr'>pretium,</span> <span class='ocrx_word' id='word_1_57' title='bbox 1039 584 1121 625; x_wconf 92' lang='lat' dir='ltr'>quod</span> 
     </span>
     <span class='ocr_line' id='line_1_10' title="bbox 159 626 1123 677; baseline -0.013 -7"><span class='ocrx_word' id='word_1_58' title='bbox 159 640 246 670; x_wconf 77' lang='lat' dir='ltr'>Deus</span> <span class='ocrx_word' id='word_1_59' title='bbox 270 638 337 677; x_wconf 84' lang='lat' dir='ltr'>ipse</span> <span class='ocrx_word' id='word_1_60' title='bbox 360 636 568 674; x_wconf 71' lang='lat' dir='ltr'>imposuerat.</span> <span class='ocrx_word' id='word_1_61' title='bbox 603 630 654 661; x_wconf 85' lang='lat' dir='ltr'>De</span> <span class='ocrx_word' id='word_1_62' title='bbox 678 628 904 670; x_wconf 83' lang='lat' dir='ltr'>primogenitis</span> <span class='ocrx_word' id='word_1_63' title='bbox 929 626 1123 658; x_wconf 89' lang='lat' dir='ltr'>mundorum</span> 
     </span>
     <span class='ocr_line' id='line_1_11' title="bbox 158 675 1124 713; baseline -0.014 0"><span class='ocrx_word' id='word_1_64' title='bbox 158 680 347 713; x_wconf 80' lang='lat' dir='ltr'>animalium</span> <span class='ocrx_word' id='word_1_65' title='bbox 362 679 413 708; x_wconf 81' lang='lat' dir='ltr'>lex</span> <span class='ocrx_word' id='word_1_66' title='bbox 437 676 567 707; x_wconf 88' lang='lat' dir='ltr'>diversa</span> <span class='ocrx_word' id='word_1_67' title='bbox 590 675 708 705; x_wconf 85' lang='lat' dir='ltr'>fertur:</span> <span class='ocrx_word' id='word_1_68' title='bbox 734 682 858 711; x_wconf 79' lang='lat' dir='ltr'>nempe,</span> <span class='ocrx_word' id='word_1_69' title='bbox 884 676 919 701; x_wconf 89' lang='lat' dir='ltr'>ut</span> <span class='ocrx_word' id='word_1_70' title='bbox 942 675 1124 701; x_wconf 80' lang='lat' dir='ltr'>mactentur</span> 
     </span>
     <span class='ocr_line' id='line_1_12' title="bbox 158 714 1123 759; baseline -0.013 -4"><span class='ocrx_word' id='word_1_71' title='bbox 158 724 197 755; x_wconf 90' lang='lat' dir='ltr'>ad</span> <span class='ocrx_word' id='word_1_72' title='bbox 221 723 330 758; x_wconf 84' lang='lat' dir='ltr'>altare,</span> <span class='ocrx_word' id='word_1_73' title='bbox 355 727 386 751; x_wconf 89' lang='lat' dir='ltr'>et</span> <span class='ocrx_word' id='word_1_74' title='bbox 410 719 507 759; x_wconf 86' lang='lat' dir='ltr'>adeps</span> <span class='ocrx_word' id='word_1_75' title='bbox 531 721 704 753; x_wconf 80' lang='lat' dir='ltr'>exuratur,</span> <span class='ocrx_word' id='word_1_76' title='bbox 728 726 802 747; x_wconf 87' lang='lat' dir='ltr'>caro</span> <span class='ocrx_word' id='word_1_77' title='bbox 822 719 931 745; x_wconf 90' lang='lat' dir='ltr'>autem</span> <span class='ocrx_word' id='word_1_78' title='bbox 956 714 997 744; x_wconf 89' lang='lat' dir='ltr'>sit</span> <span class='ocrx_word' id='word_1_79' title='bbox 1020 723 1123 744; x_wconf 85' lang='lat' dir='ltr'>sacer-</span> 
     </span>
     <span class='ocr_line' id='line_1_13' title="bbox 159 756 1126 802; baseline -0.012 -4"><span class='ocrx_word' id='word_1_80' title='bbox 159 767 285 798; x_wconf 81' lang='lat' dir='ltr'>dotum.</span> <span class='ocrx_word' id='word_1_81' title='bbox 316 763 411 795; x_wconf 82' lang='lat' dir='ltr'>sicuti</span> <span class='ocrx_word' id='word_1_82' title='bbox 442 768 553 802; x_wconf 76' lang='lat' dir='ltr'>pectus</span> <span class='ocrx_word' id='word_1_83' title='bbox 577 766 608 791; x_wconf 90' lang='lat' dir='ltr'>et</span> <span class='ocrx_word' id='word_1_84' title='bbox 632 769 741 790; x_wconf 86' lang='lat' dir='ltr'>armus</span> <span class='ocrx_word' id='word_1_85' title='bbox 764 758 877 788; x_wconf 85' lang='lat' dir='ltr'>dexter</span> <span class='ocrx_word' id='word_1_86' title='bbox 900 757 933 787; x_wconf 89' lang='lat' dir='ltr'>in</span> <span class='ocrx_word' id='word_1_87' title='bbox 958 756 1126 787; x_wconf 87' lang='lat' dir='ltr'>sacrificiis</span> 
     </span>
     <span class='ocr_line' id='line_1_14' title="bbox 159 799 1125 851; baseline -0.013 -10"><span class='ocrx_word' id='word_1_88' title='bbox 159 810 279 851; x_wconf 85' lang='lat' dir='ltr'>ignitis.</span> <span class='ocrx_word' id='word_1_89' title='bbox 333 808 432 838; x_wconf 84' lang='lat' dir='ltr'>Porro</span> <span class='ocrx_word' id='word_1_90' title='bbox 461 815 501 835; x_wconf 90' lang='lat' dir='ltr'>ne</span> <span class='ocrx_word' id='word_1_91' title='bbox 532 803 602 844; x_wconf 90' lang='lat' dir='ltr'>quis</span> <span class='ocrx_word' id='word_1_92' title='bbox 631 813 670 833; x_wconf 76' lang='lat' dir='ltr'>ex</span> <span class='ocrx_word' id='word_1_93' title='bbox 699 801 840 836; x_wconf 78' lang='lat' dir='ltr'>Levitis,</span> <span class='ocrx_word' id='word_1_94' title='bbox 872 805 928 830; x_wconf 83' lang='lat' dir='ltr'>aut</span> <span class='ocrx_word' id='word_1_95' title='bbox 958 810 997 830; x_wconf 81' lang='lat' dir='ltr'>ex</span> <span class='ocrx_word' id='word_1_96' title='bbox 1029 799 1125 839; x_wconf 86' lang='lat' dir='ltr'>vulgo</span> 
     </span>
     <span class='ocr_line' id='line_1_15' title="bbox 158 841 1126 895; baseline -0.013 -11"><span class='ocrx_word' id='word_1_97' title='bbox 158 853 208 895; x_wconf 89' lang='lat' dir='ltr'>(ut</span> <span class='ocrx_word' id='word_1_98' title='bbox 236 851 382 882; x_wconf 79' lang='lat' dir='ltr'>homines</span> <span class='ocrx_word' id='word_1_99' title='bbox 407 857 514 879; x_wconf 88' lang='lat' dir='ltr'>rerum</span> <span class='ocrx_word' id='word_1_100' title='bbox 539 855 697 877; x_wconf 80' lang='lat' dir='ltr'>novarum</span> <span class='ocrx_word' id='word_1_101' title='bbox 719 844 825 884; x_wconf 86' lang='lat' dir='ltr'>cupidi</span> <span class='ocrx_word' id='word_1_102' title='bbox 850 841 938 883; x_wconf 84' lang='lat' dir='ltr'>sunt)</span> <span class='ocrx_word' id='word_1_103' title='bbox 962 841 1126 873; x_wconf 87' lang='lat' dir='ltr'>decretum</span> 
     </span>
     <span class='ocr_line' id='line_1_16' title="bbox 159 885 1128 928; baseline -0.013 -1"><span class='ocrx_word' id='word_1_104' title='bbox 159 897 219 927; x_wconf 89' lang='lat' dir='ltr'>hoc</span> <span class='ocrx_word' id='word_1_105' title='bbox 244 895 361 925; x_wconf 80' lang='lat' dir='ltr'>violare</span> <span class='ocrx_word' id='word_1_106' title='bbox 385 897 501 926; x_wconf 79' lang='lat' dir='ltr'>tentet,</span> <span class='ocrx_word' id='word_1_107' title='bbox 533 889 637 919; x_wconf 87' lang='lat' dir='ltr'>omnis</span> <span class='ocrx_word' id='word_1_108' title='bbox 661 888 693 918; x_wconf 91' lang='lat' dir='ltr'>in</span> <span class='ocrx_word' id='word_1_109' title='bbox 719 891 883 928; x_wconf 81' lang='lat' dir='ltr'>posterum</span> <span class='ocrx_word' id='word_1_110' title='bbox 908 885 1128 916; x_wconf 85' lang='lat' dir='ltr'>controversia</span> 
     </span>
     <span class='ocr_line' id='line_1_17' title="bbox 161 927 1128 975; baseline -0.011 -6"><span class='ocrx_word' id='word_1_111' title='bbox 161 939 295 975; x_wconf 81' lang='lat' dir='ltr'>tollitur,</span> <span class='ocrx_word' id='word_1_112' title='bbox 316 936 367 967; x_wconf 84' lang='lat' dir='ltr'>ubi</span> <span class='ocrx_word' id='word_1_113' title='bbox 383 933 574 975; x_wconf 86' lang='lat' dir='ltr'>pronunciat</span> <span class='ocrx_word' id='word_1_114' title='bbox 589 932 689 969; x_wconf 87' lang='lat' dir='ltr'>Deus,</span> <span class='ocrx_word' id='word_1_115' title='bbox 710 929 793 970; x_wconf 90' lang='lat' dir='ltr'>quod</span> <span class='ocrx_word' id='word_1_116' title='bbox 808 929 896 959; x_wconf 80' lang='lat' dir='ltr'>dedit</span> <span class='ocrx_word' id='word_1_117' title='bbox 908 927 1128 959; x_wconf 83' lang='lat' dir='ltr'>sacerdotibus</span> 
     </span>
     <span class='ocr_line' id='line_1_18' title="bbox 162 971 1129 1017; baseline -0.012 -5"><span class='ocrx_word' id='word_1_118' title='bbox 162 993 195 1013; x_wconf 88' lang='lat' dir='ltr'>se</span> <span class='ocrx_word' id='word_1_119' title='bbox 227 980 309 1011; x_wconf 86' lang='lat' dir='ltr'>nolle</span> <span class='ocrx_word' id='word_1_120' title='bbox 342 987 483 1017; x_wconf 83' lang='lat' dir='ltr'>unquam</span> <span class='ocrx_word' id='word_1_121' title='bbox 509 976 573 1006; x_wconf 83' lang='lat' dir='ltr'>illis</span> <span class='ocrx_word' id='word_1_122' title='bbox 597 974 688 1014; x_wconf 84' lang='lat' dir='ltr'>eripi.</span> <span class='ocrx_word' id='word_1_123' title='bbox 735 973 848 1004; x_wconf 88' lang='lat' dir='ltr'>Primo</span> <span class='ocrx_word' id='word_1_124' title='bbox 871 972 975 1002; x_wconf 86' lang='lat' dir='ltr'>utitur</span> <span class='ocrx_word' id='word_1_125' title='bbox 999 971 1129 1001; x_wconf 89' lang='lat' dir='ltr'>nomine</span> 
     </span>
     <span class='ocr_line' id='line_1_19' title="bbox 162 1012 1130 1059; baseline -0.013 -4"><span class='ocrx_word' id='word_1_126' title='bbox 162 1024 255 1055; x_wconf 72' lang='lat' dir='ltr'>edicti</span> <span class='ocrx_word' id='word_1_127' title='bbox 270 1022 319 1053; x_wconf 83' lang='lat' dir='ltr'>vel</span> <span class='ocrx_word' id='word_1_128' title='bbox 336 1020 464 1057; x_wconf 82' lang='lat' dir='ltr'>decreti⁷</span> <span class='ocrx_word' id='word_1_129' title='bbox 489 1018 572 1059; x_wconf 87' lang='lat' dir='ltr'>quod</span> <span class='ocrx_word' id='word_1_130' title='bbox 592 1017 645 1048; x_wconf 90' lang='lat' dir='ltr'>alii</span> <span class='ocrx_word' id='word_1_131' title='bbox 666 1020 826 1048; x_wconf 87' lang='lat' dir='ltr'>statutum</span> <span class='ocrx_word' id='word_1_132' title='bbox 848 1018 993 1045; x_wconf 87' lang='lat' dir='ltr'>vertunt:</span> <span class='ocrx_word' id='word_1_133' title='bbox 1014 1012 1130 1044; x_wconf 88' lang='lat' dir='ltr'>deinde</span> 
     </span>
     <span class='ocr_line' id='line_1_20' title="bbox 163 1056 1130 1106; baseline -0.012 -9"><span class='ocrx_word' id='word_1_134' title='bbox 163 1066 309 1106; x_wconf 82' lang='lat' dir='ltr'>adiungit</span> <span class='ocrx_word' id='word_1_135' title='bbox 346 1063 428 1104; x_wconf 88' lang='lat' dir='ltr'>pacti</span> <span class='ocrx_word' id='word_1_136' title='bbox 465 1071 581 1092; x_wconf 89' lang='lat' dir='ltr'>nomen</span> <span class='ocrx_word' id='word_1_137' title='bbox 612 1070 674 1100; x_wconf 90' lang='lat' dir='ltr'>quo</span> <span class='ocrx_word' id='word_1_138' title='bbox 704 1059 846 1090; x_wconf 81' lang='lat' dir='ltr'>sanctior</span> <span class='ocrx_word' id='word_1_139' title='bbox 877 1057 918 1088; x_wconf 86' lang='lat' dir='ltr'>sit</span> <span class='ocrx_word' id='word_1_140' title='bbox 947 1056 1130 1087; x_wconf 83' lang='lat' dir='ltr'>observatio</span> 
     </span>
     <span class='ocr_line' id='line_1_21' title="bbox 163 1099 1130 1144; baseline -0.012 -4"><span class='ocrx_word' id='word_1_141' title='bbox 163 1115 192 1141; x_wconf 84' lang='lat' dir='ltr'>ct</span> <span class='ocrx_word' id='word_1_142' title='bbox 213 1106 472 1140; x_wconf 80' lang='lat' dir='ltr'>contentionibus</span> <span class='ocrx_word' id='word_1_143' title='bbox 493 1115 527 1136; x_wconf 85' lang='lat' dir='ltr'>ac</span> <span class='ocrx_word' id='word_1_144' title='bbox 546 1103 662 1144; x_wconf 84' lang='lat' dir='ltr'>iurgiis</span> <span class='ocrx_word' id='word_1_145' title='bbox 682 1104 789 1133; x_wconf 89' lang='lat' dir='ltr'>minus</span> <span class='ocrx_word' id='word_1_146' title='bbox 802 1100 954 1131; x_wconf 77' lang='lat' dir='ltr'>obnoxia:</span> <span class='ocrx_word' id='word_1_147' title='bbox 980 1099 1130 1140; x_wconf 89' lang='lat' dir='ltr'>quoniam</span> 
     </span>
     <span class='ocr_line' id='line_1_22' title="bbox 163 1142 1131 1186; baseline -0.011 -3"><span class='ocrx_word' id='word_1_148' title='bbox 163 1153 241 1183; x_wconf 89' lang='lat' dir='ltr'>nihil</span> <span class='ocrx_word' id='word_1_149' title='bbox 274 1151 381 1181; x_wconf 86' lang='lat' dir='ltr'>minus</span> <span class='ocrx_word' id='word_1_150' title='bbox 412 1148 544 1179; x_wconf 84' lang='lat' dir='ltr'>decebat</span> <span class='ocrx_word' id='word_1_151' title='bbox 574 1157 669 1186; x_wconf 88' lang='lat' dir='ltr'>quam</span> <span class='ocrx_word' id='word_1_152' title='bbox 700 1143 882 1176; x_wconf 77' lang='lat' dir='ltr'>sacerdotes</span> <span class='ocrx_word' id='word_1_153' title='bbox 912 1142 951 1173; x_wconf 89' lang='lat' dir='ltr'>de</span> <span class='ocrx_word' id='word_1_154' title='bbox 982 1143 1051 1173; x_wconf 90' lang='lat' dir='ltr'>iure</span> <span class='ocrx_word' id='word_1_155' title='bbox 1074 1152 1131 1173; x_wconf 89' lang='lat' dir='ltr'>suo</span> 
     </span>
     <span class='ocr_line' id='line_1_23' title="bbox 163 1185 1132 1235; baseline -0.012 -9"><span class='ocrx_word' id='word_1_156' title='bbox 163 1200 195 1226; x_wconf 88' lang='lat' dir='ltr'>et</span> <span class='ocrx_word' id='word_1_157' title='bbox 224 1193 404 1235; x_wconf 65' lang='lat' dir='ltr'>privilegiis</span> <span class='ocrx_word' id='word_1_158' title='bbox 437 1191 573 1231; x_wconf 83' lang='lat' dir='ltr'>litigare.</span> <span class='ocrx_word' id='word_1_159' title='bbox 620 1188 663 1221; x_wconf 78' lang='lat' dir='ltr'>Se</span> <span class='ocrx_word' id='word_1_160' title='bbox 694 1198 771 1228; x_wconf 81' lang='lat' dir='ltr'>ergo</span> <span class='ocrx_word' id='word_1_161' title='bbox 801 1187 956 1218; x_wconf 87' lang='lat' dir='ltr'>violatum</span> <span class='ocrx_word' id='word_1_162' title='bbox 980 1186 1018 1216; x_wconf 91' lang='lat' dir='ltr'>iri</span> <span class='ocrx_word' id='word_1_163' title='bbox 1043 1185 1132 1216; x_wconf 90' lang='lat' dir='ltr'>Deus</span> 
     </span>
     <span class='ocr_line' id='line_1_24' title="bbox 164 1228 1132 1279; baseline -0.011 -10"><span class='ocrx_word' id='word_1_164' title='bbox 164 1238 341 1279; x_wconf 81' lang='lat' dir='ltr'>significat,</span> <span class='ocrx_word' id='word_1_165' title='bbox 373 1236 398 1266; x_wconf 86' lang='lat' dir='ltr'>si</span> <span class='ocrx_word' id='word_1_166' title='bbox 430 1234 500 1274; x_wconf 89' lang='lat' dir='ltr'>quis</span> <span class='ocrx_word' id='word_1_167' title='bbox 524 1232 703 1263; x_wconf 83' lang='lat' dir='ltr'>molestiam</span> <span class='ocrx_word' id='word_1_168' title='bbox 729 1230 880 1262; x_wconf 78' lang='lat' dir='ltr'>exhibeat</span> <span class='ocrx_word' id='word_1_169' title='bbox 903 1228 1132 1260; x_wconf 85' lang='lat' dir='ltr'>sacerdotibus.</span> 
     </span>
     <span class='ocr_line' id='line_1_25' title="bbox 164 1272 1133 1321; baseline -0.012 -8"><span class='ocrx_word' id='word_1_170' title='bbox 164 1280 385 1321; x_wconf 83' lang='lat' dir='ltr'>Metaphorice</span> <span class='ocrx_word' id='word_1_171' title='bbox 417 1287 492 1308; x_wconf 82' lang='lat' dir='ltr'>vero</span> <span class='ocrx_word' id='word_1_172' title='bbox 524 1286 581 1316; x_wconf 83' lang='lat' dir='ltr'>per</span> <span class='ocrx_word' id='word_1_173' title='bbox 609 1285 728 1306; x_wconf 89' lang='lat' dir='ltr'>nomen</span> <span class='ocrx_word' id='word_1_174' title='bbox 752 1273 828 1305; x_wconf 86' lang='lat' dir='ltr'>salis</span> <span class='ocrx_word' id='word_1_175' title='bbox 852 1272 1042 1312; x_wconf 85' lang='lat' dir='ltr'>designatur</span> <span class='ocrx_word' id='word_1_176' title='bbox 1063 1281 1133 1311; x_wconf 91' lang='lat' dir='ltr'>per-</span> 
     </span>
     <span class='ocr_line' id='line_1_26' title="bbox 165 1313 1133 1365; baseline -0.011 -10"><span class='ocrx_word' id='word_1_177' title='bbox 165 1325 318 1365; x_wconf 76' lang='lat' dir='ltr'>petuitas:</span> <span class='ocrx_word' id='word_1_178' title='bbox 344 1322 397 1351; x_wconf 87' lang='lat' dir='ltr'>ubi</span> <span class='ocrx_word' id='word_1_179' title='bbox 418 1326 526 1350; x_wconf 87' lang='lat' dir='ltr'>tamen</span> <span class='ocrx_word' id='word_1_180' title='bbox 551 1318 679 1349; x_wconf 83' lang='lat' dir='ltr'>videtur</span> <span class='ocrx_word' id='word_1_181' title='bbox 702 1316 845 1348; x_wconf 84' lang='lat' dir='ltr'>alludere</span> <span class='ocrx_word' id='word_1_182' title='bbox 857 1315 947 1346; x_wconf 88' lang='lat' dir='ltr'>Deus</span> <span class='ocrx_word' id='word_1_183' title='bbox 971 1314 1009 1345; x_wconf 86' lang='lat' dir='ltr'>ad</span> <span class='ocrx_word' id='word_1_184' title='bbox 1034 1313 1133 1345; x_wconf 88' lang='lat' dir='ltr'>sacri-</span> 
     </span>
     <span class='ocr_line' id='line_1_27' title="bbox 166 1356 1135 1406; baseline -0.012 -8"><span class='ocrx_word' id='word_1_185' title='bbox 166 1368 236 1399; x_wconf 84' lang='lat' dir='ltr'>ficia</span> <span class='ocrx_word' id='word_1_186' title='bbox 255 1375 335 1406; x_wconf 88' lang='lat' dir='ltr'>quae</span> <span class='ocrx_word' id='word_1_187' title='bbox 355 1365 401 1395; x_wconf 89' lang='lat' dir='ltr'>fas</span> <span class='ocrx_word' id='word_1_188' title='bbox 425 1373 490 1394; x_wconf 92' lang='lat' dir='ltr'>non</span> <span class='ocrx_word' id='word_1_189' title='bbox 515 1366 583 1393; x_wconf 86' lang='lat' dir='ltr'>crat</span> <span class='ocrx_word' id='word_1_190' title='bbox 605 1361 731 1397; x_wconf 79' lang='lat' dir='ltr'>offerro,</span> <span class='ocrx_word' id='word_1_191' title='bbox 756 1359 816 1390; x_wconf 89' lang='lat' dir='ltr'>nisi</span> <span class='ocrx_word' id='word_1_192' title='bbox 842 1358 909 1389; x_wconf 82' lang='lat' dir='ltr'>sale</span> <span class='ocrx_word' id='word_1_193' title='bbox 931 1356 1074 1388; x_wconf 82' lang='lat' dir='ltr'>condita:</span> <span class='ocrx_word' id='word_1_194' title='bbox 1099 1360 1135 1387; x_wconf 90' lang='lat' dir='ltr'>ut</span> 
     </span>
     <span class='ocr_line' id='line_1_28' title="bbox 168 1400 1133 1444; baseline -0.012 -3"><span class='ocrx_word' id='word_1_195' title='bbox 168 1411 285 1441; x_wconf 77' lang='lat' dir='ltr'>scirent</span> <span class='ocrx_word' id='word_1_196' title='bbox 309 1407 492 1442; x_wconf 73' lang='lat' dir='ltr'>Israelitae,</span> <span class='ocrx_word' id='word_1_197' title='bbox 522 1415 578 1444; x_wconf 87' lang='lat' dir='ltr'>per</span> <span class='ocrx_word' id='word_1_198' title='bbox 601 1415 651 1435; x_wconf 86' lang='lat' dir='ltr'>res</span> <span class='ocrx_word' id='word_1_199' title='bbox 676 1408 822 1434; x_wconf 77' lang='lat' dir='ltr'>terrenas</span> <span class='ocrx_word' id='word_1_200' title='bbox 845 1406 876 1432; x_wconf 88' lang='lat' dir='ltr'>et</span> <span class='ocrx_word' id='word_1_201' title='bbox 899 1400 1133 1440; x_wconf 77' lang='lat' dir='ltr'>corruptibiles,</span> 
     </span>
     <span class='ocr_line' id='line_1_29' title="bbox 166 1442 1135 1491; baseline -0.012 -7"><span class='ocrx_word' id='word_1_202' title='bbox 166 1454 270 1484; x_wconf 86' lang='lat' dir='ltr'>maius</span> <span class='ocrx_word' id='word_1_203' title='bbox 293 1449 414 1491; x_wconf 88' lang='lat' dir='ltr'>aliquid</span> <span class='ocrx_word' id='word_1_204' title='bbox 438 1448 611 1489; x_wconf 82' lang='lat' dir='ltr'>designari.</span> <span class='ocrx_word' id='word_1_205' title='bbox 657 1446 788 1477; x_wconf 74' lang='lat' dir='ltr'>Scimus</span> <span class='ocrx_word' id='word_1_206' title='bbox 812 1444 898 1475; x_wconf 92' lang='lat' dir='ltr'>enim</span> <span class='ocrx_word' id='word_1_207' title='bbox 921 1453 1036 1474; x_wconf 87' lang='lat' dir='ltr'>carnes</span> <span class='ocrx_word' id='word_1_208' title='bbox 1059 1442 1135 1474; x_wconf 87' lang='lat' dir='ltr'>sali-</span> 
     </span>
     <span class='ocr_line' id='line_1_30' title="bbox 168 1487 1136 1530; baseline -0.012 -3"><span class='ocrx_word' id='word_1_209' title='bbox 168 1502 217 1527; x_wconf 86' lang='lat' dir='ltr'>tas</span> <span class='ocrx_word' id='word_1_210' title='bbox 240 1505 304 1526; x_wconf 85' lang='lat' dir='ltr'>non</span> <span class='ocrx_word' id='word_1_211' title='bbox 328 1500 394 1524; x_wconf 86' lang='lat' dir='ltr'>tam</span> <span class='ocrx_word' id='word_1_212' title='bbox 419 1491 511 1523; x_wconf 83' lang='lat' dir='ltr'>facile</span> <span class='ocrx_word' id='word_1_213' title='bbox 535 1497 731 1530; x_wconf 86' lang='lat' dir='ltr'>putrescere.</span> <span class='ocrx_word' id='word_1_214' title='bbox 778 1488 926 1527; x_wconf 88' lang='lat' dir='ltr'>Denique</span> <span class='ocrx_word' id='word_1_215' title='bbox 951 1487 1011 1516; x_wconf 85' lang='lat' dir='ltr'>hac</span> <span class='ocrx_word' id='word_1_216' title='bbox 1035 1491 1136 1516; x_wconf 87' lang='lat' dir='ltr'>meta·</span> 
     </span>
     <span class='ocr_line' id='line_1_31' title="bbox 167 1533 817 1579; baseline -0.014 -9"><span class='ocrx_word' id='word_1_217' title='bbox 167 1539 267 1579; x_wconf 86' lang='lat' dir='ltr'>phora</span> <span class='ocrx_word' id='word_1_218' title='bbox 292 1542 426 1567; x_wconf 84' lang='lat' dir='ltr'>notatur</span> <span class='ocrx_word' id='word_1_219' title='bbox 449 1534 647 1565; x_wconf 87' lang='lat' dir='ltr'>inviolabilis</span> <span class='ocrx_word' id='word_1_220' title='bbox 671 1533 817 1563; x_wconf 80' lang='lat' dir='ltr'>firmitas.</span> 
     </span>
    </p>

    <p class='ocr_par' dir='ltr' id='par_1_3' title="bbox 167 1573 1145 2687">
     <span class='ocr_line' id='line_1_32' title="bbox 254 1573 1137 1620; baseline -0.01 -9"><span class='ocrx_word' id='word_1_221' title='bbox 254 1581 302 1611; x_wconf 80' lang='lat'>16.</span> <span class='ocrx_word' id='word_1_222' title='bbox 331 1579 417 1620; x_wconf 75' lang='lat' dir='ltr'>Quod</span> <span class='ocrx_word' id='word_1_223' title='bbox 440 1577 636 1617; x_wconf 72' lang='lat' dir='ltr'>superfuerit.</span> <span class='ocrx_word' id='word_1_224' title='bbox 678 1575 811 1614; x_wconf 81' lang='lat' dir='ltr'>Repetit</span> <span class='ocrx_word' id='word_1_225' title='bbox 834 1573 917 1614; x_wconf 89' lang='lat' dir='ltr'>quod</span> <span class='ocrx_word' id='word_1_226' title='bbox 941 1573 1038 1613; x_wconf 91' lang='lat' dir='ltr'>paulo</span> <span class='ocrx_word' id='word_1_227' title='bbox 1063 1574 1137 1603; x_wconf 88' lang='lat' dir='ltr'>ante</span> 
     </span>
     <span class='ocr_line' id='line_1_33' title="bbox 169 1615 1139 1662; baseline -0.01 -7"><span class='ocrx_word' id='word_1_228' title='bbox 169 1624 326 1662; x_wconf 85' lang='lat' dir='ltr'>vidimus,</span> <span class='ocrx_word' id='word_1_229' title='bbox 358 1621 509 1662; x_wconf 82' lang='lat' dir='ltr'>reliquias</span> <span class='ocrx_word' id='word_1_230' title='bbox 539 1619 752 1655; x_wconf 87' lang='lat' dir='ltr'>oblationum,</span> <span class='ocrx_word' id='word_1_231' title='bbox 783 1617 900 1657; x_wconf 91' lang='lat' dir='ltr'>quibus</span> <span class='ocrx_word' id='word_1_232' title='bbox 930 1616 1032 1647; x_wconf 88' lang='lat' dir='ltr'>maior</span> <span class='ocrx_word' id='word_1_233' title='bbox 1054 1615 1139 1645; x_wconf 86' lang='lat' dir='ltr'>inest</span> 
     </span>
     <span class='ocr_line' id='line_1_34' title="bbox 167 1657 1139 1702; baseline -0.011 -3"><span class='ocrx_word' id='word_1_234' title='bbox 167 1668 333 1702; x_wconf 82' lang='lat' dir='ltr'>sanctitas,</span> <span class='ocrx_word' id='word_1_235' title='bbox 352 1663 555 1696; x_wconf 80' lang='lat' dir='ltr'>sacerdotum</span> <span class='ocrx_word' id='word_1_236' title='bbox 576 1671 662 1693; x_wconf 82' lang='lat' dir='ltr'>esse:</span> <span class='ocrx_word' id='word_1_237' title='bbox 687 1661 741 1692; x_wconf 85' lang='lat' dir='ltr'>sed</span> <span class='ocrx_word' id='word_1_238' title='bbox 762 1671 800 1691; x_wconf 84' lang='lat' dir='ltr'>ea</span> <span class='ocrx_word' id='word_1_239' title='bbox 821 1660 900 1700; x_wconf 80' lang='lat' dir='ltr'>lege,</span> <span class='ocrx_word' id='word_1_240' title='bbox 925 1665 962 1690; x_wconf 89' lang='lat' dir='ltr'>ut</span> <span class='ocrx_word' id='word_1_241' title='bbox 982 1669 1045 1689; x_wconf 90' lang='lat' dir='ltr'>non</span> <span class='ocrx_word' id='word_1_242' title='bbox 1063 1657 1139 1688; x_wconf 90' lang='lat' dir='ltr'>alibi</span> 
     </span>
     <span class='ocr_line' id='line_1_35' title="bbox 167 1701 1139 1747; baseline -0.011 -5"><span class='ocrx_word' id='word_1_243' title='bbox 167 1710 383 1742; x_wconf 79' lang='lat' dir='ltr'>comedantur</span> <span class='ocrx_word' id='word_1_244' title='bbox 412 1717 509 1747; x_wconf 89' lang='lat' dir='ltr'>quam</span> <span class='ocrx_word' id='word_1_245' title='bbox 540 1706 572 1736; x_wconf 92' lang='lat' dir='ltr'>in</span> <span class='ocrx_word' id='word_1_246' title='bbox 596 1704 788 1736; x_wconf 82' lang='lat' dir='ltr'>sanctuario.</span> <span class='ocrx_word' id='word_1_247' title='bbox 835 1703 884 1733; x_wconf 92' lang='lat' dir='ltr'>De</span> <span class='ocrx_word' id='word_1_248' title='bbox 908 1701 1019 1733; x_wconf 82' lang='lat' dir='ltr'>minha</span> <span class='ocrx_word' id='word_1_249' title='bbox 1041 1701 1139 1732; x_wconf 86' lang='lat' dir='ltr'>etiam</span> 
     </span>
     <span class='ocr_line' id='line_1_36' title="bbox 169 1744 1139 1793; baseline -0.01 -9"><span class='ocrx_word' id='word_1_250' title='bbox 169 1753 308 1793; x_wconf 74' lang='lat' dir='ltr'>speciale</span> <span class='ocrx_word' id='word_1_251' title='bbox 339 1751 434 1782; x_wconf 89' lang='lat' dir='ltr'>datur</span> <span class='ocrx_word' id='word_1_252' title='bbox 464 1754 691 1790; x_wconf 85' lang='lat' dir='ltr'>praeceptum,</span> <span class='ocrx_word' id='word_1_253' title='bbox 720 1757 762 1777; x_wconf 90' lang='lat' dir='ltr'>ne</span> <span class='ocrx_word' id='word_1_254' title='bbox 785 1746 860 1776; x_wconf 85' lang='lat' dir='ltr'>inde</span> <span class='ocrx_word' id='word_1_255' title='bbox 884 1746 941 1776; x_wconf 83' lang='lat' dir='ltr'>fiat</span> <span class='ocrx_word' id='word_1_256' title='bbox 964 1745 1054 1785; x_wconf 88' lang='lat' dir='ltr'>panis</span> <span class='ocrx_word' id='word_1_257' title='bbox 1076 1744 1139 1774; x_wconf 76' lang='lat' dir='ltr'>fer-</span> 
     </span>
     <span class='ocr_line' id='line_1_37' title="bbox 169 1786 1139 1827; baseline -0.01 0"><span class='ocrx_word' id='word_1_258' title='bbox 169 1801 353 1827; x_wconf 83' lang='lat' dir='ltr'>mentatus:</span> <span class='ocrx_word' id='word_1_259' title='bbox 387 1804 461 1825; x_wconf 89' lang='lat' dir='ltr'>nam</span> <span class='ocrx_word' id='word_1_260' title='bbox 492 1792 551 1823; x_wconf 87' lang='lat' dir='ltr'>hoc</span> <span class='ocrx_word' id='word_1_261' title='bbox 577 1790 672 1822; x_wconf 90' lang='lat' dir='ltr'>modo</span> <span class='ocrx_word' id='word_1_262' title='bbox 702 1790 806 1820; x_wconf 87' lang='lat' dir='ltr'>farina</span> <span class='ocrx_word' id='word_1_263' title='bbox 837 1799 917 1827; x_wconf 86' lang='lat' dir='ltr'>quae</span> <span class='ocrx_word' id='word_1_264' title='bbox 949 1788 1010 1818; x_wconf 90' lang='lat' dir='ltr'>iam</span> <span class='ocrx_word' id='word_1_265' title='bbox 1035 1786 1139 1818; x_wconf 88' lang='lat' dir='ltr'>dicata</span> 
     </span>
     <span class='ocr_line' id='line_1_38' title="bbox 170 1830 1139 1874; baseline -0.01 -4"><span class='ocrx_word' id='word_1_266' title='bbox 170 1844 240 1870; x_wconf 86' lang='lat' dir='ltr'>erat</span> <span class='ocrx_word' id='word_1_267' title='bbox 264 1838 346 1874; x_wconf 91' lang='lat' dir='ltr'>Deo,</span> <span class='ocrx_word' id='word_1_268' title='bbox 372 1836 542 1867; x_wconf 83' lang='lat' dir='ltr'>transisset</span> <span class='ocrx_word' id='word_1_269' title='bbox 564 1835 597 1865; x_wconf 90' lang='lat' dir='ltr'>in</span> <span class='ocrx_word' id='word_1_270' title='bbox 623 1833 792 1872; x_wconf 81' lang='lat' dir='ltr'>vulgarem</span> <span class='ocrx_word' id='word_1_271' title='bbox 815 1832 938 1867; x_wconf 83' lang='lat' dir='ltr'>cibum,</span> <span class='ocrx_word' id='word_1_272' title='bbox 961 1830 1046 1870; x_wconf 90' lang='lat' dir='ltr'>quod</span> <span class='ocrx_word' id='word_1_273' title='bbox 1070 1830 1139 1860; x_wconf 89' lang='lat' dir='ltr'>sine</span> 
     </span>
     <span class='ocr_line' id='line_1_39' title="bbox 171 1872 1139 1922; baseline -0.009 -10"><span class='ocrx_word' id='word_1_274' title='bbox 171 1881 393 1922; x_wconf 82' lang='lat' dir='ltr'>profanatione</span> <span class='ocrx_word' id='word_1_275' title='bbox 428 1879 497 1910; x_wconf 88' lang='lat' dir='ltr'>fieri</span> <span class='ocrx_word' id='word_1_276' title='bbox 535 1888 600 1908; x_wconf 90' lang='lat' dir='ltr'>non</span> <span class='ocrx_word' id='word_1_277' title='bbox 631 1881 765 1917; x_wconf 84' lang='lat' dir='ltr'>poterat.</span> <span class='ocrx_word' id='word_1_278' title='bbox 815 1874 911 1913; x_wconf 82' lang='lat' dir='ltr'>Quod</span> <span class='ocrx_word' id='word_1_279' title='bbox 943 1884 1019 1914; x_wconf 86' lang='lat' dir='ltr'>ergo</span> <span class='ocrx_word' id='word_1_280' title='bbox 1051 1872 1139 1903; x_wconf 85' lang='lat' dir='ltr'>Deus</span> 
     </span>
     <span class='ocr_line' id='line_1_40' title="bbox 173 1915 1139 1962; baseline -0.01 -7"><span class='ocrx_word' id='word_1_281' title='bbox 173 1924 353 1955; x_wconf 67' lang='lat' dir='ltr'>sacerdotes</span> <span class='ocrx_word' id='word_1_282' title='bbox 382 1922 473 1962; x_wconf 81' lang='lat' dir='ltr'>quasi</span> <span class='ocrx_word' id='word_1_283' title='bbox 504 1922 536 1951; x_wconf 91' lang='lat' dir='ltr'>in</span> <span class='ocrx_word' id='word_1_284' title='bbox 561 1921 744 1951; x_wconf 83' lang='lat' dir='ltr'>convictum</span> <span class='ocrx_word' id='word_1_285' title='bbox 767 1917 926 1954; x_wconf 82' lang='lat' dir='ltr'>admittit,</span> <span class='ocrx_word' id='word_1_286' title='bbox 957 1917 1016 1948; x_wconf 91' lang='lat' dir='ltr'>hoc</span> <span class='ocrx_word' id='word_1_287' title='bbox 1039 1915 1139 1955; x_wconf 87' lang='lat' dir='ltr'>privi-</span> 
     </span>
     <span class='ocr_line' id='line_1_41' title="bbox 172 1959 1138 2007; baseline -0.009 -9"><span class='ocrx_word' id='word_1_288' title='bbox 172 1968 255 2007; x_wconf 80' lang='lat' dir='ltr'>legio</span> <span class='ocrx_word' id='word_1_289' title='bbox 287 1977 349 1997; x_wconf 89' lang='lat' dir='ltr'>non</span> <span class='ocrx_word' id='word_1_290' title='bbox 374 1975 488 2006; x_wconf 76' lang='lat' dir='ltr'>parum</span> <span class='ocrx_word' id='word_1_291' title='bbox 513 1970 648 1994; x_wconf 85' lang='lat' dir='ltr'>ornatur</span> <span class='ocrx_word' id='word_1_292' title='bbox 672 1962 817 1993; x_wconf 88' lang='lat' dir='ltr'>muneris</span> <span class='ocrx_word' id='word_1_293' title='bbox 841 1960 998 2000; x_wconf 70' lang='lat' dir='ltr'>dignitas:</span> <span class='ocrx_word' id='word_1_294' title='bbox 1023 1959 1069 1990; x_wconf 90' lang='lat' dir='ltr'>sic</span> <span class='ocrx_word' id='word_1_295' title='bbox 1093 1964 1138 1989; x_wconf 85' lang='lat' dir='ltr'>ta-</span> 
     </span>
     <span class='ocr_line' id='line_1_42' title="bbox 174 2001 1140 2048; baseline -0.009 -7"><span class='ocrx_word' id='word_1_296' title='bbox 174 2021 256 2048; x_wconf 85' lang='lat' dir='ltr'>men,</span> <span class='ocrx_word' id='word_1_297' title='bbox 279 2021 318 2040; x_wconf 90' lang='lat' dir='ltr'>nc</span> <span class='ocrx_word' id='word_1_298' title='bbox 338 2020 377 2040; x_wconf 78' lang='lat' dir='ltr'>ex</span> <span class='ocrx_word' id='word_1_299' title='bbox 397 2018 508 2039; x_wconf 90' lang='lat' dir='ltr'>eorum</span> <span class='ocrx_word' id='word_1_300' title='bbox 528 2006 659 2037; x_wconf 85' lang='lat' dir='ltr'>licentia</span> <span class='ocrx_word' id='word_1_301' title='bbox 679 2006 845 2035; x_wconf 88' lang='lat' dir='ltr'>minuatur</span> <span class='ocrx_word' id='word_1_302' title='bbox 869 2003 1051 2034; x_wconf 80' lang='lat' dir='ltr'>reverentia</span> <span class='ocrx_word' id='word_1_303' title='bbox 1074 2001 1140 2033; x_wconf 88' lang='lat' dir='ltr'>cul-</span> 
     </span>
     <span class='ocr_line' id='line_1_43' title="bbox 174 2044 1140 2089; baseline -0.011 -5"><span class='ocrx_word' id='word_1_304' title='bbox 174 2061 226 2083; x_wconf 83' lang='lat' dir='ltr'>tus</span> <span class='ocrx_word' id='word_1_305' title='bbox 251 2054 319 2083; x_wconf 83' lang='lat' dir='ltr'>Dei.</span> <span class='ocrx_word' id='word_1_306' title='bbox 367 2052 483 2082; x_wconf 81' lang='lat' dir='ltr'>Postea</span> <span class='ocrx_word' id='word_1_307' title='bbox 507 2051 538 2080; x_wconf 85' lang='lat' dir='ltr'>in</span> <span class='ocrx_word' id='word_1_308' title='bbox 563 2059 681 2089; x_wconf 84' lang='lat' dir='ltr'>genere</span> <span class='ocrx_word' id='word_1_309' title='bbox 704 2048 874 2079; x_wconf 86' lang='lat' dir='ltr'>confirmat</span> <span class='ocrx_word' id='word_1_310' title='bbox 899 2046 1006 2077; x_wconf 85' lang='lat' dir='ltr'>Moses</span> <span class='ocrx_word' id='word_1_311' title='bbox 1029 2045 1080 2075; x_wconf 87' lang='lat' dir='ltr'>ius</span> <span class='ocrx_word' id='word_1_312' title='bbox 1103 2044 1140 2074; x_wconf 91' lang='lat' dir='ltr'>il-</span> 
     </span>
     <span class='ocr_line' id='line_1_44' title="bbox 174 2087 1142 2135; baseline -0.009 -9"><span class='ocrx_word' id='word_1_313' title='bbox 174 2096 239 2133; x_wconf 77' lang='lat' dir='ltr'>lud,</span> <span class='ocrx_word' id='word_1_314' title='bbox 263 2095 346 2135; x_wconf 88' lang='lat' dir='ltr'>quod</span> <span class='ocrx_word' id='word_1_315' title='bbox 367 2100 440 2124; x_wconf 85' lang='lat' dir='ltr'>ante</span> <span class='ocrx_word' id='word_1_316' title='bbox 459 2093 523 2124; x_wconf 83' lang='lat' dir='ltr'>illis</span> <span class='ocrx_word' id='word_1_317' title='bbox 546 2092 702 2129; x_wconf 81' lang='lat' dir='ltr'>attribuit,</span> <span class='ocrx_word' id='word_1_318' title='bbox 727 2096 761 2121; x_wconf 89' lang='lat' dir='ltr'>ut</span> <span class='ocrx_word' id='word_1_319' title='bbox 784 2089 867 2129; x_wconf 88' lang='lat' dir='ltr'>quod</span> <span class='ocrx_word' id='word_1_320' title='bbox 892 2089 1057 2120; x_wconf 89' lang='lat' dir='ltr'>residuum</span> <span class='ocrx_word' id='word_1_321' title='bbox 1081 2087 1142 2117; x_wconf 90' lang='lat' dir='ltr'>erit</span> 
     </span>
     <span class='ocr_line' id='line_1_45' title="bbox 175 2130 1140 2179; baseline -0.009 -10"><span class='ocrx_word' id='word_1_322' title='bbox 175 2149 214 2169; x_wconf 80' lang='lat' dir='ltr'>ex</span> <span class='ocrx_word' id='word_1_323' title='bbox 236 2139 346 2179; x_wconf 70' lang='lat' dir='ltr'>ignitis</span> <span class='ocrx_word' id='word_1_324' title='bbox 365 2136 532 2168; x_wconf 81' lang='lat' dir='ltr'>sacrificiis</span> <span class='ocrx_word' id='word_1_325' title='bbox 557 2140 696 2172; x_wconf 85' lang='lat' dir='ltr'>sumant,</span> <span class='ocrx_word' id='word_1_326' title='bbox 722 2133 816 2164; x_wconf 86' lang='lat' dir='ltr'>modo</span> <span class='ocrx_word' id='word_1_327' title='bbox 840 2144 857 2163; x_wconf 81' lang='lat' dir='ltr'>a</span> <span class='ocrx_word' id='word_1_328' title='bbox 881 2131 957 2163; x_wconf 86' lang='lat' dir='ltr'>solis</span> <span class='ocrx_word' id='word_1_329' title='bbox 980 2130 1140 2167; x_wconf 86' lang='lat' dir='ltr'>masculis,</span> 
     </span>
     <span class='ocr_line' id='line_1_46' title="bbox 176 2173 1143 2216; baseline -0.009 -4"><span class='ocrx_word' id='word_1_330' title='bbox 176 2189 206 2211; x_wconf 82' lang='lat' dir='ltr'>ct</span> <span class='ocrx_word' id='word_1_331' title='bbox 230 2183 261 2212; x_wconf 86' lang='lat' dir='ltr'>in</span> <span class='ocrx_word' id='word_1_332' title='bbox 287 2182 353 2211; x_wconf 86' lang='lat' dir='ltr'>loco</span> <span class='ocrx_word' id='word_1_333' title='bbox 377 2190 467 2211; x_wconf 85' lang='lat' dir='ltr'>sacro</span> <span class='ocrx_word' id='word_1_334' title='bbox 490 2177 691 2210; x_wconf 84' lang='lat' dir='ltr'>comedatur:</span> <span class='ocrx_word' id='word_1_335' title='bbox 721 2182 757 2206; x_wconf 91' lang='lat' dir='ltr'>ut</span> <span class='ocrx_word' id='word_1_336' title='bbox 780 2177 850 2216; x_wconf 84' lang='lat' dir='ltr'>ipsa</span> <span class='ocrx_word' id='word_1_337' title='bbox 874 2175 936 2206; x_wconf 91' lang='lat' dir='ltr'>Dei</span> <span class='ocrx_word' id='word_1_338' title='bbox 960 2173 1143 2214; x_wconf 84' lang='lat' dir='ltr'>praesentia</span> 
     </span>
     <span class='ocr_line' id='line_1_47' title="bbox 177 2215 1142 2254; baseline -0.009 1"><span class='ocrx_word' id='word_1_339' title='bbox 177 2235 240 2254; x_wconf 85' lang='lat' dir='ltr'>non</span> <span class='ocrx_word' id='word_1_340' title='bbox 266 2223 360 2254; x_wconf 81' lang='lat' dir='ltr'>inodo</span> <span class='ocrx_word' id='word_1_341' title='bbox 384 2223 545 2253; x_wconf 81' lang='lat' dir='ltr'>luxuriem</span> <span class='ocrx_word' id='word_1_342' title='bbox 571 2227 602 2251; x_wconf 89' lang='lat' dir='ltr'>et</span> <span class='ocrx_word' id='word_1_343' title='bbox 625 2219 894 2251; x_wconf 86' lang='lat' dir='ltr'>incontinentiam</span> <span class='ocrx_word' id='word_1_344' title='bbox 919 2217 1061 2250; x_wconf 73' lang='lat' dir='ltr'>fraenet,</span> <span class='ocrx_word' id='word_1_345' title='bbox 1086 2215 1142 2246; x_wconf 89' lang='lat' dir='ltr'>sed</span> 
     </span>
     <span class='ocr_line' id='line_1_48' title="bbox 176 2258 1143 2301; baseline -0.009 -3"><span class='ocrx_word' id='word_1_346' title='bbox 176 2268 214 2298; x_wconf 82' lang='lat' dir='ltr'>ad</span> <span class='ocrx_word' id='word_1_347' title='bbox 236 2267 442 2298; x_wconf 73' lang='lat' dir='ltr'>sobrietatem</span> <span class='ocrx_word' id='word_1_348' title='bbox 463 2275 517 2295; x_wconf 88' lang='lat' dir='ltr'>eos</span> <span class='ocrx_word' id='word_1_349' title='bbox 540 2265 657 2295; x_wconf 88' lang='lat' dir='ltr'>formet</span> <span class='ocrx_word' id='word_1_350' title='bbox 669 2262 730 2293; x_wconf 83' lang='lat' dir='ltr'>Dei</span> <span class='ocrx_word' id='word_1_351' title='bbox 755 2262 857 2293; x_wconf 86' lang='lat' dir='ltr'>servis</span> <span class='ocrx_word' id='word_1_352' title='bbox 881 2260 1030 2301; x_wconf 80' lang='lat' dir='ltr'>dignam:</span> <span class='ocrx_word' id='word_1_353' title='bbox 1054 2258 1143 2289; x_wconf 90' lang='lat' dir='ltr'>deni-</span> 
     </span>
     <span class='ocr_line' id='line_1_49' title="bbox 178 2303 1142 2350; baseline -0.009 -10"><span class='ocrx_word' id='word_1_354' title='bbox 178 2320 238 2350; x_wconf 87' lang='lat' dir='ltr'>que</span> <span class='ocrx_word' id='word_1_355' title='bbox 262 2310 455 2340; x_wconf 73' lang='lat' dir='ltr'>assuefaciat</span> <span class='ocrx_word' id='word_1_356' title='bbox 479 2307 518 2338; x_wconf 84' lang='lat' dir='ltr'>ad</span> <span class='ocrx_word' id='word_1_357' title='bbox 541 2317 699 2338; x_wconf 88' lang='lat' dir='ltr'>summam</span> <span class='ocrx_word' id='word_1_358' title='bbox 726 2305 916 2344; x_wconf 89' lang='lat' dir='ltr'>puritatem,</span> <span class='ocrx_word' id='word_1_359' title='bbox 949 2303 1024 2333; x_wconf 87' lang='lat' dir='ltr'>dum</span> <span class='ocrx_word' id='word_1_360' title='bbox 1048 2312 1142 2341; x_wconf 85' lang='lat' dir='ltr'>repu-</span> 
     </span>
     <span class='ocr_line' id='line_1_50' title="bbox 179 2346 1143 2388; baseline -0.009 -5"><span class='ocrx_word' id='word_1_361' title='bbox 179 2358 245 2383; x_wconf 86' lang='lat' dir='ltr'>tant</span> <span class='ocrx_word' id='word_1_362' title='bbox 278 2364 310 2381; x_wconf 58' lang='grc' dir='ltr'>,ψ</span> <span class='ocrx_word' id='word_1_363' title='bbox 340 2351 379 2382; x_wconf 81' lang='lat' dir='ltr'>ab</span> <span class='ocrx_word' id='word_1_364' title='bbox 410 2351 480 2382; x_wconf 84' lang='lat' dir='ltr'>aliis</span> <span class='ocrx_word' id='word_1_365' title='bbox 510 2350 661 2380; x_wconf 84' lang='lat' dir='ltr'>omnibus</span> <span class='ocrx_word' id='word_1_366' title='bbox 684 2352 879 2388; x_wconf 70' lang='lat' dir='ltr'>segregatos</span> <span class='ocrx_word' id='word_1_367' title='bbox 924 2346 962 2377; x_wconf 88' lang='lat' dir='ltr'>In</span> <span class='ocrx_word' id='word_1_368' title='bbox 989 2346 1050 2376; x_wconf 83' lang='lat' dir='ltr'>fine</span> <span class='ocrx_word' id='word_1_369' title='bbox 1072 2355 1143 2375; x_wconf 83' lang='lat' dir='ltr'>ver-</span> 
     </span>
     <span class='ocr_line' id='line_1_51' title="bbox 180 2387 1144 2431; baseline -0.009 -5"><span class='ocrx_word' id='word_1_370' title='bbox 180 2407 231 2426; x_wconf 67' lang='lat' dir='ltr'>sus</span> <span class='ocrx_word' id='word_1_371' title='bbox 256 2396 293 2426; x_wconf 75' lang='lat'>13</span> <span class='ocrx_word' id='word_1_372' title='bbox 315 2396 366 2425; x_wconf 76' lang='lat' dir='ltr'>alii</span> <span class='ocrx_word' id='word_1_373' title='bbox 389 2400 518 2424; x_wconf 84' lang='lat' dir='ltr'>vertunt</span> <span class='ocrx_word' id='word_1_374' title='bbox 540 2394 570 2423; x_wconf 90' lang='lat' dir='ltr'>in</span> <span class='ocrx_word' id='word_1_375' title='bbox 593 2398 706 2423; x_wconf 88' lang='lat' dir='ltr'>neutro</span> <span class='ocrx_word' id='word_1_376' title='bbox 726 2400 859 2431; x_wconf 82' lang='lat' dir='ltr'>genere:</span> <span class='ocrx_word' id='word_1_377' title='bbox 882 2388 975 2428; x_wconf 78' lang='lat' dir='ltr'>Quod</span> <span class='ocrx_word' id='word_1_378' title='bbox 1001 2387 1144 2428; x_wconf 84' lang='lat' dir='ltr'>tetigerit</span> 
     </span>
     <span class='ocr_line' id='line_1_52' title="bbox 180 2430 1142 2470; baseline -0.008 -2"><span class='ocrx_word' id='word_1_379' title='bbox 180 2450 232 2468; x_wconf 49' lang='grc' dir='ltr'>εἰς</span> <span class='ocrx_word' id='word_1_380' title='bbox 253 2437 522 2468; x_wconf 56' lang='lat' dir='ltr'>⁴salictiticabitur:</span> <span class='ocrx_word' id='word_1_381' title='bbox 548 2435 602 2465; x_wconf 73' lang='lat' dir='ltr'>scd</span> <span class='ocrx_word' id='word_1_382' title='bbox 627 2435 686 2465; x_wconf 88' lang='lat' dir='ltr'>hoc</span> <span class='ocrx_word' id='word_1_383' title='bbox 711 2434 777 2465; x_wconf 82' lang='lat' dir='ltr'>loco</span> <span class='ocrx_word' id='word_1_384' title='bbox 803 2433 930 2463; x_wconf 78' lang='lat' dir='ltr'>videtur</span> <span class='ocrx_word' id='word_1_385' title='bbox 954 2430 1031 2462; x_wconf 83' lang='lat' dir='ltr'>mihi</span> <span class='ocrx_word' id='word_1_386' title='bbox 1053 2441 1142 2470; x_wconf 88' lang='lat' dir='ltr'>prae-</span> 
     </span>
     <span class='ocr_line' id='line_1_53' title="bbox 181 2473 1142 2520; baseline -0.009 -9"><span class='ocrx_word' id='word_1_387' title='bbox 181 2482 284 2520; x_wconf 69' lang='lat' dir='ltr'>ripere</span> <span class='ocrx_word' id='word_1_388' title='bbox 310 2481 424 2517; x_wconf 59' lang='lat' dir='ltr'>Moses,</span> <span class='ocrx_word' id='word_1_389' title='bbox 449 2490 487 2510; x_wconf 88' lang='lat' dir='ltr'>ne</span> <span class='ocrx_word' id='word_1_390' title='bbox 512 2479 564 2509; x_wconf 90' lang='lat' dir='ltr'>alii</span> <span class='ocrx_word' id='word_1_391' title='bbox 587 2488 681 2518; x_wconf 76' lang='lat' dir='ltr'>quam</span> <span class='ocrx_word' id='word_1_392' title='bbox 706 2475 887 2507; x_wconf 78' lang='lat' dir='ltr'>sacerdotes</span> <span class='ocrx_word' id='word_1_393' title='bbox 912 2474 1023 2505; x_wconf 87' lang='lat' dir='ltr'>minha</span> <span class='ocrx_word' id='word_1_394' title='bbox 1047 2473 1142 2503; x_wconf 85' lang='lat' dir='ltr'>attin-</span> 
     </span>
     <span class='ocr_line' id='line_1_54' title="bbox 182 2516 1144 2564; baseline -0.008 -11"><span class='ocrx_word' id='word_1_395' title='bbox 182 2531 269 2564; x_wconf 81' lang='lat' dir='ltr'>gunt.</span> <span class='ocrx_word' id='word_1_396' title='bbox 304 2523 388 2554; x_wconf 81' lang='lat' dir='ltr'>Alibi</span> <span class='ocrx_word' id='word_1_397' title='bbox 410 2522 448 2553; x_wconf 63' lang='lat' dir='ltr'>‹lc</span> <span class='ocrx_word' id='word_1_398' title='bbox 468 2522 560 2552; x_wconf 85' lang='lat' dir='ltr'>altari</span> <span class='ocrx_word' id='word_1_399' title='bbox 581 2527 610 2551; x_wconf 84' lang='lat' dir='ltr'>ct</span> <span class='ocrx_word' id='word_1_400' title='bbox 635 2521 722 2551; x_wconf 85' lang='lat' dir='ltr'>vasis</span> <span class='ocrx_word' id='word_1_401' title='bbox 746 2519 867 2550; x_wconf 84' lang='lat' dir='ltr'>dictum</span> <span class='ocrx_word' id='word_1_402' title='bbox 892 2518 961 2554; x_wconf 85' lang='lat' dir='ltr'>fuit,</span> <span class='ocrx_word' id='word_1_403' title='bbox 986 2516 1144 2546; x_wconf 86' lang='lat' dir='ltr'>unctionis</span> 
     </span>
     <span class='ocr_line' id='line_1_55' title="bbox 183 2559 1143 2603; baseline -0.008 -7"><span class='ocrx_word' id='word_1_404' title='bbox 183 2578 258 2596; x_wconf 63' lang='grc' dir='ltr'>ειιῑιυ</span> <span class='ocrx_word' id='word_1_405' title='bbox 294 2567 412 2596; x_wconf 75' lang='lat' dir='ltr'>virtute</span> <span class='ocrx_word' id='word_1_406' title='bbox 447 2565 649 2595; x_wconf 66' lang='lat' dir='ltr'>sanctific-art¹</span> <span class='ocrx_word' id='word_1_407' title='bbox 683 2561 837 2603; x_wconf 77' lang='lat' dir='ltr'>quidquid</span> <span class='ocrx_word' id='word_1_408' title='bbox 874 2561 937 2591; x_wconf 88' lang='lat' dir='ltr'>illic</span> <span class='ocrx_word' id='word_1_409' title='bbox 969 2559 1143 2599; x_wconf 74' lang='lat' dir='ltr'>reponitur.</span> 
     </span>
     <span class='ocr_line' id='line_1_56' title="bbox 184 2603 1145 2645; baseline -0.006 -8"><span class='ocrx_word' id='word_1_410' title='bbox 184 2609 306 2639; x_wconf 73' lang='lat' dir='ltr'>Verum</span> <span class='ocrx_word' id='word_1_411' title='bbox 343 2619 427 2639; x_wconf 83' lang='lat' dir='ltr'>nunc</span> <span class='ocrx_word' id='word_1_412' title='bbox 463 2607 609 2637; x_wconf 71' lang='lat' dir='ltr'>videmus</span> <span class='ocrx_word' id='word_1_413' title='bbox 643 2606 744 2637; x_wconf 79' lang='lat' dir='ltr'>arceri</span> <span class='ocrx_word' id='word_1_414' title='bbox 779 2604 893 2645; x_wconf 84' lang='lat' dir='ltr'>vulgus</span> <span class='ocrx_word' id='word_1_415' title='bbox 927 2603 1095 2633; x_wconf 86' lang='lat' dir='ltr'>hominum</span> <span class='ocrx_word' id='word_1_416' title='bbox 1128 2611 1145 2631; x_wconf 81' lang='lat' dir='ltr'>a</span> 
     </span>
     <span class='ocr_line' id='line_1_57' title="bbox 184 2643 1144 2687; baseline -0.007 -6"><span class='ocrx_word' id='word_1_417' title='bbox 184 2658 333 2682; x_wconf 62' lang='lat' dir='ltr'>cont-„tvm</span> <span class='ocrx_word' id='word_1_418' title='bbox 368 2656 566 2687; x_wconf 77' lang='lat' dir='ltr'>sanctorum,</span> <span class='ocrx_word' id='word_1_419' title='bbox 610 2654 643 2680; x_wconf 88' lang='lat' dir='ltr'>ut</span> <span class='ocrx_word' id='word_1_420' title='bbox 678 2659 736 2679; x_wconf 87' lang='lat' dir='ltr'>sua</span> <span class='ocrx_word' id='word_1_421' title='bbox 771 2647 820 2678; x_wconf 82' lang='lat' dir='ltr'>liis</span> <span class='ocrx_word' id='word_1_422' title='bbox 861 2651 988 2677; x_wconf 83' lang='lat' dir='ltr'>maneat</span> <span class='ocrx_word' id='word_1_423' title='bbox 1023 2643 1144 2684; x_wconf 85' lang='lat' dir='ltr'>religio.</span> 
     </span>
    </p>
   </div>
   <div class='ocr_carea' id='block_1_3' title="bbox 847 190 1451 225">
    <p class='ocr_par' dir='ltr' id='par_1_4' title="bbox 847 190 1451 225">
     <span class='ocr_line' id='line_1_58' title="bbox 847 190 1451 225; baseline 0.002 -3"><span class='ocrx_word' id='word_1_424' title='bbox 847 190 1103 223; x_wconf 82' lang='lat' dir='ltr'>SECUNDUM</span> <span class='ocrx_word' id='word_1_425' title='bbox 1128 192 1451 225; x_wconf 77' lang='lat' dir='ltr'>PRAEOEPTUM.</span> 
     </span>
    </p>
   </div>
   <div class='ocr_carea' id='block_1_4' title="bbox 1147 287 1173 2280">
    <p class='ocr_par' dir='ltr' id='par_1_5' title="bbox 1147 287 1173 2280">
     <span class='ocr_line' id='line_1_59' title="bbox 1147 287 1173 2280; baseline 0 0"><span class='ocrx_word' id='word_1_426' title='bbox 1147 287 1173 2280; x_wconf 95' lang='lat' dir='ltr'> </span> 
     </span>
    </p>
   </div>
   <div class='ocr_carea' id='block_1_5' title="bbox 2076 186 2138 219">
    <p class='ocr_par' dir='ltr' id='par_1_6' title="bbox 2076 186 2138 219">
     <span class='ocr_line' id='line_1_60' title="bbox 2076 186 2138 219; baseline 0.016 -1"><span class='ocrx_word' id='word_1_427' title='bbox 2076 186 2138 219; x_wconf 83' lang='lat'>476</span> 
     </span>
    </p>
   </div>
   <div class='ocr_carea' id='block_1_6' title="bbox 1172 281 2147 1010">
    <p class='ocr_par' dir='ltr' id='par_1_7' title="bbox 1172 281 2147 1010">
     <span class='ocr_line' id='line_1_61' title="bbox 1174 281 2138 318; baseline -0.005 -1"><span class='ocrx_word' id='word_1_428' title='bbox 1174 285 1305 318; x_wconf 77' lang='lat' dir='ltr'>Scimus</span> <span class='ocrx_word' id='word_1_429' title='bbox 1333 289 1439 316; x_wconf 87' lang='lat' dir='ltr'>autem</span> <span class='ocrx_word' id='word_1_430' title='bbox 1470 285 1551 316; x_wconf 81' lang='lat' dir='ltr'>filios</span> <span class='ocrx_word' id='word_1_431' title='bbox 1576 284 1707 315; x_wconf 87' lang='lat' dir='ltr'>Aharon</span> <span class='ocrx_word' id='word_1_432' title='bbox 1738 287 1849 313; x_wconf 85' lang='lat' dir='ltr'>unctos</span> <span class='ocrx_word' id='word_1_433' title='bbox 1878 282 1977 313; x_wconf 86' lang='lat' dir='ltr'>fuisse</span> <span class='ocrx_word' id='word_1_434' title='bbox 2006 281 2041 312; x_wconf 88' lang='lat' dir='ltr'>iu</span> <span class='ocrx_word' id='word_1_435' title='bbox 2063 291 2138 312; x_wconf 90' lang='lat' dir='ltr'>eum</span> 
     </span>
     <span class='ocr_line' id='line_1_62' title="bbox 1174 323 2139 368; baseline -0.005 -8"><span class='ocrx_word' id='word_1_436' title='bbox 1174 329 1274 360; x_wconf 91' lang='lat' dir='ltr'>finem</span> <span class='ocrx_word' id='word_1_437' title='bbox 1289 333 1323 359; x_wconf 91' lang='lat' dir='ltr'>ut</span> <span class='ocrx_word' id='word_1_438' title='bbox 1336 328 1413 360; x_wconf 86' lang='lat' dir='ltr'>solis</span> <span class='ocrx_word' id='word_1_439' title='bbox 1425 328 1503 368; x_wconf 84' lang='lat' dir='ltr'>ipsis</span> <span class='ocrx_word' id='word_1_440' title='bbox 1516 327 1677 367; x_wconf 86' lang='lat' dir='ltr'>attingere</span> <span class='ocrx_word' id='word_1_441' title='bbox 1689 326 1800 357; x_wconf 88' lang='lat' dir='ltr'>liceret</span> <span class='ocrx_word' id='word_1_442' title='bbox 1812 323 1968 365; x_wconf 90' lang='lat' dir='ltr'>quidquid</span> <span class='ocrx_word' id='word_1_443' title='bbox 1983 325 2051 356; x_wconf 87' lang='lat' dir='ltr'>Deo</span> <span class='ocrx_word' id='word_1_444' title='bbox 2063 333 2139 355; x_wconf 87' lang='lat' dir='ltr'>con-</span> 
     </span>
     <span class='ocr_line' id='line_1_63' title="bbox 1174 367 2139 406; baseline -0.005 -3"><span class='ocrx_word' id='word_1_445' title='bbox 1174 379 1337 403; x_wconf 84' lang='lat' dir='ltr'>secratum</span> <span class='ocrx_word' id='word_1_446' title='bbox 1368 376 1446 402; x_wconf 87' lang='lat' dir='ltr'>erat.</span> <span class='ocrx_word' id='word_1_447' title='bbox 1492 370 1568 401; x_wconf 87' lang='lat' dir='ltr'>Ideo</span> <span class='ocrx_word' id='word_1_448' title='bbox 1600 369 1733 400; x_wconf 87' lang='lat' dir='ltr'>verbum</span> <span class='ocrx_word' id='word_1_449' title='bbox 1764 367 1868 399; x_wconf 80' lang='lat' dir='ltr'>futuri</span> <span class='ocrx_word' id='word_1_450' title='bbox 1891 367 2045 406; x_wconf 83' lang='lat' dir='ltr'>temporis</span> <span class='ocrx_word' id='word_1_451' title='bbox 2070 367 2139 398; x_wconf 90' lang='lat' dir='ltr'>vice</span> 
     </span>
     <span class='ocr_line' id='line_1_64' title="bbox 1172 409 2140 455; baseline -0.005 -10"><span class='ocrx_word' id='word_1_452' title='bbox 1172 414 1357 455; x_wconf 84' lang='lat' dir='ltr'>imperativi</span> <span class='ocrx_word' id='word_1_453' title='bbox 1375 414 1522 451; x_wconf 77' lang='lat' dir='ltr'>sumitur,</span> <span class='ocrx_word' id='word_1_454' title='bbox 1546 413 1591 444; x_wconf 88' lang='lat' dir='ltr'>sic</span> <span class='ocrx_word' id='word_1_455' title='bbox 1611 413 1707 443; x_wconf 81' lang='lat' dir='ltr'>etiam</span> <span class='ocrx_word' id='word_1_456' title='bbox 1727 411 1822 451; x_wconf 87' lang='lat' dir='ltr'>paulo</span> <span class='ocrx_word' id='word_1_457' title='bbox 1844 415 1916 450; x_wconf 85' lang='lat' dir='ltr'>post</span> <span class='ocrx_word' id='word_1_458' title='bbox 1940 410 1992 441; x_wconf 90' lang='lat' dir='ltr'>ubi</span> <span class='ocrx_word' id='word_1_459' title='bbox 2015 409 2054 441; x_wconf 88' lang='lat' dir='ltr'>de</span> <span class='ocrx_word' id='word_1_460' title='bbox 2077 410 2140 441; x_wconf 85' lang='lat' dir='ltr'>vic-</span> 
     </span>
     <span class='ocr_line' id='line_1_65' title="bbox 1174 452 2138 497; baseline -0.006 -9"><span class='ocrx_word' id='word_1_461' title='bbox 1174 457 1262 488; x_wconf 86' lang='lat' dir='ltr'>timis</span> <span class='ocrx_word' id='word_1_462' title='bbox 1285 457 1408 497; x_wconf 83' lang='lat' dir='ltr'>agitur:</span> <span class='ocrx_word' id='word_1_463' title='bbox 1435 456 1499 495; x_wconf 82' lang='lat' dir='ltr'>Qui</span> <span class='ocrx_word' id='word_1_464' title='bbox 1523 455 1666 497; x_wconf 83' lang='lat' dir='ltr'>tetigerit</span> <span class='ocrx_word' id='word_1_465' title='bbox 1689 465 1819 486; x_wconf 87' lang='lat' dir='ltr'>carnem</span> <span class='ocrx_word' id='word_1_466' title='bbox 1841 454 1909 484; x_wconf 84' lang='lat' dir='ltr'>eius</span> <span class='ocrx_word' id='word_1_467' title='bbox 1932 457 2064 484; x_wconf 85' lang='lat' dir='ltr'>sanctus</span> <span class='ocrx_word' id='word_1_468' title='bbox 2087 452 2138 490; x_wconf 84' lang='lat' dir='ltr'>sit,</span> 
     </span>
     <span class='ocr_line' id='line_1_66' title="bbox 1174 495 2140 540; baseline -0.005 -10"><span class='ocrx_word' id='word_1_469' title='bbox 1174 500 1249 540; x_wconf 88' lang='lat' dir='ltr'>quia</span> <span class='ocrx_word' id='word_1_470' title='bbox 1277 500 1327 530; x_wconf 87' lang='lat' dir='ltr'>ius</span> <span class='ocrx_word' id='word_1_471' title='bbox 1358 499 1518 539; x_wconf 85' lang='lat' dir='ltr'>peculiare</span> <span class='ocrx_word' id='word_1_472' title='bbox 1549 497 1769 530; x_wconf 84' lang='lat' dir='ltr'>sacerdotibus</span> <span class='ocrx_word' id='word_1_473' title='bbox 1799 496 1914 527; x_wconf 86' lang='lat' dir='ltr'>statuit</span> <span class='ocrx_word' id='word_1_474' title='bbox 1943 495 2067 532; x_wconf 85' lang='lat' dir='ltr'>Moses,</span> <span class='ocrx_word' id='word_1_475' title='bbox 2104 499 2140 526; x_wconf 89' lang='lat' dir='ltr'>ut</span> 
     </span>
     <span class='ocr_line' id='line_1_67' title="bbox 1174 537 2140 578; baseline -0.004 -5"><span class='ocrx_word' id='word_1_476' title='bbox 1174 543 1233 574; x_wconf 89' lang='lat' dir='ltr'>soli</span> <span class='ocrx_word' id='word_1_477' title='bbox 1261 547 1399 573; x_wconf 86' lang='lat' dir='ltr'>tractent</span> <span class='ocrx_word' id='word_1_478' title='bbox 1427 541 1590 573; x_wconf 82' lang='lat' dir='ltr'>sacrificia.</span> <span class='ocrx_word' id='word_1_479' title='bbox 1640 540 1708 571; x_wconf 90' lang='lat' dir='ltr'>Nec</span> <span class='ocrx_word' id='word_1_480' title='bbox 1738 539 1843 570; x_wconf 85' lang='lat' dir='ltr'>obstat</span> <span class='ocrx_word' id='word_1_481' title='bbox 1875 537 1958 578; x_wconf 91' lang='lat' dir='ltr'>quod</span> <span class='ocrx_word' id='word_1_482' title='bbox 1988 538 2140 570; x_wconf 90' lang='lat' dir='ltr'>continuo</span> 
     </span>
     <span class='ocr_line' id='line_1_68' title="bbox 1175 582 2140 625; baseline -0.005 -9"><span class='ocrx_word' id='word_1_483' title='bbox 1175 591 1247 625; x_wconf 86' lang='lat' dir='ltr'>post</span> <span class='ocrx_word' id='word_1_484' title='bbox 1269 585 1412 616; x_wconf 87' lang='lat' dir='ltr'>additur:</span> <span class='ocrx_word' id='word_1_485' title='bbox 1445 584 1482 616; x_wconf 78' lang='lat' dir='ltr'>Si</span> <span class='ocrx_word' id='word_1_486' title='bbox 1506 584 1678 615; x_wconf 83' lang='lat' dir='ltr'>defluxerit</span> <span class='ocrx_word' id='word_1_487' title='bbox 1699 582 1832 623; x_wconf 84' lang='lat' dir='ltr'>sanguis</span> <span class='ocrx_word' id='word_1_488' title='bbox 1854 582 1887 612; x_wconf 90' lang='lat' dir='ltr'>in</span> <span class='ocrx_word' id='word_1_489' title='bbox 1911 586 2050 619; x_wconf 82' lang='lat' dir='ltr'>vestem,</span> <span class='ocrx_word' id='word_1_490' title='bbox 2081 584 2140 612; x_wconf 85' lang='lat' dir='ltr'>etc.</span> 
     </span>
     <span class='ocr_line' id='line_1_69' title="bbox 1176 623 2143 668; baseline -0.005 -9"><span class='ocrx_word' id='word_1_491' title='bbox 1176 628 1289 668; x_wconf 88' lang='lat' dir='ltr'>Neque</span> <span class='ocrx_word' id='word_1_492' title='bbox 1308 628 1394 658; x_wconf 88' lang='lat' dir='ltr'>enim</span> <span class='ocrx_word' id='word_1_493' title='bbox 1413 627 1576 668; x_wconf 83' lang='lat' dir='ltr'>significat</span> <span class='ocrx_word' id='word_1_494' title='bbox 1596 635 1700 659; x_wconf 77' lang='lat' dir='ltr'>vestes</span> <span class='ocrx_word' id='word_1_495' title='bbox 1719 631 1774 656; x_wconf 87' lang='lat' dir='ltr'>aut</span> <span class='ocrx_word' id='word_1_496' title='bbox 1797 624 1860 656; x_wconf 86' lang='lat' dir='ltr'>alia</span> <span class='ocrx_word' id='word_1_497' title='bbox 1883 623 2043 664; x_wconf 85' lang='lat' dir='ltr'>quaelibet</span> <span class='ocrx_word' id='word_1_498' title='bbox 2067 633 2143 655; x_wconf 87' lang='lat' dir='ltr'>vasa</span> 
     </span>
     <span class='ocr_line' id='line_1_70' title="bbox 1176 666 2142 709; baseline -0.005 -7"><span class='ocrx_word' id='word_1_499' title='bbox 1176 671 1355 702; x_wconf 87' lang='lat' dir='ltr'>consecrari</span> <span class='ocrx_word' id='word_1_500' title='bbox 1375 670 1441 702; x_wconf 84' lang='lat' dir='ltr'>solo</span> <span class='ocrx_word' id='word_1_501' title='bbox 1460 675 1565 701; x_wconf 87' lang='lat' dir='ltr'>tactu:</span> <span class='ocrx_word' id='word_1_502' title='bbox 1590 670 1645 701; x_wconf 89' lang='lat' dir='ltr'>sed</span> <span class='ocrx_word' id='word_1_503' title='bbox 1665 673 1892 709; x_wconf 84' lang='lat' dir='ltr'>argumentum</span> <span class='ocrx_word' id='word_1_504' title='bbox 1917 672 1965 698; x_wconf 84' lang='lat' dir='ltr'>est</span> <span class='ocrx_word' id='word_1_505' title='bbox 1986 677 2004 698; x_wconf 92' lang='lat' dir='ltr'>a</span> <span class='ocrx_word' id='word_1_506' title='bbox 2026 666 2142 697; x_wconf 88' lang='lat' dir='ltr'>minori</span> 
     </span>
     <span class='ocr_line' id='line_1_71' title="bbox 1178 709 2144 752; baseline -0.006 -7"><span class='ocrx_word' id='word_1_507' title='bbox 1178 713 1218 744; x_wconf 85' lang='lat' dir='ltr'>ad</span> <span class='ocrx_word' id='word_1_508' title='bbox 1248 714 1367 751; x_wconf 86' lang='lat' dir='ltr'>maius,</span> <span class='ocrx_word' id='word_1_509' title='bbox 1399 714 1425 744; x_wconf 87' lang='lat' dir='ltr'>si</span> <span class='ocrx_word' id='word_1_510' title='bbox 1449 719 1572 744; x_wconf 86' lang='lat' dir='ltr'>vestem</span> <span class='ocrx_word' id='word_1_511' title='bbox 1596 713 1755 752; x_wconf 82' lang='lat' dir='ltr'>sanguine</span> <span class='ocrx_word' id='word_1_512' title='bbox 1778 720 1958 751; x_wconf 84' lang='lat' dir='ltr'>aspersam,</span> <span class='ocrx_word' id='word_1_513' title='bbox 1989 709 2040 740; x_wconf 88' lang='lat' dir='ltr'>vel</span> <span class='ocrx_word' id='word_1_514' title='bbox 2063 709 2144 740; x_wconf 87' lang='lat' dir='ltr'>ollas</span> 
     </span>
     <span class='ocr_line' id='line_1_72' title="bbox 1178 752 2144 793; baseline -0.005 -6"><span class='ocrx_word' id='word_1_515' title='bbox 1178 756 1233 787; x_wconf 91' lang='lat' dir='ltr'>ubi</span> <span class='ocrx_word' id='word_1_516' title='bbox 1262 761 1353 788; x_wconf 87' lang='lat' dir='ltr'>cocta</span> <span class='ocrx_word' id='word_1_517' title='bbox 1383 756 1480 787; x_wconf 89' lang='lat' dir='ltr'>fuerit</span> <span class='ocrx_word' id='word_1_518' title='bbox 1508 766 1598 793; x_wconf 88' lang='lat' dir='ltr'>caro,</span> <span class='ocrx_word' id='word_1_519' title='bbox 1632 761 1725 786; x_wconf 83' lang='lat' dir='ltr'>extra</span> <span class='ocrx_word' id='word_1_520' title='bbox 1754 753 2000 785; x_wconf 84' lang='lat' dir='ltr'>tabernaculum</span> <span class='ocrx_word' id='word_1_521' title='bbox 2028 752 2144 783; x_wconf 87' lang='lat' dir='ltr'>efferre</span> 
     </span>
     <span class='ocr_line' id='line_1_73' title="bbox 1179 794 2144 835; baseline -0.005 -5"><span class='ocrx_word' id='word_1_522' title='bbox 1179 800 1227 830; x_wconf 82' lang='lat' dir='ltr'>fas</span> <span class='ocrx_word' id='word_1_523' title='bbox 1246 810 1309 830; x_wconf 91' lang='lat' dir='ltr'>non</span> <span class='ocrx_word' id='word_1_524' title='bbox 1335 804 1390 835; x_wconf 88' lang='lat' dir='ltr'>cst,</span> <span class='ocrx_word' id='word_1_525' title='bbox 1415 798 1477 830; x_wconf 89' lang='lat' dir='ltr'>nisi</span> <span class='ocrx_word' id='word_1_526' title='bbox 1502 798 1601 830; x_wconf 85' lang='lat' dir='ltr'>vestis</span> <span class='ocrx_word' id='word_1_527' title='bbox 1625 798 1735 829; x_wconf 87' lang='lat' dir='ltr'>abluta</span> <span class='ocrx_word' id='word_1_528' title='bbox 1758 797 1862 833; x_wconf 86' lang='lat' dir='ltr'>fuerit,</span> <span class='ocrx_word' id='word_1_529' title='bbox 1887 795 1968 826; x_wconf 88' lang='lat' dir='ltr'>ollae</span> <span class='ocrx_word' id='word_1_530' title='bbox 1990 805 2068 826; x_wconf 86' lang='lat' dir='ltr'>vero</span> <span class='ocrx_word' id='word_1_531' title='bbox 2092 794 2144 826; x_wconf 91' lang='lat' dir='ltr'>vel</span> 
     </span>
     <span class='ocr_line' id='line_1_74' title="bbox 1180 837 2146 880; baseline -0.004 -8"><span class='ocrx_word' id='word_1_532' title='bbox 1180 842 1316 878; x_wconf 84' lang='lat' dir='ltr'>fractae,</span> <span class='ocrx_word' id='word_1_533' title='bbox 1348 842 1397 872; x_wconf 89' lang='lat' dir='ltr'>vel</span> <span class='ocrx_word' id='word_1_534' title='bbox 1429 842 1606 878; x_wconf 83' lang='lat' dir='ltr'>abstersae,</span> <span class='ocrx_word' id='word_1_535' title='bbox 1637 840 1737 871; x_wconf 91' lang='lat' dir='ltr'>multo</span> <span class='ocrx_word' id='word_1_536' title='bbox 1766 840 1868 880; x_wconf 83' lang='lat' dir='ltr'>magis</span> <span class='ocrx_word' id='word_1_537' title='bbox 1891 837 2073 870; x_wconf 84' lang='lat' dir='ltr'>cavendum</span> <span class='ocrx_word' id='word_1_538' title='bbox 2096 842 2146 868; x_wconf 85' lang='lat' dir='ltr'>est</span> 
     </span>
     <span class='ocr_line' id='line_1_75' title="bbox 1180 880 2146 925; baseline -0.005 -9"><span class='ocrx_word' id='word_1_539' title='bbox 1180 896 1221 915; x_wconf 87' lang='lat' dir='ltr'>ne</span> <span class='ocrx_word' id='word_1_540' title='bbox 1240 886 1310 925; x_wconf 88' lang='lat' dir='ltr'>quis</span> <span class='ocrx_word' id='word_1_541' title='bbox 1329 896 1368 915; x_wconf 84' lang='lat' dir='ltr'>ex</span> <span class='ocrx_word' id='word_1_542' title='bbox 1388 885 1487 924; x_wconf 79' lang='lat' dir='ltr'>vulgo</span> <span class='ocrx_word' id='word_1_543' title='bbox 1507 894 1540 915; x_wconf 88' lang='lat' dir='ltr'>sc</span> <span class='ocrx_word' id='word_1_544' title='bbox 1560 885 1694 924; x_wconf 82' lang='lat' dir='ltr'>ingerat.</span> <span class='ocrx_word' id='word_1_545' title='bbox 1726 881 1894 922; x_wconf 78' lang='lat' dir='ltr'>Quomodo</span> <span class='ocrx_word' id='word_1_546' title='bbox 1917 881 2004 912; x_wconf 84' lang='lat' dir='ltr'>enim</span> <span class='ocrx_word' id='word_1_547' title='bbox 2028 880 2146 912; x_wconf 82' lang='lat' dir='ltr'>sancti—</span> 
     </span>
     <span class='ocr_line' id='line_1_76' title="bbox 1182 925 2147 963; baseline -0.005 -5"><span class='ocrx_word' id='word_1_548' title='bbox 1182 928 1240 958; x_wconf 86' lang='lat' dir='ltr'>tati</span> <span class='ocrx_word' id='word_1_549' title='bbox 1265 927 1410 958; x_wconf 88' lang='lat' dir='ltr'>mortalis</span> <span class='ocrx_word' id='word_1_550' title='bbox 1436 927 1530 958; x_wconf 88' lang='lat' dir='ltr'>homo</span> <span class='ocrx_word' id='word_1_551' title='bbox 1555 927 1729 957; x_wconf 87' lang='lat' dir='ltr'>admovere</span> <span class='ocrx_word' id='word_1_552' title='bbox 1752 925 1883 956; x_wconf 81' lang='lat' dir='ltr'>audebit</span> <span class='ocrx_word' id='word_1_553' title='bbox 1906 934 2035 962; x_wconf 87' lang='lat' dir='ltr'>manus,</span> <span class='ocrx_word' id='word_1_554' title='bbox 2066 933 2147 963; x_wconf 89' lang='lat' dir='ltr'>quae</span> 
     </span>
     <span class='ocr_line' id='line_1_77' title="bbox 1182 966 2147 1010; baseline -0.005 -9"><span class='ocrx_word' id='word_1_555' title='bbox 1182 980 1222 1001; x_wconf 91' lang='lat' dir='ltr'>ne</span> <span class='ocrx_word' id='word_1_556' title='bbox 1250 970 1283 1001; x_wconf 90' lang='lat' dir='ltr'>in</span> <span class='ocrx_word' id='word_1_557' title='bbox 1307 975 1395 1001; x_wconf 86' lang='lat' dir='ltr'>veste</span> <span class='ocrx_word' id='word_1_558' title='bbox 1419 970 1548 1010; x_wconf 85' lang='lat' dir='ltr'>quidem</span> <span class='ocrx_word' id='word_1_559' title='bbox 1573 969 1747 1001; x_wconf 86' lang='lat' dir='ltr'>sacerdotis</span> <span class='ocrx_word' id='word_1_560' title='bbox 1771 969 1840 999; x_wconf 87' lang='lat' dir='ltr'>siue</span> <span class='ocrx_word' id='word_1_561' title='bbox 1864 966 1989 1008; x_wconf 89' lang='lat' dir='ltr'>piaculo</span> <span class='ocrx_word' id='word_1_562' title='bbox 2013 966 2147 997; x_wconf 87' lang='lat' dir='ltr'>haerere</span> 
     </span>
    </p>
   </div>
   <div class='ocr_carea' id='block_1_7' title="bbox 1183 1009 2151 1087">
    <p class='ocr_par' dir='ltr' id='par_1_8' title="bbox 1183 1009 2151 1087">
     <span class='ocr_line' id='line_1_78' title="bbox 1183 1009 2151 1054; baseline -0.005 -10"><span class='ocrx_word' id='word_1_563' title='bbox 1183 1012 1308 1054; x_wconf 80' lang='lat' dir='ltr'>potest?</span> <span class='ocrx_word' id='word_1_564' title='bbox 1344 1012 1479 1044; x_wconf 78' lang='lat' dir='ltr'>Summa</span> <span class='ocrx_word' id='word_1_565' title='bbox 1510 1016 1574 1052; x_wconf 84' lang='lat' dir='ltr'>est,</span> <span class='ocrx_word' id='word_1_566' title='bbox 1609 1024 1646 1043; x_wconf 89' lang='lat' dir='ltr'>ne</span> <span class='ocrx_word' id='word_1_567' title='bbox 1676 1012 1851 1043; x_wconf 85' lang='lat' dir='ltr'>misceatur</span> <span class='ocrx_word' id='word_1_568' title='bbox 1881 1010 1976 1042; x_wconf 91' lang='lat' dir='ltr'>rebus</span> <span class='ocrx_word' id='word_1_569' title='bbox 2007 1009 2151 1050; x_wconf 86' lang='lat' dir='ltr'>profanis</span> 
     </span>
     <span class='ocr_line' id='line_1_79' title="bbox 1183 1056 1460 1087; baseline 0 -1"><span class='ocrx_word' id='word_1_570' title='bbox 1183 1060 1273 1087; x_wconf 88' lang='lat' dir='ltr'>tanta</span> <span class='ocrx_word' id='word_1_571' title='bbox 1296 1056 1460 1087; x_wconf 82' lang='lat' dir='ltr'>sanctitas.</span> 
     </span>
    </p>
   </div>
   <div class='ocr_carea' id='block_1_8' title="bbox 1505 1224 1831 1257">
    <p class='ocr_par' dir='ltr' id='par_1_9' title="bbox 1505 1224 1831 1257">
     <span class='ocr_line' id='line_1_80' title="bbox 1505 1224 1831 1257; baseline -0.006 -1"><span class='ocrx_word' id='word_1_572' title='bbox 1505 1225 1569 1256; x_wconf 84' lang='lat' dir='ltr'>EX</span> <span class='ocrx_word' id='word_1_573' title='bbox 1593 1224 1766 1257; x_wconf 87' lang='lat' dir='ltr'>NUMER.</span> <span class='ocrx_word' id='word_1_574' title='bbox 1791 1224 1831 1254; x_wconf 88' lang='lat' dir='ltr'>V.</span> 
     </span>
    </p>
   </div>
   <div class='ocr_carea' id='block_1_9' title="bbox 1182 1309 2152 1437">
    <p class='ocr_par' dir='ltr' id='par_1_10' title="bbox 1182 1309 2152 1437">
     <span class='ocr_line' id='line_1_81' title="bbox 1271 1309 2152 1351; baseline 0.001 -9"><span class='ocrx_word' id='word_1_575' title='bbox 1271 1310 1300 1342; x_wconf 88' lang='lat'>8.</span> <span class='ocrx_word' id='word_1_576' title='bbox 1327 1310 1363 1342; x_wconf 78' lang='lat' dir='ltr'>Si</span> <span class='ocrx_word' id='word_1_577' title='bbox 1392 1321 1452 1342; x_wconf 77' lang='lat' dir='ltr'>non</span> <span class='ocrx_word' id='word_1_578' title='bbox 1472 1311 1569 1351; x_wconf 69' lang='lat' dir='ltr'>fuerit</span> <span class='ocrx_word' id='word_1_579' title='bbox 1590 1311 1656 1341; x_wconf 82' lang='lat' dir='ltr'>viro</span> <span class='ocrx_word' id='word_1_580' title='bbox 1679 1309 1847 1341; x_wconf 70' lang='lat' dir='ltr'>redhibitor</span> <span class='ocrx_word' id='word_1_581' title='bbox 1869 1309 1920 1340; x_wconf 79' lang='lat' dir='ltr'>cui</span> <span class='ocrx_word' id='word_1_582' title='bbox 1941 1309 2084 1341; x_wconf 73' lang='lat' dir='ltr'>restituat</span> <span class='ocrx_word' id='word_1_583' title='bbox 2103 1310 2152 1343; x_wconf 80' lang='lat' dir='ltr'>de-</span> 
     </span>
     <span class='ocr_line' id='line_1_82' title="bbox 1186 1352 2151 1393; baseline -0.001 -7"><span class='ocrx_word' id='word_1_584' title='bbox 1186 1355 1308 1392; x_wconf 72' lang='lat' dir='ltr'>lictum,</span> <span class='ocrx_word' id='word_1_585' title='bbox 1336 1354 1478 1386; x_wconf 75' lang='lat' dir='ltr'>delictum</span> <span class='ocrx_word' id='word_1_586' title='bbox 1506 1354 1686 1385; x_wconf 70' lang='lat' dir='ltr'>restituetur</span> <span class='ocrx_word' id='word_1_587' title='bbox 1718 1352 1860 1390; x_wconf 78' lang='lat' dir='ltr'>Ielzovae,</span> <span class='ocrx_word' id='word_1_588' title='bbox 1890 1352 2057 1384; x_wconf 75' lang='lat' dir='ltr'>sacerdotis</span> <span class='ocrx_word' id='word_1_589' title='bbox 2085 1354 2151 1393; x_wconf 76' lang='lat' dir='ltr'>erit,</span> 
     </span>
     <span class='ocr_line' id='line_1_83' title="bbox 1182 1395 2026 1437; baseline -0.001 -9"><span class='ocrx_word' id='word_1_590' title='bbox 1182 1399 1308 1437; x_wconf 74' lang='lat' dir='ltr'>praeter</span> <span class='ocrx_word' id='word_1_591' title='bbox 1329 1397 1453 1428; x_wconf 69' lang='lat' dir='ltr'>arietem</span> <span class='ocrx_word' id='word_1_592' title='bbox 1476 1397 1687 1436; x_wconf 65' lang='lat' dir='ltr'>expiationum</span> <span class='ocrx_word' id='word_1_593' title='bbox 1709 1405 1768 1435; x_wconf 74' lang='lat' dir='ltr'>quo</span> <span class='ocrx_word' id='word_1_594' title='bbox 1791 1395 1927 1434; x_wconf 66' lang='lat' dir='ltr'>expiabit</span> <span class='ocrx_word' id='word_1_595' title='bbox 1948 1405 2026 1427; x_wconf 78' lang='lat' dir='ltr'>eum.</span> 
     </span>
    </p>
   </div>
   <div class='ocr_carea' id='block_1_10' title="bbox 1189 1480 2163 2414">
    <p class='ocr_par' dir='ltr' id='par_1_11' title="bbox 1189 1480 2163 2414">
     <span class='ocr_line' id='line_1_84' title="bbox 1275 1480 2152 1521; baseline -0.001 -7"><span class='ocrx_word' id='word_1_596' title='bbox 1275 1483 1302 1514; x_wconf 88' lang='lat'>8.</span> <span class='ocrx_word' id='word_1_597' title='bbox 1319 1482 1354 1513; x_wconf 78' lang='lat' dir='ltr'>Si</span> <span class='ocrx_word' id='word_1_598' title='bbox 1372 1493 1431 1514; x_wconf 76' lang='lat' dir='ltr'>non</span> <span class='ocrx_word' id='word_1_599' title='bbox 1447 1482 1542 1521; x_wconf 69' lang='lat' dir='ltr'>fucrit</span> <span class='ocrx_word' id='word_1_600' title='bbox 1560 1482 1634 1512; x_wconf 77' lang='lat' dir='ltr'>viro.</span> <span class='ocrx_word' id='word_1_601' title='bbox 1666 1481 1774 1513; x_wconf 77' lang='lat' dir='ltr'>Locus</span> <span class='ocrx_word' id='word_1_602' title='bbox 1794 1480 1845 1511; x_wconf 88' lang='lat' dir='ltr'>bic</span> <span class='ocrx_word' id='word_1_603' title='bbox 1864 1491 1959 1520; x_wconf 90' lang='lat' dir='ltr'>quem</span> <span class='ocrx_word' id='word_1_604' title='bbox 1979 1492 2019 1512; x_wconf 79' lang='lat' dir='ltr'>ex</span> <span class='ocrx_word' id='word_1_605' title='bbox 2038 1481 2152 1521; x_wconf 81' lang='lat' dir='ltr'>quinto</span> 
     </span>
     <span class='ocr_line' id='line_1_85' title="bbox 1189 1523 2154 1566; baseline -0.001 -9"><span class='ocrx_word' id='word_1_606' title='bbox 1189 1526 1292 1566; x_wconf 87' lang='lat' dir='ltr'>capite</span> <span class='ocrx_word' id='word_1_607' title='bbox 1311 1525 1442 1562; x_wconf 86' lang='lat' dir='ltr'>inserui,</span> <span class='ocrx_word' id='word_1_608' title='bbox 1463 1524 1583 1564; x_wconf 87' lang='lat' dir='ltr'>pendet</span> <span class='ocrx_word' id='word_1_609' title='bbox 1602 1524 1731 1564; x_wconf 89' lang='lat' dir='ltr'>quidem</span> <span class='ocrx_word' id='word_1_610' title='bbox 1751 1534 1791 1554; x_wconf 83' lang='lat' dir='ltr'>ex</span> <span class='ocrx_word' id='word_1_611' title='bbox 1815 1523 1877 1554; x_wconf 89' lang='lat' dir='ltr'>alio</span> <span class='ocrx_word' id='word_1_612' title='bbox 1900 1528 2072 1555; x_wconf 82' lang='lat' dir='ltr'>contextu:</span> <span class='ocrx_word' id='word_1_613' title='bbox 2097 1524 2154 1556; x_wconf 88' lang='lat' dir='ltr'>sed</span> 
     </span>
     <span class='ocr_line' id='line_1_86' title="bbox 1190 1566 2154 1609; baseline -0.001 -9"><span class='ocrx_word' id='word_1_614' title='bbox 1190 1569 1264 1609; x_wconf 88' lang='lat' dir='ltr'>quia</span> <span class='ocrx_word' id='word_1_615' title='bbox 1294 1569 1420 1609; x_wconf 89' lang='lat' dir='ltr'>proprie</span> <span class='ocrx_word' id='word_1_616' title='bbox 1449 1567 1487 1598; x_wconf 90' lang='lat' dir='ltr'>de</span> <span class='ocrx_word' id='word_1_617' title='bbox 1518 1568 1586 1598; x_wconf 87' lang='lat' dir='ltr'>iure</span> <span class='ocrx_word' id='word_1_618' title='bbox 1616 1566 1818 1597; x_wconf 85' lang='lat' dir='ltr'>sacerdotum</span> <span class='ocrx_word' id='word_1_619' title='bbox 1843 1566 1927 1607; x_wconf 86' lang='lat' dir='ltr'>agit,</span> <span class='ocrx_word' id='word_1_620' title='bbox 1959 1566 2022 1598; x_wconf 88' lang='lat' dir='ltr'>huc</span> <span class='ocrx_word' id='word_1_621' title='bbox 2047 1571 2154 1599; x_wconf 85' lang='lat' dir='ltr'>trans·</span> 
     </span>
     <span class='ocr_line' id='line_1_87' title="bbox 1191 1609 2154 1650; baseline -0.002 -7"><span class='ocrx_word' id='word_1_622' title='bbox 1191 1612 1268 1643; x_wconf 84' lang='lat' dir='ltr'>ferri</span> <span class='ocrx_word' id='word_1_623' title='bbox 1299 1621 1428 1643; x_wconf 84' lang='lat' dir='ltr'>necesse</span> <span class='ocrx_word' id='word_1_624' title='bbox 1457 1610 1529 1641; x_wconf 80' lang='lat' dir='ltr'>fuit:</span> <span class='ocrx_word' id='word_1_625' title='bbox 1560 1609 1749 1650; x_wconf 85' lang='lat' dir='ltr'>praesertim</span> <span class='ocrx_word' id='word_1_626' title='bbox 1780 1620 1877 1649; x_wconf 89' lang='lat' dir='ltr'>quum</span> <span class='ocrx_word' id='word_1_627' title='bbox 1902 1609 2040 1649; x_wconf 88' lang='lat' dir='ltr'>speciem</span> <span class='ocrx_word' id='word_1_628' title='bbox 2064 1610 2154 1641; x_wconf 89' lang='lat' dir='ltr'>illam</span> 
     </span>
     <span class='ocr_line' id='line_1_88' title="bbox 1191 1652 2154 1694; baseline -0.001 -8"><span class='ocrx_word' id='word_1_629' title='bbox 1191 1654 1337 1686; x_wconf 84' lang='lat' dir='ltr'>sacrificii</span> <span class='ocrx_word' id='word_1_630' title='bbox 1357 1653 1518 1694; x_wconf 81' lang='lat' dir='ltr'>exprimat</span> <span class='ocrx_word' id='word_1_631' title='bbox 1537 1663 1632 1692; x_wconf 84' lang='lat' dir='ltr'>quam</span> <span class='ocrx_word' id='word_1_632' title='bbox 1654 1663 1755 1692; x_wconf 88' lang='lat' dir='ltr'>nuper</span> <span class='ocrx_word' id='word_1_633' title='bbox 1774 1652 1884 1692; x_wconf 74' lang='lat' dir='ltr'>attigit</span> <span class='ocrx_word' id='word_1_634' title='bbox 1897 1652 2014 1690; x_wconf 88' lang='lat' dir='ltr'>Moses,</span> <span class='ocrx_word' id='word_1_635' title='bbox 2038 1663 2154 1694; x_wconf 85' lang='lat' dir='ltr'>nempe</span> 
     </span>
     <span class='ocr_line' id='line_1_89' title="bbox 1191 1695 2154 1737; baseline -0.002 -8"><span class='ocrx_word' id='word_1_636' title='bbox 1191 1698 1246 1729; x_wconf 90' lang='lat' dir='ltr'>ubi</span> <span class='ocrx_word' id='word_1_637' title='bbox 1277 1697 1450 1737; x_wconf 76' lang='lat' dir='ltr'>expiabant</span> <span class='ocrx_word' id='word_1_638' title='bbox 1471 1696 1549 1726; x_wconf 86' lang='lat' dir='ltr'>furti</span> <span class='ocrx_word' id='word_1_639' title='bbox 1573 1697 1704 1726; x_wconf 86' lang='lat' dir='ltr'>crimen.</span> <span class='ocrx_word' id='word_1_640' title='bbox 1751 1695 1889 1726; x_wconf 86' lang='lat' dir='ltr'>Nolebat</span> <span class='ocrx_word' id='word_1_641' title='bbox 1910 1695 2038 1735; x_wconf 90' lang='lat' dir='ltr'>quidem</span> <span class='ocrx_word' id='word_1_642' title='bbox 2064 1696 2154 1727; x_wconf 87' lang='lat' dir='ltr'>Deus</span> 
     </span>
     <span class='ocr_line' id='line_1_90' title="bbox 1191 1737 2154 1778; baseline -0.001 -7"><span class='ocrx_word' id='word_1_643' title='bbox 1191 1741 1328 1772; x_wconf 88' lang='lat' dir='ltr'>aliorum</span> <span class='ocrx_word' id='word_1_644' title='bbox 1359 1739 1475 1770; x_wconf 80' lang='lat' dir='ltr'>damno</span> <span class='ocrx_word' id='word_1_645' title='bbox 1499 1738 1680 1770; x_wconf 84' lang='lat' dir='ltr'>sacerdotes</span> <span class='ocrx_word' id='word_1_646' title='bbox 1703 1737 1812 1776; x_wconf 84' lang='lat' dir='ltr'>ditari,</span> <span class='ocrx_word' id='word_1_647' title='bbox 1841 1748 1944 1778; x_wconf 85' lang='lat' dir='ltr'>neque</span> <span class='ocrx_word' id='word_1_648' title='bbox 1967 1738 2054 1769; x_wconf 87' lang='lat' dir='ltr'>fures</span> <span class='ocrx_word' id='word_1_649' title='bbox 2078 1738 2154 1770; x_wconf 89' lang='lat' dir='ltr'>libe-</span> 
     </span>
     <span class='ocr_line' id='line_1_91' title="bbox 1191 1780 2155 1823; baseline -0.001 -8"><span class='ocrx_word' id='word_1_650' title='bbox 1191 1784 1283 1815; x_wconf 83' lang='lat' dir='ltr'>rabat</span> <span class='ocrx_word' id='word_1_651' title='bbox 1301 1783 1327 1814; x_wconf 90' lang='lat' dir='ltr'>si</span> <span class='ocrx_word' id='word_1_652' title='bbox 1343 1781 1426 1823; x_wconf 91' lang='lat' dir='ltr'>quod</span> <span class='ocrx_word' id='word_1_653' title='bbox 1445 1781 1515 1812; x_wconf 88' lang='lat' dir='ltr'>aliis</span> <span class='ocrx_word' id='word_1_654' title='bbox 1534 1780 1734 1812; x_wconf 87' lang='lat' dir='ltr'>abstulerant</span> <span class='ocrx_word' id='word_1_655' title='bbox 1753 1780 1908 1811; x_wconf 87' lang='lat' dir='ltr'>offerrent</span> <span class='ocrx_word' id='word_1_656' title='bbox 1926 1780 2155 1814; x_wconf 85' lang='lat' dir='ltr'>sacerdotibus.</span> 
     </span>
     <span class='ocr_line' id='line_1_92' title="bbox 1192 1824 2156 1863; baseline 0.001 -8"><span class='ocrx_word' id='word_1_657' title='bbox 1192 1827 1315 1857; x_wconf 91' lang='lat' dir='ltr'>Verum</span> <span class='ocrx_word' id='word_1_658' title='bbox 1335 1826 1363 1856; x_wconf 86' lang='lat' dir='ltr'>si</span> <span class='ocrx_word' id='word_1_659' title='bbox 1386 1835 1478 1856; x_wconf 89' lang='lat' dir='ltr'>nemo</span> <span class='ocrx_word' id='word_1_660' title='bbox 1501 1829 1571 1855; x_wconf 86' lang='lat' dir='ltr'>erat</span> <span class='ocrx_word' id='word_1_661' title='bbox 1594 1824 1644 1854; x_wconf 91' lang='lat' dir='ltr'>cui</span> <span class='ocrx_word' id='word_1_662' title='bbox 1666 1830 1799 1863; x_wconf 85' lang='lat' dir='ltr'>possent</span> <span class='ocrx_word' id='word_1_663' title='bbox 1823 1824 2002 1861; x_wconf 88' lang='lat' dir='ltr'>restituere,</span> <span class='ocrx_word' id='word_1_664' title='bbox 2027 1824 2156 1856; x_wconf 82' lang='lat' dir='ltr'>volebat</span> 
     </span>
     <span class='ocr_line' id='line_1_93' title="bbox 1191 1867 2157 1907; baseline -0.001 -7"><span class='ocrx_word' id='word_1_665' title='bbox 1191 1874 1299 1900; x_wconf 87' lang='lat' dir='ltr'>tamen</span> <span class='ocrx_word' id='word_1_666' title='bbox 1324 1868 1433 1899; x_wconf 90' lang='lat' dir='ltr'>domos</span> <span class='ocrx_word' id='word_1_667' title='bbox 1457 1868 1543 1907; x_wconf 85' lang='lat' dir='ltr'>ipsas</span> <span class='ocrx_word' id='word_1_668' title='bbox 1566 1867 1654 1897; x_wconf 86' lang='lat' dir='ltr'>omni</span> <span class='ocrx_word' id='word_1_669' title='bbox 1679 1877 1764 1897; x_wconf 85' lang='lat' dir='ltr'>noxa</span> <span class='ocrx_word' id='word_1_670' title='bbox 1786 1877 1855 1897; x_wconf 86' lang='lat' dir='ltr'>esse</span> <span class='ocrx_word' id='word_1_671' title='bbox 1879 1876 2011 1898; x_wconf 87' lang='lat' dir='ltr'>vacuas:</span> <span class='ocrx_word' id='word_1_672' title='bbox 2035 1871 2068 1898; x_wconf 82' lang='lat' dir='ltr'>et</span> <span class='ocrx_word' id='word_1_673' title='bbox 2090 1878 2157 1899; x_wconf 87' lang='lat' dir='ltr'>me·</span> 
     </span>
     <span class='ocr_line' id='line_1_94' title="bbox 1192 1909 2157 1952; baseline -0.002 -9"><span class='ocrx_word' id='word_1_674' title='bbox 1192 1912 1262 1949; x_wconf 89' lang='lat' dir='ltr'>rito,</span> <span class='ocrx_word' id='word_1_675' title='bbox 1287 1912 1360 1952; x_wconf 91' lang='lat' dir='ltr'>quia</span> <span class='ocrx_word' id='word_1_676' title='bbox 1382 1909 1637 1950; x_wconf 87' lang='lat' dir='ltr'>improbissimus</span> <span class='ocrx_word' id='word_1_677' title='bbox 1660 1910 1794 1949; x_wconf 86' lang='lat' dir='ltr'>quisque</span> <span class='ocrx_word' id='word_1_678' title='bbox 1813 1909 1896 1940; x_wconf 90' lang='lat' dir='ltr'>bona</span> <span class='ocrx_word' id='word_1_679' title='bbox 1915 1909 2054 1941; x_wconf 88' lang='lat' dir='ltr'>hominis</span> <span class='ocrx_word' id='word_1_680' title='bbox 2072 1921 2157 1941; x_wconf 88' lang='lat' dir='ltr'>mor-</span> 
     </span>
     <span class='ocr_line' id='line_1_95' title="bbox 1193 1951 2157 1993; baseline -0.001 -7"><span class='ocrx_word' id='word_1_681' title='bbox 1193 1955 1254 1993; x_wconf 88' lang='lat' dir='ltr'>tui,</span> <span class='ocrx_word' id='word_1_682' title='bbox 1284 1955 1309 1986; x_wconf 92' lang='lat' dir='ltr'>si</span> <span class='ocrx_word' id='word_1_683' title='bbox 1338 1954 1435 1985; x_wconf 89' lang='lat' dir='ltr'>orbus</span> <span class='ocrx_word' id='word_1_684' title='bbox 1458 1958 1559 1989; x_wconf 85' lang='lat' dir='ltr'>esset,</span> <span class='ocrx_word' id='word_1_685' title='bbox 1590 1962 1703 1992; x_wconf 83' lang='lat' dir='ltr'>rapere</span> <span class='ocrx_word' id='word_1_686' title='bbox 1726 1962 1789 1982; x_wconf 92' lang='lat' dir='ltr'>non</span> <span class='ocrx_word' id='word_1_687' title='bbox 1814 1951 1999 1983; x_wconf 86' lang='lat' dir='ltr'>dubitasset.</span> <span class='ocrx_word' id='word_1_688' title='bbox 2045 1953 2157 1985; x_wconf 89' lang='lat' dir='ltr'>Primo</span> 
     </span>
     <span class='ocr_line' id='line_1_96' title="bbox 1193 1994 2158 2038; baseline -0.003 -9"><span class='ocrx_word' id='word_1_689' title='bbox 1193 1999 1302 2038; x_wconf 85' lang='lat' dir='ltr'>itaque</span> <span class='ocrx_word' id='word_1_690' title='bbox 1332 1997 1425 2028; x_wconf 86' lang='lat' dir='ltr'>iussit</span> <span class='ocrx_word' id='word_1_691' title='bbox 1454 1996 1605 2035; x_wconf 80' lang='lat' dir='ltr'>legitimis</span> <span class='ocrx_word' id='word_1_692' title='bbox 1636 1995 1776 2025; x_wconf 88' lang='lat' dir='ltr'>dominis</span> <span class='ocrx_word' id='word_1_693' title='bbox 1806 1995 1930 2026; x_wconf 85' lang='lat' dir='ltr'>restitui</span> <span class='ocrx_word' id='word_1_694' title='bbox 1955 1994 2038 2035; x_wconf 91' lang='lat' dir='ltr'>quod</span> <span class='ocrx_word' id='word_1_695' title='bbox 2062 2006 2158 2026; x_wconf 88' lang='lat' dir='ltr'>suum</span> 
     </span>
     <span class='ocr_line' id='line_1_97' title="bbox 1193 2037 2158 2078; baseline -0.002 -7"><span class='ocrx_word' id='word_1_696' title='bbox 1193 2047 1276 2071; x_wconf 84' lang='lat' dir='ltr'>erat:</span> <span class='ocrx_word' id='word_1_697' title='bbox 1302 2039 1417 2071; x_wconf 88' lang='lat' dir='ltr'>deinde</span> <span class='ocrx_word' id='word_1_698' title='bbox 1436 2039 1499 2070; x_wconf 93' lang='lat' dir='ltr'>illis</span> <span class='ocrx_word' id='word_1_699' title='bbox 1519 2038 1653 2069; x_wconf 87' lang='lat' dir='ltr'>mortuis</span> <span class='ocrx_word' id='word_1_700' title='bbox 1677 2037 1844 2078; x_wconf 82' lang='lat' dir='ltr'>substituit</span> <span class='ocrx_word' id='word_1_701' title='bbox 1867 2039 1900 2068; x_wconf 89' lang='lat' dir='ltr'>in</span> <span class='ocrx_word' id='word_1_702' title='bbox 1924 2048 2035 2069; x_wconf 90' lang='lat' dir='ltr'>eorum</span> <span class='ocrx_word' id='word_1_703' title='bbox 2055 2038 2158 2070; x_wconf 90' lang='lat' dir='ltr'>vicem</span> 
     </span>
     <span class='ocr_line' id='line_1_98' title="bbox 1194 2079 2158 2124; baseline -0.003 -10"><span class='ocrx_word' id='word_1_704' title='bbox 1194 2084 1397 2124; x_wconf 88' lang='lat' dir='ltr'>propinquos,</span> <span class='ocrx_word' id='word_1_705' title='bbox 1421 2082 1473 2122; x_wconf 87' lang='lat' dir='ltr'>qui</span> <span class='ocrx_word' id='word_1_706' title='bbox 1494 2086 1650 2113; x_wconf 88' lang='lat' dir='ltr'>vocantur</span> <span class='ocrx_word' id='word_1_707' title='bbox 1669 2080 1771 2112; x_wconf 42' lang='lat' dir='ltr'>DQNJ:</span> <span class='ocrx_word' id='word_1_708' title='bbox 1791 2080 1829 2111; x_wconf 90' lang='lat' dir='ltr'>ob</span> <span class='ocrx_word' id='word_1_709' title='bbox 1849 2080 1899 2111; x_wconf 88' lang='lat' dir='ltr'>ius</span> <span class='ocrx_word' id='word_1_710' title='bbox 1918 2079 2158 2120; x_wconf 86' lang='lat' dir='ltr'>redemptionis,</span> 
     </span>
     <span class='ocr_line' id='line_1_99' title="bbox 1194 2123 2159 2166; baseline -0.002 -9"><span class='ocrx_word' id='word_1_711' title='bbox 1194 2126 1277 2166; x_wconf 90' lang='lat' dir='ltr'>quod</span> <span class='ocrx_word' id='word_1_712' title='bbox 1302 2126 1391 2156; x_wconf 88' lang='lat' dir='ltr'>Deus</span> <span class='ocrx_word' id='word_1_713' title='bbox 1414 2125 1559 2165; x_wconf 86' lang='lat' dir='ltr'>cognatis</span> <span class='ocrx_word' id='word_1_714' title='bbox 1583 2123 1729 2163; x_wconf 85' lang='lat' dir='ltr'>permisit</span> <span class='ocrx_word' id='word_1_715' title='bbox 1752 2124 1782 2153; x_wconf 93' lang='lat' dir='ltr'>in</span> <span class='ocrx_word' id='word_1_716' title='bbox 1807 2123 1887 2162; x_wconf 85' lang='lat' dir='ltr'>lege,</span> <span class='ocrx_word' id='word_1_717' title='bbox 1912 2128 1945 2153; x_wconf 89' lang='lat' dir='ltr'>ut</span> <span class='ocrx_word' id='word_1_718' title='bbox 1969 2123 2045 2154; x_wconf 88' lang='lat' dir='ltr'>alibi</span> <span class='ocrx_word' id='word_1_719' title='bbox 2069 2123 2159 2155; x_wconf 88' lang='lat' dir='ltr'>vide-</span> 
     </span>
     <span class='ocr_line' id='line_1_100' title="bbox 1196 2165 2160 2208; baseline -0.002 -8"><span class='ocrx_word' id='word_1_720' title='bbox 1196 2170 1312 2200; x_wconf 91' lang='lat' dir='ltr'>bimus:</span> <span class='ocrx_word' id='word_1_721' title='bbox 1338 2173 1369 2199; x_wconf 87' lang='lat' dir='ltr'>et</span> <span class='ocrx_word' id='word_1_722' title='bbox 1387 2168 1462 2208; x_wconf 88' lang='lat' dir='ltr'>quia</span> <span class='ocrx_word' id='word_1_723' title='bbox 1480 2167 1548 2197; x_wconf 90' lang='lat' dir='ltr'>eius</span> <span class='ocrx_word' id='word_1_724' title='bbox 1570 2165 1697 2196; x_wconf 86' lang='lat' dir='ltr'>viduam</span> <span class='ocrx_word' id='word_1_725' title='bbox 1722 2166 1775 2205; x_wconf 88' lang='lat' dir='ltr'>qui</span> <span class='ocrx_word' id='word_1_726' title='bbox 1799 2165 1923 2196; x_wconf 90' lang='lat' dir='ltr'>nullum</span> <span class='ocrx_word' id='word_1_727' title='bbox 1949 2176 2059 2197; x_wconf 87' lang='lat' dir='ltr'>semen</span> <span class='ocrx_word' id='word_1_728' title='bbox 2085 2166 2160 2198; x_wconf 86' lang='lat' dir='ltr'>reli-</span> 
     </span>
     <span class='ocr_line' id='line_1_101' title="bbox 1194 2208 2159 2252; baseline -0.002 -9"><span class='ocrx_word' id='word_1_729' title='bbox 1194 2216 1314 2252; x_wconf 88' lang='lat' dir='ltr'>querat,</span> <span class='ocrx_word' id='word_1_730' title='bbox 1338 2211 1390 2251; x_wconf 91' lang='lat' dir='ltr'>qui</span> <span class='ocrx_word' id='word_1_731' title='bbox 1411 2210 1557 2251; x_wconf 83' lang='lat' dir='ltr'>proximo</span> <span class='ocrx_word' id='word_1_732' title='bbox 1576 2209 1679 2249; x_wconf 83' lang='lat' dir='ltr'>gradu</span> <span class='ocrx_word' id='word_1_733' title='bbox 1699 2208 1960 2248; x_wconf 84' lang='lat' dir='ltr'>consanguineus</span> <span class='ocrx_word' id='word_1_734' title='bbox 1978 2214 2046 2239; x_wconf 86' lang='lat' dir='ltr'>erat</span> <span class='ocrx_word' id='word_1_735' title='bbox 2071 2210 2159 2241; x_wconf 89' lang='lat' dir='ltr'>iube-</span> 
     </span>
     <span class='ocr_line' id='line_1_102' title="bbox 1195 2251 2160 2291; baseline -0.002 -6"><span class='ocrx_word' id='word_1_736' title='bbox 1195 2255 1290 2286; x_wconf 88' lang='lat' dir='ltr'>batur</span> <span class='ocrx_word' id='word_1_737' title='bbox 1318 2253 1442 2285; x_wconf 86' lang='lat' dir='ltr'>ducere.</span> <span class='ocrx_word' id='word_1_738' title='bbox 1488 2252 1706 2283; x_wconf 83' lang='lat' dir='ltr'>Rarissimum</span> <span class='ocrx_word' id='word_1_739' title='bbox 1731 2262 1806 2291; x_wconf 85' lang='lat' dir='ltr'>crgo</span> <span class='ocrx_word' id='word_1_740' title='bbox 1830 2251 1900 2288; x_wconf 86' lang='lat' dir='ltr'>fuit,</span> <span class='ocrx_word' id='word_1_741' title='bbox 1925 2255 1960 2281; x_wconf 88' lang='lat' dir='ltr'>ut</span> <span class='ocrx_word' id='word_1_742' title='bbox 1983 2251 2037 2291; x_wconf 93' lang='lat' dir='ltr'>qui</span> <span class='ocrx_word' id='word_1_743' title='bbox 2061 2253 2160 2283; x_wconf 87' lang='lat' dir='ltr'>alium</span> 
     </span>
     <span class='ocr_line' id='line_1_103' title="bbox 1194 2293 2162 2335; baseline -0.002 -7"><span class='ocrx_word' id='word_1_744' title='bbox 1194 2297 1417 2333; x_wconf 83' lang='lat' dir='ltr'>fraudaverat,</span> <span class='ocrx_word' id='word_1_745' title='bbox 1456 2295 1540 2335; x_wconf 87' lang='lat' dir='ltr'>apud</span> <span class='ocrx_word' id='word_1_746' title='bbox 1578 2294 1774 2325; x_wconf 80' lang='lat' dir='ltr'>sacerdotem</span> <span class='ocrx_word' id='word_1_747' title='bbox 1810 2293 1964 2324; x_wconf 86' lang='lat' dir='ltr'>damnum</span> <span class='ocrx_word' id='word_1_748' title='bbox 1994 2300 2162 2334; x_wconf 87' lang='lat' dir='ltr'>pensaret:</span> 
     </span>
     <span class='ocr_line' id='line_1_104' title="bbox 1194 2336 2163 2381; baseline -0.001 -10"><span class='ocrx_word' id='word_1_749' title='bbox 1194 2341 1268 2381; x_wconf 88' lang='lat' dir='ltr'>quia</span> <span class='ocrx_word' id='word_1_750' title='bbox 1288 2346 1323 2370; x_wconf 88' lang='lat' dir='ltr'>ut</span> <span class='ocrx_word' id='word_1_751' title='bbox 1341 2339 1518 2380; x_wconf 88' lang='lat' dir='ltr'>plurimum</span> <span class='ocrx_word' id='word_1_752' title='bbox 1537 2337 1757 2377; x_wconf 88' lang='lat' dir='ltr'>reperiebatur</span> <span class='ocrx_word' id='word_1_753' title='bbox 1777 2336 1934 2376; x_wconf 87' lang='lat' dir='ltr'>quispiam</span> <span class='ocrx_word' id='word_1_754' title='bbox 1956 2338 2072 2369; x_wconf 86' lang='lat' dir='ltr'>mortui</span> <span class='ocrx_word' id='word_1_755' title='bbox 2089 2349 2163 2370; x_wconf 87' lang='lat' dir='ltr'>suc-</span> 
     </span>
     <span class='ocr_line' id='line_1_105' title="bbox 1196 2394 1311 2414; baseline -0.009 0"><span class='ocrx_word' id='word_1_756' title='bbox 1196 2394 1311 2414; x_wconf 82' lang='lat' dir='ltr'>eessor.</span> 
     </span>
    </p>
   </div>
   <div class='ocr_carea' id='block_1_11' title="bbox 1512 2525 1851 2557">
    <p class='ocr_par' dir='ltr' id='par_1_12' title="bbox 1512 2525 1851 2557">
     <span class='ocr_line' id='line_1_106' title="bbox 1512 2525 1851 2557; baseline 0.003 -1"><span class='ocrx_word' id='word_1_757' title='bbox 1512 2525 1575 2556; x_wconf 75' lang='lat' dir='ltr'>Ex</span> <span class='ocrx_word' id='word_1_758' title='bbox 1599 2525 1749 2557; x_wconf 80' lang='lat' dir='ltr'>LEVI&#39;P.</span> <span class='ocrx_word' id='word_1_759' title='bbox 1774 2526 1851 2557; x_wconf 72' lang='lat' dir='ltr'>VII.</span> 
     </span>
    </p>
   </div>
   <div class='ocr_carea' id='block_1_12' title="bbox 1200 2593 2166 2676">
    <p class='ocr_par' dir='ltr' id='par_1_13' title="bbox 1200 2593 2166 2676">
     <span class='ocr_line' id='line_1_107' title="bbox 1284 2593 2164 2635; baseline 0 -10"><span class='ocrx_word' id='word_1_760' title='bbox 1284 2598 1312 2627; x_wconf 83' lang='grc'>6.</span> <span class='ocrx_word' id='word_1_761' title='bbox 1340 2596 1448 2627; x_wconf 73' lang='lat' dir='ltr'>Omnis</span> <span class='ocrx_word' id='word_1_762' title='bbox 1477 2594 1632 2625; x_wconf 63' lang='lat' dir='ltr'>muts-culus</span> <span class='ocrx_word' id='word_1_763' title='bbox 1656 2595 1686 2624; x_wconf 75' lang='lat' dir='ltr'>in</span> <span class='ocrx_word' id='word_1_764' title='bbox 1709 2594 1912 2625; x_wconf 63' lang='lat' dir='ltr'>sacerdotibus</span> <span class='ocrx_word' id='word_1_765' title='bbox 1935 2593 2066 2625; x_wconf 75' lang='lat' dir='ltr'>comedet</span> <span class='ocrx_word' id='word_1_766' title='bbox 2088 2605 2164 2635; x_wconf 74' lang='lat' dir='ltr'>eam,</span> 
     </span>
     <span class='ocr_line' id='line_1_108' title="bbox 1200 2637 2166 2676; baseline -0.002 -5"><span class='ocrx_word' id='word_1_767' title='bbox 1200 2642 1233 2672; x_wconf 70' lang='lat' dir='ltr'>in</span> <span class='ocrx_word' id='word_1_768' title='bbox 1255 2640 1316 2671; x_wconf 82' lang='lat' dir='ltr'>loco</span> <span class='ocrx_word' id='word_1_769' title='bbox 1339 2641 1439 2670; x_wconf 71' lang='lat' dir='ltr'>sancto</span> <span class='ocrx_word' id='word_1_770' title='bbox 1462 2638 1640 2674; x_wconf 73' lang='lat' dir='ltr'>comedetur,</span> <span class='ocrx_word' id='word_1_771' title='bbox 1664 2637 1865 2675; x_wconf 64' lang='lat' dir='ltr'>sanctificatio</span> <span class='ocrx_word' id='word_1_772' title='bbox 1887 2637 2166 2676; x_wconf 74' lang='lat' dir='ltr'>sanctificationum</span> 
     </span>
    </p>
   </div>
  </div>
 </body>
</html>
