2304 3034
159 196 220 227 477

159 290 209 318 est.
246 287 273 318 7.
296 286 382 317 Sicut
398 285 496 316 hostia
507 293 568 322 pro
580 282 710 321 peccata
733 279 779 311 sic
800 279 899 310 hostia
916 288 978 317 pro
999 277 1115 314 delicto,

160 330 210 362 lex
227 329 331 361 eadem
348 328 430 360 illis.-
448 326 610 359 sacerdotis
627 323 684 354 erit
700 322 754 361 qui
771 320 908 360 expiabit
929 330 1006 352 eum.
1031 319 1059 351 8.
1073 319 1117 350 At
1141 354 1143 360 ‚

157 372 299 404 sacerdos
337 371 464 410 offerens
491 367 620 399 hostiam
647 364 813 395 holocausti
840 363 990 400 alicuius,
1022 361 1117 401 pellis

158 414 327 446 holocausti
338 413 419 453 quod
436 410 580 448 obtulerit,
597 407 764 440 sacerdotis
782 407 884 446 ipsius
901 406 966 437 erit.
997 404 1026 436 9.
1044 404 1115 436 Om-
1141 422 1143 428 ι

159 457 211 488 nis
241 458 403 496 praeterea
438 452 544 485 minha
578 461 656 490 quae
693 453 834 488 coquetur
863 449 895 479 in
926 447 1060 482 clibano,
1091 449 1117 477 et
1141 471 1143 481 2

159 509 244 530 omne
267 499 488 539 praeparatum
514 495 547 525 iri
575 492 732 532 sartayine
759 494 786 523 et
808 492 841 522 in
864 490 1029 528 craticula,
1049 490 1118 537 ’erit

159 541 327 573 sacerdotis
361 538 510 579 offerentis
545 536 631 567 illud.
685 533 734 565 10.
768 533 876 565 Omnis
911 534 981 564 item
1009 531 1117 563 miuha

159 585 252 615 mista
279 583 339 614 oleo
367 584 393 613 et
414 580 519 616 arida,
548 577 688 609 omuibus
707 577 786 616 filiis
810 576 940 607 Aharon
963 575 1037 607 erit:
1060 574 1117 605 erit

158 626 324 665 unicuique
345 624 422 655 sicut
440 622 536 662 fratri
557 630 620 652 suo.

408 798 472 830 EX
493 797 659 830 EODEM
683 796 858 828 CAPITE.

242 896 289 926 14.
314 894 414 940 Pariis
442 892 606 923 sacerdotis
633 890 807 931 sparyerttis
836 890 1019 929 sanquinem
1040 898 1115 927 pro—

156 939 335 978 speritatum
355 938 418 967 erit.

406 1111 470 1143 EX
493 1110 656 1142 EODEM
679 1109 855 1140 CAPITE.

237 1207 286 1237 31.
310 1205 353 1237 Et
381 1206 440 1236 erit
461 1204 674 1243 pectusculum
702 1203 781 1234 illud
810 1202 953 1233 Aharorzi
981 1203 1008 1231 et
1035 1200 1114 1240 filiis

152 1251 225 1282 eius.
269 1248 318 1280 32.
342 1248 478 1280 Armum
506 1249 607 1278 autem
636 1246 779 1277 dextrum
809 1245 922 1275 dabitis
951 1244 993 1274 ad
1019 1244 1114 1275 eleva—

151 1293 259 1325 tionem
287 1291 438 1323 sacerdoti
470 1290 506 1320 de
537 1288 703 1328 sacrificiis
729 1288 973 1328 prosperitatum
1000 1289 1114 1317 vestra-

151 1345 230 1367 rum.
281 1334 331 1365 33.
362 1334 422 1372 Qui·
451 1333 553 1371 offeret
581 1332 763 1371 sanquinem
787 1331 1049 1369 prosperitatum,
1089 1332 1115 1360 et

151 1378 272 1417 adipem
294 1387 309 1408 e
328 1376 408 1415 filiis
424 1375 593 1412 Ahar-ouis,
617 1374 721 1413 ipsius
743 1374 803 1404 erit
824 1383 932 1403 armus
953 1372 1059 1403 dexter
1080 1372 1114 1403 iri

148 1421 322 1461 portionem.
354 1418 404 1449 34.
420 1418 501 1457 Quia
516 1417 725 1456 pectusculum
743 1416 930 1456 ayitationis,
945 1418 973 1445 et
990 1424 1114 1445 armum

151 1463 325 1494 elevationis
346 1461 404 1492 tuli
426 1471 446 1491 a
466 1460 545 1499 filiis
564 1459 667 1490 Israel
688 1459 724 1490 de
745 1458 908 1497 sacrificiis
926 1457 1115 1497 prosperita-

151 1508 215 1536 tum
240 1514 385 1541 suarum,
415 1505 443 1534 et
464 1503 534 1534 dedi
556 1502 611 1533 illa
636 1501 781 1533 Aharorii
803 1501 966 1535 sacerdoti,
991 1503 1018 1531 et
1037 1500 1115 1538 filiis

151 1549 220 1580 eius
240 1548 273 1578 iu
295 1549 439 1578 statutum
458 1547 642 1585 perpetuum
665 1555 684 1574 a
704 1544 784 1583 filiis
806 1543 917 1574 Israel.
953 1543 1003 1574 35.
1028 1542 1114 1574 Haec

151 1593 193 1622 est
210 1590 308 1621 unctio
318 1589 457 1626 Aharou,
479 1591 505 1619 et
526 1588 627 1618 unctio
648 1588 786 1626 filiorum
807 1587 876 1617 eius
897 1596 933 1617 ex
954 1586 1112 1617 oblationi-

151 1633 206 1664 bus
234 1633 341 1673 iyuitis
362 1631 506 1667 Iehooae,
538 1641 558 1661 a
588 1631 638 1661 die
664 1640 726 1669 qua
753 1629 889 1661 accedere
917 1629 988 1668 fecit
1009 1638 1058 1659 eos
1080 1629 1114 1658 ut

150 1676 316 1707 sacerdotio
347 1675 550 1714 fuuqe=rentur
579 1673 723 1704 Iehovae:
762 1672 811 1703 36.
847 1672 932 1711 Quas
954 1671 1114 1710 praecepit

152 1718 263 1750 Iehova
291 1720 324 1748 ut
346 1717 455 1748 darent
476 1717 522 1747 eis
544 1726 564 1746 a
585 1716 636 1747 die
657 1726 718 1755 qua
741 1715 833 1745 uuoeit
855 1724 905 1745 eos
925 1725 944 1745 α
964 1714 1043 1753 filiis
1065 1713 1113 1744 Is-

151 1760 216 1792 rael
237 1763 346 1792 statuto
362 1762 509 1799 perpetuo
531 1759 566 1790 iu
586 1758 832 1799 yeneratiorzibus
853 1758 929 1788 suis.

235 1853 296 1885 His
323 1853 401 1884 locis
434 1854 551 1893 partim
586 1853 755 1884 confirmat
784 1851 888 1882 Moses
922 1849 1003 1890 quod
1039 1854 1112 1880 aute

153 1896 291 1928 vidimus
323 1895 361 1927 de
390 1896 459 1927 iure
484 1895 704 1934 sacerdotum,
738 1895 854 1935 partim
892 1893 1111 1933 exceptionem

153 1939 240 1971 addit
264 1949 358 1978 quam
387 1938 533 1969 nondum
557 1938 715 1979 attigerat.
760 1937 800 1968 In
825 1947 942 1977 genere
965 1946 1042 1976 ergo
1063 1945 1112 1966 sa-

153 1981 331 2013 cerdotibus
353 1981 503 2012 vendicat
524 1980 677 2021 quidquid
702 1991 743 2011 ex
766 1978 979 2011 sanctioribus
1000 1978 1114 2009 hostiis

154 2029 222 2055 erat
239 2024 410 2055 residuum.
441 2025 548 2064 Atque
568 2024 646 2054 haee
669 2023 894 2064 praerogativa
916 2033 969 2053 cos
995 2021 1113 2052 discer-

155 2068 204 2097 nit
225 2067 263 2098 ab
289 2067 360 2098 aliis
391 2067 528 2098 Levitis:
561 2066 646 2097 unde
677 2066 858 2107 colligimus
889 2075 983 2105 quarn
1013 2074 1114 2104 purus

155 2109 250 2140 fuerit
279 2109 317 2140 ab
340 2110 425 2140 omni
449 2109 623 2140 ambitione
654 2109 776 2147 Moses,
801 2108 876 2139 dum
900 2119 939 2139 ex
962 2107 1115 2138 mandato

156 2151 218 2182 Dei
247 2151 327 2182 filios
356 2162 429 2182 suos
459 2152 589 2192 spoliat,
621 2162 685 2183 non
715 2156 842 2182 tantum
873 2150 1030 2192 dignitate
1053 2159 1116 2190 qua

158 2199 311 2225 ornantur
344 2198 489 2234 nepotes,
530 2194 584 2226 sed
625 2195 721 2225 etiam
757 2194 909 2225 utilitatis
948 2197 1115 2233 proventu.

160 2235 267 2267 Sacris
309 2237 537 2275 oblationibus,
582 2238 703 2278 iuquit,
750 2248 813 2268 non
864 2237 917 2267 alii
962 2237 1117 2266 fruantur

161 2288 255 2318 quam
306 2278 362 2309 filii
405 2279 553 2317 Aharon,
599 2280 675 2321 quia
716 2279 873 2311 divinitus
913 2279 986 2310 unci
1027 2282 1116 2316 sunt,

159 2324 197 2351 ut
232 2321 381 2352 accedant
410 2321 448 2352 ad
488 2323 597 2354 altare.
649 2323 771 2354 Verum
803 2323 879 2363 quia
914 2323 999 2352 inter
1032 2321 1116 2360 ipsos

160 2372 284 2402 quoque
317 2364 484 2395 aemulatio
516 2370 640 2406 poterat
674 2366 764 2403 oriri,
805 2365 908 2406 legem
946 2363 1115 2404 specialem

160 2405 263 2441 addit,
293 2410 327 2436 ut
352 2411 454 2437 certas
483 2408 678 2439 oblationum
703 2408 822 2447 species
853 2408 939 2439 solus
971 2405 1117 2438 sacerdos

161 2448 315 2488 percipiat
344 2449 396 2487 qui
426 2459 477 2480 eas
505 2450 664 2481 obtulerit.
709 2451 779 2482 Etsi
810 2455 916 2481 autem
942 2448 1119 2480 liberaliter

162 2500 219 2520 suo
242 2500 372 2521 munere
395 2491 477 2530 ipsos
500 2492 629 2533 defungi
647 2494 798 2533 oportuit,
822 2504 885 2524 non
903 2498 1011 2524 autem
1030 2492 1118 2522 lucro

163 2532 261 2563 allici:
285 2542 345 2572 quo
373 2537 479 2564 tamen
502 2535 621 2575 singuli
647 2536 785 2567 alacrius
809 2542 915 2576 partes
945 2545 1020 2567 suas
1050 2534 1117 2564 obi-

163 2580 248 2622 rent,
280 2575 456 2606 mercedem
481 2575 581 2608 labori
607 2583 637 2609 et
668 2579 853 2619 diligentiae
879 2579 1000 2610 statuit.
1046 2576 1118 2607 Hac

162 2622 286 2648 ratione
315 2618 468 2658 praecipit
499 2624 531 2650 ut
557 2621 710 2661 reliquiae
747 2621 859 2652 minha
891 2623 922 2652 in
951 2619 1116 2652 sacrificiis

848 185 1099 219 SECUNEUM
1121 184 1443 216 PRAEOEPTUM.

2072 186 2135 217 478

1169 278 1425 317 prosperitatum,
1450 277 1528 308 item
1552 288 1659 308 armus
1683 277 1797 309 dexter
1820 279 1978 317 victimae,
2008 284 2039 310 et
2062 289 2135 310 caro

1168 319 1297 350 residua
1320 331 1359 350 ex
1382 320 1498 350 hostiis
1516 330 1574 360 pro
1593 319 1722 357 delicto,
1746 321 1863 352 cedant
1890 322 1923 353 in
1955 322 2135 362 praemium

1169 362 1333 399 sacerdoti,
1353 363 1405 402 qui
1426 373 1543 393 munus
1562 362 1713 402 expiandi
1730 368 1761 394 et
1779 363 1952 405 spargendi
1967 364 2137 404 sanguinis

1169 404 1291 435 obierit.
1344 405 1487 436 Dubium
1516 405 1645 445 quidem
1676 416 1738 437 non
1760 411 1823 444 est,
1853 407 1970 438 multos
1999 410 2134 447 quaestu

1168 446 1267 478 fuisse
1301 447 1447 483 allectos,
1478 448 1531 488 qui
1563 447 1680 488 alioqui
1719 447 1860 480 officium
1899 449 2132 490 neglexissent:

1168 499 1279 520 verum
1309 489 1341 520 id
1370 495 1524 530 paternae
1550 490 1770 531 indulgentiae
1796 491 1871 530 fuit,
1901 502 2011 523 eorum
2042 492 2134 523 infir—

1168 532 1272 562 mitati
1292 532 1462 564 concedere
1478 538 1514 564 ut
1533 543 1654 564 merces
1670 538 1753 564 esset
1773 533 1958 574 diligentiae
1973 534 2132 565 stimulus.

1168 574 1299 605 Interea
1322 575 1423 605 noluit
1447 575 1535 606 Deus
1564 575 1671 607 servili
1693 575 1788 607 modo
1815 576 1994 608 conducere
2022 587 2131 608 eorum

1168 627 1290 656 operas,
1311 623 1347 647 ut
1370 618 1476 648 animo
1499 624 1606 649 essent
1624 619 1826 650 mercenarii:
1851 619 1927 659 quin
1947 619 2052 658 potius
2075 630 2133 660 per

1168 659 1355 699 prophetam
1391 659 1481 701 (Mal.
1517 662 1548 697 1,
1585 660 1637 702 10)
1670 672 1765 692 suum
1799 661 1998 701 exprobrans
2027 662 2132 693 nullos

1168 712 1237 732 esse
1260 703 1313 741 qui
1332 702 1438 742 ignem
1458 703 1559 742 gratis
1582 703 1616 734 in
1636 703 1729 734 altari
1748 704 1933 741 accendant,
1958 704 2133 744 amplificat

1168 755 1278 775 eornm
1308 745 1590 785 ingratitudinem,
1625 746 1707 786 quod
1739 757 1802 778 nou
1835 746 1930 777 modo
1959 747 2132 787 gratuitam

1169 797 1300 827 operam
1324 797 1389 818 non
1412 788 1607 827 impendant,
1631 788 1686 820 sed
1707 794 1837 829 accepta
1859 789 2004 821 mercede
2026 789 2133 829 ipsum

1167 829 1327 866 fraudent,
1351 830 1400 861 cui
1424 841 1457 861 se
1480 830 1671 861 addixerant
1693 832 1867 863 ministros.

1443 1008 1505 1040 EX
1526 1008 1698 1040 NUMER.
1722 1008 1854 1041 XVIII.

1252 1101 1302 1132 20.
1331 1101 1425 1132 Dia-it
1451 1104 1553 1132 autem
1583 1102 1695 1133 Iehova
1725 1103 1767 1134 ad
1796 1103 1943 1134 Aharon:
1969 1103 2018 1135 De
2047 1105 2131 1134 terra

1166 1153 1271 1175 eorum
1300 1143 1518 1175 haereditatem
1546 1155 1606 1175 uon
1634 1145 1773 1183 habebis,
1802 1156 1854 1176 uec
1870 1147 1974 1184 portio
1996 1146 2052 1176 erit
2074 1145 2131 1177 tibi

1166 1187 1200 1216 iu
1222 1186 1320 1217 medio
1342 1196 1460 1217 eorum.-
1487 1197 1538 1226 eyo
1555 1188 1658 1225 portio
1683 1191 1749 1223 tua,
1777 1191 1803 1218 et
1824 1188 1999 1219 haereditas
2022 1191 2076 1219 tua
2096 1189 2132 1219 iu

1165 1230 1267 1260 medio
1297 1229 1435 1267 filiorum
1465 1229 1578 1261 Israel.
1629 1230 1678 1260 21.
1710 1230 1805 1261 Filiis
1834 1233 1935 1261 autem
1965 1231 2041 1261 Levi
2070 1240 2132 1262 ecce

1166 1271 1237 1303 dedi
1265 1281 1368 1302 omues
1397 1271 1530 1303 decimas
1558 1272 1593 1303 in
1623 1273 1741 1304 Israele
1770 1274 1805 1303 iri
1832 1273 2048 1304 haereditatem
2070 1283 2131 1312 pro

1165 1315 1337 1345 ministerio
1365 1324 1469 1345 eorum
1498 1315 1573 1353 quia
1601 1315 1665 1354 ipsi
1692 1318 1898 1355 exsequuntur
1923 1316 2132 1347 ministerium

1166 1357 1357 1388 tabernaculi
1380 1357 1591 1388 conventionis.

1422 1536 1486 1567 EX
1509 1536 1671 1567 EODEM
1695 1535 1870 1566 OAPITE.

1251 1629 1301 1660 23.
1326 1629 1368 1660 Et
1390 1630 1422 1660 iii
1445 1630 1544 1661 medio
1564 1629 1701 1668 filiorum
1724 1629 1827 1660 Israel
1848 1638 1910 1659 riori
1927 1627 2131 1667 possidebunt

1164 1672 1389 1703 haereditatem.
1425 1672 1475 1703 24.
1501 1672 1646 1703 Decimus
1668 1672 1749 1703 euim
1769 1671 1904 1710 filiorum
1928 1671 2031 1703 Israel
2052 1681 2131 1710 quas

1167 1716 1290 1754 offerent
1302 1714 1433 1746 Iehovae
1455 1716 1488 1746 in
1511 1715 1712 1753 elevationem,
1735 1714 1806 1745 dedi
1829 1714 1946 1745 Levitis
1969 1714 2002 1745 iu
2025 1714 2130 1745 haere-

1163 1758 1307 1789 ditatem:
1335 1758 1447 1789 idcirco
1476 1758 1544 1788 dixi
1567 1758 1604 1789 de
1621 1757 1705 1789 illis:
1736 1757 1777 1787 In
1798 1757 1896 1787 medio
1917 1756 2057 1795 filiorum
2081 1757 2129 1787 Is—

1164 1800 1231 1832 rael
1253 1811 1313 1831 riou
1331 1800 1530 1841 possidebunt
1553 1800 1778 1832 haereditatem.

1444 1978 1507 2009 EX
1530 1976 1679 2008 LEVIT.
1704 1976 1771 2007 XX
1778 1975 1851 2006 VII.

1252 2063 1302 2095 30.
1331 2063 1440 2095 Omnes
1462 2066 1562 2094 autem
1585 2062 1719 2092 decimae
1741 2063 1848 2097 terrae,
1872 2061 1935 2091 sive
1957 2060 1994 2092 de
2014 2061 2129 2092 semiue

1166 2109 1273 2143 terroe,
1297 2107 1360 2137 sive
1377 2107 1414 2137 de
1430 2106 1532 2145 fructu
1550 2105 1702 2141 arborum,
1728 2103 1856 2134 leliome
1877 2105 1956 2140 sunt,
1980 2104 2129 2134 sanctitas

1168 2149 1307 2180 Iehovae.
1342 2149 1392 2180 31.
1409 2148 1445 2179 Si
1467 2158 1536 2179 vero
1558 2147 1733 2178 redimendo
1755 2146 1912 2177 redemerit
1935 2146 1985 2176 vir
2006 2145 2129 2185 aliquid

1168 2193 1204 2223 de
1240 2193 1366 2224 decimis
1400 2192 1484 2228 suis,
1519 2191 1657 2229 quintam
1685 2190 1753 2220 eius
1775 2191 1898 2227 partem
1927 2187 2016 2219 addet
2045 2188 2128 2219 ultra

1167 2245 1244 2266 eam.
1289 2235 1339 2265 32.
1364 2233 1406 2265 Et
1434 2234 1532 2264 oriiiiis
1552 2233 1667 2263 decima
1689 2231 1776 2262 boum
1799 2233 1826 2261 et
1848 2231 1963 2267 ovium,
1991 2231 2128 2262 omnium

1168 2288 1274 2316 nempe
1296 2288 1376 2317 quae
1393 2278 1551 2307 transeuut
1570 2274 1626 2306 sub
1648 2274 1745 2314 ciryci,
1767 2274 1883 2303 decima
1904 2274 2032 2312 iuquam
2048 2284 2129 2313 pars

1168 2321 1226 2351 erit
1244 2321 1392 2350 sauctitas
1404 2319 1543 2350 Iehovae.
1574 2317 1622 2348 33.
1643 2316 1708 2347 Nou
1727 2316 1877 2355 disquiret
1894 2318 1996 2346 utrum
2018 2316 2128 2347 bouum

1168 2374 1210 2394 an
1239 2363 1370 2400 malum,
1398 2372 1492 2401 neque
1516 2360 1702 2399 permutabit
1725 2359 1819 2389 illud.-
1847 2359 1927 2398 quod
1948 2359 1976 2389 si
1999 2368 2128 2389 commu·

1168 2406 1261 2437 tando
1291 2404 1519 2436 commutaverit
1548 2403 1666 2442 ipsum,
1697 2402 1755 2432 erit
1776 2404 1838 2432 tam
1861 2401 1913 2432 hoc
1935 2411 2027 2440 quam
2050 2401 2129 2432 illud

1168 2449 1249 2488 quod
1271 2450 1485 2479 commutatum
1507 2448 1565 2483 cst,
1595 2445 1652 2475 erit
1674 2445 1802 2483 iuquam
1823 2443 2040 2483 sanctificatio,
2070 2454 2129 2475 nou

1168 2492 1345 2522 redimetur.
