2304 3034
85 2198 92 2204 ,
131 2170 292 2209 fallaxque
322 2177 406 2202 esset
435 2182 545 2202 corum
576 2173 689 2202 cultus.

132 157 193 189 289

132 251 164 281 iu
197 256 283 282 terra
313 252 438 290 hostili,
468 264 531 284 non
563 258 737 292 suppetunt
767 253 919 290 lautitiae,
949 252 1004 283 sed
1027 252 1093 282 illis
1117 256 1119 290 Ι

132 294 263 324 obvium
293 295 438 334 quodque
467 296 706 326 condimentum
740 296 861 334 optime
895 296 992 334 sapit:
1035 294 1119 325 nec'

132 347 185 366 eos
212 337 347 367 offendit
369 338 556 374 amaritudo,
580 338 674 368 sicuti
697 338 730 367 iu
754 338 844 376 copia
867 343 899 367 et
926 339 990 367 otio
1013 338 1093 367 acci-

134 378 208 408 dere
238 380 326 410 solet.
378 380 477 412 Forte
509 381 605 410 etiam
629 380 783 419 pristinae
808 380 1001 410 conditionis
1025 379 1093 410 fue-

133 427 211 451 runt
245 421 416 453 admoniti:
455 423 526 462 quia
560 422 619 452 sub
654 429 720 452 tam
754 421 823 452 dira
858 423 1029 462 tyrannide
1063 428 1093 453 et

133 464 247 494 acerba
271 465 348 495 nihil
372 476 469 495 suave
493 470 547 495 aut
570 464 746 495 iucundum
770 475 838 495 esse
863 466 976 503 potuit.
1023 465 1094 495 Cla—

134 507 201 537 rius
230 513 337 537 tamen
367 517 519 547 expressa
547 507 604 537 fuit
628 507 800 543 festinatio,
827 517 925 546 quum
951 507 1093 545 calceati,

134 549 295 584 succincti,
326 550 494 589 innixique
520 549 639 580 baculis
662 560 781 589 agnum
807 549 923 588 raptim
948 550 1094 581 comede-

134 599 215 622 rent.
263 594 290 622 A
315 602 412 622 coena
435 592 590 622 transitus
613 596 663 622 est
686 591 725 622 ad
748 592 867 622 lectum
891 598 922 623 et
945 594 1093 631 quietem.

134 634 248 673 Itaque
273 640 393 664 veteres
421 640 453 664 et
482 634 601 665 calceos
625 645 742 664 exuere
766 640 798 665 et
821 634 1021 665 discumbere
1044 646 1094 666 so-

134 676 252 706 lebant.
314 677 410 707 Hunc
451 687 569 707 morem
611 677 743 707 invertit
777 677 885 716 populi
921 678 1095 709 necessitas

134 719 262 758 quando
284 729 357 749 mox
382 730 400 748 a
420 729 518 750 coena
541 719 651 752 fugere
671 725 801 750 coactus
820 725 878 750 est.
910 720 986 751 Ideo
1005 720 1094 751 addi-

135 768 188 792 tur
209 761 289 791 ratio
312 772 379 791 esse
403 762 506 792 Pesah
531 761 685 792 Iebovae:
717 762 867 802 quoniam
898 763 929 793 in
954 763 1094 803 trepida-

135 805 221 834 tione
244 811 274 833 et
296 804 457 834 saeviente
482 803 542 834 Dei
566 804 671 844 gladio
701 806 783 835 salvi
810 806 980 836 evaserint.
1029 806 1093 837 Sed

135 847 289 876 memoria
316 852 459 885 repetere
485 848 634 877 convenit
658 848 740 886 quod
765 853 838 878 ante
862 847 1012 884 diximus,
1038 848 1095 879 du-

135 889 248 928 plicem
282 888 376 918 huius
407 890 598 920 sacramenti
628 890 725 921 fuisse
749 900 859 920 usum:
891 891 966 930 quia
990 891 1023 921 in
1046 903 1095 922 re-

135 931 317 962 cordatione
346 932 510 970 praeteriti
542 932 686 963 beneficii
718 932 872 972 populum
905 935 1095 969 exercuerit,

135 979 167 1004 et
187 984 274 1013 spem
300 973 413 1003 aluerit
438 974 666 1014 redemptionis
685 976 823 1006 futurae.
858 976 971 1016 Itaque
992 977 1096 1007 Pesah

136 1026 199 1046 non
224 1023 346 1046 tautum
371 1016 445 1055 quid
469 1018 555 1047 Deus
577 1019 789 1056 praestitisset
812 1019 928 1058 populo
952 1030 1018 1055 suo,
1042 1019 1096 1050 sed

135 1058 209 1098 quid
229 1058 268 1088 ab
287 1069 323 1089 eo
336 1058 451 1089 deinde
464 1060 659 1099 sperandum
674 1068 767 1097 esset,
782 1061 957 1093 admonuit.
983 1062 1097 1092 Proin-

136 1101 174 1131 de
207 1101 337 1131 dubium
372 1113 437 1132 non
473 1108 520 1133 est
554 1104 629 1142 quin
666 1103 837 1134 debuerint
870 1115 908 1134 ex
942 1104 1001 1136 hoc
1032 1098 1124 1135 ritu¹

135 1144 300 1175 Israelitac
334 1144 456 1175 discere
485 1156 518 1176 se
548 1145 609 1177 hac
641 1146 709 1186 lege
741 1146 923 1185 redemptos
958 1158 1026 1178 esse
1057 1159 1096 1178 ex

134 1186 302 1225 tyrannide
315 1187 523 1228 Aegyptiaca,
543 1195 577 1218 ut
597 1189 685 1219 salus
704 1189 798 1229 longe
819 1190 1032 1228 praestantior
1045 1190 1098 1220 ad-

133 1230 194 1260 huc
218 1231 302 1270 ipsos
327 1237 480 1261 maneret.
519 1231 589 1262 Hoc
613 1242 688 1262 vero
712 1232 879 1271 spirituale
903 1233 1096 1272 mysterium

131 1273 250 1303 clarius
273 1273 466 1312 patefactum
491 1274 551 1303 fuit
575 1274 698 1305 Christi
722 1275 873 1306 adventu.
909 1275 985 1305 Ideo
1012 1276 1095 1306 Pau-

131 1315 182 1346 lus
216 1322 358 1346 veterem
390 1316 472 1347 hanc
502 1318 639 1356 figuram
675 1317 713 1346 ad
749 1328 807 1347 nos
841 1318 1095 1356 accommodans,
1122 1352 1124 1360 Α

132 1360 205 1398 quia
229 1358 377 1389 Christus
401 1359 520 1398 pascha
544 1366 690 1390 nostrum
717 1360 903 1391 immolatus
927 1367 984 1396 est,
1008 1361 1097 1391 iubet

132 1411 189 1431 nos
212 1402 335 1441 epulari
359 1412 423 1432 non
448 1402 481 1432 in
506 1403 662 1433 fermento
687 1404 786 1433 veteri
811 1404 952 1434 malitiae
973 1410 1005 1434 et
1024 1414 1095 1434 ver-

132 1445 245 1481 sutiae,
261 1444 315 1476 sed
332 1445 362 1474 in
380 1445 516 1485 panibus
531 1446 664 1485 azymis,
686 1446 880 1476 sinceritatis
901 1452 932 1476 et
950 1447 1095 1477 veritatis

133 1487 163 1529 (1
189 1487 262 1519 Cor.
287 1488 315 1524 5,
341 1487 382 1528 7).
438 1488 549 1518 Voluit
578 1488 678 1527 igitur
709 1489 783 1518 olim
810 1489 898 1519 Deus
928 1488 1039 1519 domos
1063 1490 1095 1519 in

131 1531 247 1570 quibus
270 1531 484 1561 celebraretur
508 1530 633 1570 pascha,
658 1532 863 1570 corruptione
887 1533 973 1561 omni
998 1542 1096 1571 puras

131 1584 216 1604 csse:
240 1573 333 1612 idque
359 1575 450 1613 longe
471 1574 571 1613 magis
591 1573 685 1603 hodie
702 1580 864 1613 praestare
884 1586 940 1605 nos
960 1580 1094 1614 oportet,

132 1627 172 1646 ne
195 1626 256 1655 quo
280 1617 421 1646 malit-iae
446 1616 602 1647 fermento
625 1618 816 1647 sacrificium
841 1628 902 1656 quo
922 1629 977 1648 nos
999 1617 1095 1649 Chri-

130 1666 199 1689 stus
227 1669 246 1689 a
276 1667 378 1690 morte
402 1667 533 1689 aeterna
558 1658 702 1695 redemit,
728 1660 924 1699 inquinetur.
971 1660 1093 1691 Eodem

130 1702 294 1741 pertinent
315 1713 395 1741 qnae
414 1708 603 1741 sequuntur,
626 1713 665 1732 ne
685 1703 784 1733 simus
804 1702 963 1733 illecebris
983 1703 1094 1733 mundi

129 1743 245 1774 dediti:
281 1756 320 1774 ne
356 1745 559 1784 voluptatum
594 1744 762 1775 dulcedine
801 1745 946 1775 tardetur
982 1757 1094 1777 cursus

129 1794 247 1822 noster,
279 1786 333 1817 sed
366 1788 396 1817 in
423 1794 507 1817 terra
531 1789 784 1827 peregrinemur,
809 1799 936 1827 semper
959 1790 1094 1820 accincti

127 1835 160 1859 et
193 1830 334 1869 expediti
369 1829 408 1860 ad
443 1831 697 1870 properandum:
735 1837 767 1861 et
803 1832 951 1870 quamvis
986 1842 1095 1862 amara

128 1873 168 1902 sit
202 1883 282 1903 crux
319 1872 458 1910 Christi,
499 1884 562 1903 nou
598 1878 706 1903 tamen
741 1874 809 1904 eius
843 1880 973 1914 gustum
1010 1875 1091 1904 refu-

129 1915 262 1954 giamus.

215 1958 263 1988 12.
291 1958 373 1988 Nam
396 1958 534 1989 transibo
553 1969 611 1997 per
632 1961 756 1989 terram.
795 1959 865 1989 Hoc
889 1959 927 1989 ad
952 1960 1092 1998 primum

130 2000 247 2038 pascha
261 2009 393 2040 spectat,
414 2012 472 2039 qua
494 2009 585 2031 noete
606 2001 762 2031 liberandi
783 2008 875 2031 erant
894 2012 932 2031 ex
955 2004 1092 2042 Aegyto.

128 2042 325 2074 Nominatim
357 2054 432 2074 vero
463 2043 553 2074 Deus
583 2055 616 2073 se
646 2044 781 2075 iudicem
814 2045 880 2075 fore
904 2045 1095 2083 pronunciat

130 2084 283 2116 adversus
315 2086 411 2116 falsos
442 2086 533 2117 deos:
564 2088 638 2125 quia
669 2094 745 2117 tunc
775 2088 916 2117 maxime
946 2088 1094 2126 apparuit

130 2137 223 2165 quam
262 2128 339 2158 nibil
373 2135 456 2160 esset
486 2129 517 2159 in
548 2130 626 2168 ipsis
655 2130 776 2165 auxilii,
809 2136 839 2159 et
870 2140 964 2169 qnam
992 2140 1093 2161 vanus

745 2172 912 2207 Frigidum
946 2173 1030 2203 enim
1061 2179 1093 2203 et

133 2220 271 2242 eoactum
292 2215 374 2253 quod
395 2221 561 2254 nugantur
580 2215 708 2254 quidam
722 2215 872 2252 Rabbini,
892 2215 975 2245 idola
995 2216 1093 2247 fuisse

133 2261 304 2292 prostrata:
345 2257 417 2295 quia
458 2257 524 2287 solo
562 2258 792 2297 redemptionis
826 2258 979 2289 miraculo
1014 2260 1092 2289 satis

134 2298 300 2334 magnifice
333 2310 442 2330 omnes
477 2300 723 2339 superstitiones
757 2300 899 2332 deiectae
933 2306 1026 2340 sunt,
1061 2307 1092 2331 et

133 2339 281 2377 quidquid
318 2340 355 2370 de
388 2342 481 2373 idolis
514 2343 671 2373 creditum
707 2343 826 2381 fuerat,
868 2344 1026 2374 stultitiae
1060 2349 1092 2375 ct

134 2381 283 2412 vanitatis
306 2382 489 2415 damnatum
511 2391 568 2416 est.
606 2385 682 2416 Ideo
701 2386 843 2416 affirmat
864 2386 951 2416 Dens
971 2397 1004 2417 se
1027 2398 1090 2417 non

133 2429 260 2453 tantum
283 2424 366 2455 illius
389 2428 500 2465 gentis,
526 2428 580 2458 sed
605 2428 735 2459 deorum
761 2439 883 2468 quoque
903 2429 968 2459 fore
988 2431 1090 2460 victo-

134 2477 210 2496 rem.
262 2466 357 2497 Forte
391 2468 428 2498 ad
461 2470 544 2502 hune
575 2471 678 2501 locum
708 2471 816 2501 allusit
847 2471 949 2502 lsaias
982 2472 1029 2509 19,
1063 2473 1089 2509 1,

133 2519 229 2547 quum
254 2508 387 2539 diceret:
419 2511 508 2549 Ecce,
537 2514 685 2544 ascendet
708 2514 828 2545 Iehova
851 2524 948 2553 super
971 2514 1088 2545 nubem

133 2551 245 2586 levem,
269 2556 301 2580 et
322 2551 518 2591 ingredietur
537 2558 734 2596 Aegyptum,
753 2562 785 2587 et
800 2557 1090 2588 commovebuntur

133 2593 218 2623 idola
246 2603 264 2623 a
292 2594 369 2624 facie
398 2595 480 2626 eins:
509 2599 581 2636 quia
604 2600 733 2636 seilicet,
758 2600 882 2639 quoties
905 2600 1015 2639 populi
1039 2601 1088 2631 sui

229 2643 339 2669 Calvim'
354 2651 446 2676 opera.
470 2646 526 2672 Vol.
546 2648 623 2674 XXI
631 2650 659 2674 V.

854 160 1039 192 PRIMUM
1062 160 1381 194 PRAECEPTUM.

2047 167 2110 199 290

1146 257 1297 295 apparuit
1320 262 1473 294 servator,
1497 257 1634 298 gloriam
1657 268 1750 288 suam
1773 263 1885 290 contra
1914 269 2026 290 omnes
2049 261 2109 291 im-

1145 299 1212 338 pios
1235 305 1266 329 et
1289 299 1420 330 vitiosos
1443 300 1548 331 cultus
1570 301 1716 331 asseruit.

1234 341 1280 372 14.
1305 342 1348 372 Et
1369 343 1426 373 erit
1448 343 1514 374 dies
1536 344 1591 374 iste
1612 343 1703 374 vobis.
1739 343 1810 375 Hoc
1835 343 1873 374 de
1896 354 2005 375 annua
2028 345 2110 376 cele-

1146 383 1289 414 bratione
1314 384 1446 422 dieitur,
1469 396 1550 425 quae
1570 390 1634 416 tam
1654 391 1902 416 monumentum
1922 386 1984 417 fuit
2004 388 2110 419 exitus

1145 436 1240 465 quam
1265 427 1445 466 symbolum
1470 429 1596 458 futurae
1619 428 1827 459 liberationis.
1879 428 1973 467 Quod
2002 436 2109 462 autem

1147 475 1279 499 vocatur
1310 470 1389 500 ritus
1418 470 1469 500 vel
1494 470 1632 502 edictum
1657 471 1785 507 saeculi,
1815 471 1875 503 hac
1899 482 1979 503 voce
2004 473 2111 504 notari

1146 512 1392 550 perpetuitatem
1414 513 1529 550 fateor,
1553 513 1608 544 sed
1633 524 1714 553 quae
1732 518 1859 544 tantum
1882 525 1982 554 usque
2001 515 2040 546 ad
2060 526 2110 547 re-

1147 554 1350 584 novationem
1383 555 1492 595 vigere
1523 555 1649 586 debuit:
1685 566 1765 595 quae
1791 557 1871 587 ratio
1902 558 2024 588 tamin
2049 559 2109 590 cir-

1145 596 1341 627 cumcisione
1371 608 1466 636 quam
1497 598 1531 628 in
1555 602 1621 629 toto
1645 598 1741 638 legali
1764 599 1851 630 cultu
1875 600 1982 630 valere
2005 599 2109 638 debet,

1146 639 1199 677 qui
1223 640 1282 669 etsi
1308 638 1429 670 Christi
1453 640 1593 671 adventu
1617 641 1719 680 quoad
1750 652 1843 672 usum
1873 642 2010 674 abolitus
2039 644 2110 682 fuit,

1148 687 1225 711 tune
1238 681 1366 711 demum
1388 693 1495 713 veram
1516 683 1710 714 soliditatem
1727 683 1877 715 obtinuit.
1909 684 2019 723 Quare
2038 696 2110 717 mu-

1147 724 1223 753 tatio
1253 734 1315 763 qua
1343 725 1520 756 differimus
1549 736 1567 756 a
1596 726 1713 766 populo
1738 727 1848 764 veteri,
1879 727 1961 757 nihil
1985 739 2026 759 ex
2051 729 2110 759 hoc

1147 771 1301 805 perpetuo
1325 772 1446 798 statuto
1470 767 1627 799 detrahit:
1652 769 1747 800 sicuti
1771 779 1829 799 nec
1849 769 1959 801 foedus
1978 781 2112 809 novum,

1147 808 1230 848 qnod
1254 808 1293 839 ad
1317 809 1529 840 substantiam
1554 811 1704 842 interitus
1726 816 1774 842 est
1797 812 1926 849 veteris,
1950 813 2005 843 sed
2027 813 2110 853 quod

1148 851 1186 882 ad
1211 852 1345 882 formam
1370 852 1536 883 duntaxat.
1568 854 1671 885 Paulo
1690 858 1761 893 post
1780 854 1833 884 ubi
1853 854 1943 885 dicit:
1969 856 2109 886 Tantum

1147 893 1231 933 quod
1251 894 1443 931 comedetur,
1468 895 1527 926 hoc
1551 896 1653 926 solum
1676 897 1731 927 fiet
1753 907 1772 927 a
1795 897 1893 933 vobis,
1918 908 2031 929 sensus
2051 903 2109 936 est,

1148 936 1188 967 ab
1210 937 1296 966 omni
1320 947 1414 976 opere
1437 938 1628 969 cessandum
1652 949 1729 976 esse,
1754 939 1816 970 nisi
1840 945 1873 970 ut
1897 940 2003 971 cibum
2027 940 2117 972 illius

1149 979 1211 1009 diei
1224 979 1283 1010 sibi
1305 986 1427 1019 parent.
1452 980 1544 1019 Quae
1563 982 1709 1021 exceptio
1729 981 1848 1013 diserte
1866 983 1927 1013 fuit
1940 983 2052 1023 posita,
2073 994 2115 1015 ne

1148 1022 1209 1053 sibi
1244 1023 1472 1061 permitterent
1512 1023 1545 1054 in
1587 1023 1658 1055 aliis
1699 1025 1837 1064 negotiis
1871 1035 1980 1057 sacras
2016 1026 2116 1058 ferias

1151 1064 1279 1095 violare.

1407 1235 1470 1266 EX
1493 1235 1656 1267 EODEM
1678 1236 1854 1268 OAPITE.

1235 1320 1284 1350 24.
1314 1320 1521 1351 observabitis
1539 1321 1643 1360 itaque
1667 1332 1729 1352 rem
1756 1322 1848 1352 istam
1861 1321 1893 1363 ¹),
1913 1323 1947 1353 in
1965 1325 2114 1354 statutum

1150 1362 1206 1393 tibi
1229 1366 1255 1393 et
1276 1363 1355 1401 filiis
1377 1363 1438 1393 tuis
1456 1374 1551 1402 usque
1571 1364 1601 1393 in
1618 1365 1782 1395 saeculmn.
1812 1364 1862 1395 525.
1884 1363 1928 1395 Et
1945 1365 2002 1396 erit
2020 1376 2114 1405 quum

1150 1406 1342 1436 intraveritis
1364 1408 1477 1436 terram
1499 1416 1594 1444 quam
1616 1406 1699 1437 dabit
1723 1407 1835 1438 Ielzova
1857 1408 1949 1444 vobis,
1972 1411 2006 1438 ut
2020 1409 2114 1447 polli—

1150 1449 1229 1479 citus
1251 1451 1304 1483 est,
1327 1451 1398 1479 tunc
1421 1448 1617 1479 observabitis
1637 1449 1715 1480 hunc
1738 1450 1857 1481 cultum.
1893 1450 1943 1481 26.
1964 1450 2039 1482 Erit
2058 1461 2114 1483 au-

1149 1494 1207 1521 tem
1235 1500 1328 1529 quum
1358 1491 1491 1522 dzlmrint
1520 1491 1602 1521 vobis
1628 1491 1689 1529 filii
1711 1493 1819 1523 vestri:
1852 1493 1928 1531 Quis
1950 1496 1993 1524 est
2014 1494 2113 1525 cultus

1149 1534 1205 1564 z’ste
1228 1534 1336 1564 vobis?
1386 1534 1435 1564 27.
1463 1534 1547 1564 Tunc
1569 1534 1691 1565 dicetis.-
1720 1534 1779 1566 Est
1796 1535 1985 1574 sacrificium
2010 1536 2113 1568 Pesalc

1151 1576 1286 1613 Icltovcze,
1306 1577 1360 1615 qui
1378 1576 1529 1607 transiliit
1542 1577 1644 1607 domos
1660 1576 1796 1615 filiorum
1812 1578 1916 1609 Israel
1928 1579 1961 1608 in
1974 1579 2113 1619 Aeyypto

1148 1619 1270 1658 quando
1291 1620 1441 1659 percussit
1462 1620 1638 1659 Aegyptios,
1661 1622 1687 1650 εἰ
1709 1620 1812 1651 domos
1833 1623 1955 1652 nostras
1977 1622 2065 1653 eruit.

1404 1789 1467 1819 EX
1491 1788 1653 1820 EODEM
1676 1788 1850 1820 CAPITE.

1233 1875 1283 1905 43.
1307 1874 1349 1905 Et
1370 1874 1450 1905 dia-it
1474 1874 1586 1904 Ieltova
1608 1874 1649 1904 ad
1671 1873 1780 1904 DIosen
1799 1877 1825 1905 et
1843 1875 1982 1913 Aharon,
2009 1875 2113 1907 Statu-

1147 1921 1211 1948 tum
1237 1917 1353 1948 Pesah:
1381 1917 1494 1947 Nullus
1513 1917 1685 1955 alieniqeua
1703 1917 1832 1948 comedet
1849 1928 1885 1948 ez:
1904 1928 1944 1948 eo.
1978 1918 2028 1949 44.
2052 1919 2112 1950 Sed

1147 1961 1247 1991 omanis
1280 1970 1388 1990 servus
1414 1960 1476 1990 viri
1500 1960 1631 1998 pecunia
1660 1962 1785 1996 emptas,
1811 1963 1976 1998 postquam
2005 1962 2110 2001 ‘ipsum

1148 2003 1385 2039 circmncideris,
1409 2002 1536 2033 comedet
1558 2012 1594 2032 ez:
1616 2012 1655 2031 eo.
1688 2002 1738 2032 45.
1758 2002 1887 2033 Advena
1910 2005 1936 2033 et
1958 2013 2110 2035 mercena-

1147 2047 1215 2076 rius
1237 2056 1297 2076 ozon
1320 2046 1444 2076 comedet
1467 2055 1504 2075 ez
1526 2054 1564 2075 eo.
1610 2044 1660 2074 46.
1686 2044 1726 2074 In
1745 2045 1848 2075 eadem
1871 2046 1957 2075 domo
1978 2047 2109 2078 comede-

1147 2092 1211 2119 tur:
1240 2099 1300 2119 non
1330 2089 1435 2127 efferes
1462 2089 1545 2117 ‹af-tra
1576 2087 1697 2117 domum
1723 2087 1811 2125 foras
1841 2098 1856 2118 6
1884 2098 1989 2125 carne,
2020 2092 2047 2120 et
2075 2100 2109 2121 os

1146 2142 1205 2161 non
1228 2132 1423 2170 confrinqetis
1444 2140 1482 2161 eat
1504 2140 1543 2160 eo.
1596 2129 1646 2160 47.
1685 2129 1854 2161 Universus
1883 2133 1980 2161 coetus
2004 2131 2109 2163 Israel

1145 2175 1259 2213 sacient
1270 2173 1294 2215 ²)
1314 2174 1425 2213 ipswn.
1457 2173 1506 2203 48.
1530 2172 1616 2211 (guod
1632 2172 1661 2202 si
1680 2172 1852 2211 inquilinus
1870 2174 1956 2211 apud
1978 2176 2004 2205 te
2021 2185 2108 2213 pere-

1143 2218 1290 2256 armetur,
1312 2220 1346 2246 ut
1362 2217 1459 2255 faeiat
1480 2214 1581 2245 Posala
1600 2214 1735 2252 Iehovae,
1754 2215 1985 2246 circumcidetur
2002 2217 2031 2247 ei
2048 2227 2109 2248 om-

1145 2260 1196 2290 nis
1214 2259 1378 2296 masculus,
1403 2261 1429 2289 et
1446 2261 1517 2288 tunc
1539 2257 1655 2287 accedet
1672 2257 1714 2287 ad
1729 2258 1904 2295 jaciendum
1927 2258 2013 2297 illud,
2038 2260 2109 2291 erit-

1144 2313 1200 2341 que
1222 2303 1300 2332 sicut
1323 2302 1465 2340 indiffltna
1487 2303 1599 2330 terrae:
1622 2299 1726 2330 nullus
1749 2302 1850 2330 autem
1873 2301 2108 2333 incircumcisus

1144 2348 1285 2375 vescatur
1307 2355 1345 2374 em
1367 2354 1407 2374 (30.
1459 2343 1508 2373 49.
1534 2342 1600 2373 Lex
1621 2352 1685 2372 una
1708 2343 1767 2373 erit
1787 2343 1951 2382 indiyenae
1973 2347 1999 2374 et
2015 2355 2106 2383 pere-

1141 2388 1238 2427 yrz'uo,
1262 2388 1315 2426 qui
1332 2387 1552 2426 pereqrinatar
1574 2385 1607 2414 ‘in
1629 2384 1727 2416 medio
1748 2385 1850 2415 vestri.

1229 2473 1278 2503 24.
1314 2471 1521 2503 Observabitz's
1550 2470 1661 2508 «ittaque.
1713 2469 1838 2500 Iterum
1868 2471 1984 2510 repetit
2013 2482 2107 2511 prae-

1230 2575 1256 2606 1)
1277 2575 1312 2599 ln
1330 2574 1466 2606 margine:
1485 2573 1534 2602 vel,
1555 2571 1664 2596 verbum
1682 2571 1763 2595 istud.

1228 2609 1257 2641 2)
1277 2609 1311 2634 In
1330 2609 1463 2641 maryine:
1482 2607 1508 2632 id
1528 2609 1576 2637 cst,
1596 2605 1758 2630 mactabunt.

1872 2647 1905 2672 19
