2304 3034
141 204 202 236 249

140 298 237 329 fuisse
262 310 376 338 aquam
399 310 415 330 e
439 300 526 331 silice
549 309 646 339 quum
671 298 723 330 siti
746 298 923 328 laborasset
943 298 1098 337 populus:

139 351 225 372 nunc
238 341 372 372 alterum
393 341 490 378 addit,
511 351 583 372 man
602 340 773 371 fuisseillis
793 340 884 380 panis
904 341 987 370 loco:
1008 342 1097 380 quasi

139 383 268 421 diceret,
293 395 389 423 quum
410 384 499 415 cibus
522 389 554 414 et
578 388 670 423 potus
690 383 871 420 deficerent,
897 383 1096 422 pereundum

138 425 237 457 fuisse
266 427 389 466 inopia,
422 427 481 458 nisi
513 431 640 465 praeter
669 430 817 455 naturam
846 430 1019 464 utrumque
1044 425 1097 455 de-

139 468 239 499 disset
260 468 365 506 Deus,
399 469 451 508 qui
481 468 594 499 durum
619 467 739 498 silicem
765 468 796 497 in
821 478 918 506 aquas
948 468 1023 498 fecit
1047 467 1097 498 de-

137 511 245 548 fluere,
270 516 301 542 et
320 522 336 542 e
356 511 493 542 nubibus
511 520 626 550 panem
650 510 811 549 produxit.
854 510 954 540 Porro
978 511 1094 540 iterum

136 554 253 593 repetit
274 553 357 593 quod
380 561 453 584 ante
484 553 622 589 dixerat,
653 552 787 591 penuria
818 553 972 583 afflictum
997 553 1095 583 fuisse
1121 587 1122 595 ἵ

136 596 300 635 populum,
325 601 359 626 ut
381 596 459 626 haec
482 600 563 625 esset
588 594 659 625 fidei
683 599 713 624 et
738 595 910 634 patientiae
940 595 1093 634 probatio.

137 639 236 678 Atqui
265 639 297 669 in
321 639 389 678 ipso
413 637 559 668 examine
589 637 711 668 detecta
746 636 807 666 fuit
832 642 896 667 tam
921 637 1093 668 increduli-

135 684 185 711 tas
217 680 326 721 populi
359 690 453 720 quam
485 679 701 718 intemperies.
753 679 895 709 Tandem
931 679 1093 710 illustrata

134 724 237 764 magis
260 723 318 753 fuit
341 723 401 753 Dei
425 722 550 752 bonitas
573 727 604 752 et
627 722 737 758 virtus,
762 721 843 761 quod
868 722 1092 762 ingratitudini

135 775 243 796 eorum
278 766 464 805 ignoscens,
507 763 717 794 nihilominus
758 775 865 794 eorum
908 765 1091 796 necessitati

133 818 223 847 opem
249 808 331 838 tulit.
376 807 458 837 Nam
483 807 509 837 si
534 806 652 836 nullam
678 807 816 837 esuriem
841 808 927 846 passi
947 807 1089 845 fuissent,

133 850 303 890 neglectim
323 854 487 889 acceptum
508 848 619 879 fnisset
646 849 705 879 Dei
734 849 921 880 beneficium
952 850 985 879 in
1013 861 1089 889 quo—

133 892 253 923 tidiano
275 891 352 923 cibo.
398 891 471 922 Huc
495 891 633 930 pertinet
667 892 748 931 quod
784 893 816 922 in
853 893 914 922 fine
948 893 1088 931 ponitur,

131 940 167 965 ut
196 934 274 965 bene
306 934 422 965 faceret
444 933 500 963 tibi
525 933 652 964 demum
684 939 828 965 extremo
853 940 905 965 tuo
934 940 1087 974 tompore.

130 977 182 1008 Ex
208 977 320 1016 quibus
349 976 456 1006 verbis
486 976 646 1007 discamus
670 978 766 1007 etiam
793 988 865 1014 nos,
894 977 964 1008 ideo
994 988 1088 1017 saepe

130 1030 187 1050 nos
210 1019 338 1050 destitui
358 1019 545 1049 necessariis
564 1019 713 1049 subsidiis
733 1024 767 1049 nt
787 1020 825 1050 ad
846 1020 1000 1050 auxilium
1017 1020 1087 1058 Dei,

129 1061 211 1101 quod
245 1062 278 1091 in
312 1061 465 1091 extremis
499 1062 594 1091 rebus
634 1068 785 1101 apparet,
827 1062 1085 1102 cognoscendum

129 1104 346 1144 expergefiant
366 1114 477 1134 sensus
496 1105 606 1134 nostri.
652 1104 734 1135 Nam
755 1105 849 1135 sicuti
871 1116 976 1135 rerum
998 1106 1087 1144 eopia

127 1147 233 1177 velum
263 1146 362 1176 oculis
386 1147 504 1177 nostris
527 1146 672 1184 obducit,
703 1147 751 1177 vel
787 1158 895 1178 eorum
922 1153 1084 1187 aspectum

126 1188 264 1226 hebetat,
298 1189 343 1219 sic
365 1199 492 1219 rursum
518 1189 646 1220 nuditas
670 1194 701 1219 et
724 1190 833 1230 inopia
858 1190 1083 1221 hebetudinem

124 1236 242 1271 purgat
265 1236 297 1261 et
318 1231 488 1271 abstergit,
519 1238 551 1262 ut
576 1232 681 1263 oblata
705 1231 766 1263 Dei
790 1233 945 1264 beneficia
968 1233 1085 1264 clarius

123 1273 329 1313 perspiciant.

210 1316 257 1347 17.
289 1316 327 1347 Ut
349 1316 434 1348 dicas
456 1317 489 1347 ‘in
512 1317 598 1348 eorde
627 1319 686 1347 tem.
733 1316 882 1357 Speciem
904 1318 1081 1357 superbiae,

124 1358 163 1389 de
186 1369 247 1398 qua
271 1369 373 1398 nuper
394 1360 545 1399 loquutus
569 1364 633 1397 est,
662 1360 831 1399 exprimit:
867 1371 982 1400 nempe
1006 1361 1082 1391 dum

125 1411 201 1432 suae
224 1400 408 1440 industriae,
432 1402 481 1432 vel
506 1402 615 1437 labori,
640 1403 689 1432 vel
710 1402 841 1433 consilio
855 1409 1007 1443 arrogant
1027 1404 1082 1433 lio-

122 1444 226 1475 mines
248 1443 331 1483 quod
352 1445 412 1475 Dei
432 1444 642 1475 benedictioni
675 1446 756 1475 ferro
779 1451 944 1485 acceptum
970 1447 1083 1477 debue-

122 1490 204 1517 rant.
248 1486 379 1518 Dictum
410 1487 537 1527 quidem
572 1488 642 1523 fuit,
674 1487 743 1518 aliis
767 1489 862 1518 ctiam
894 1489 996 1519 modis
1028 1500 1082 1519 ex-

122 1528 190 1559 tolli
209 1529 316 1560 corda:
341 1529 396 1560 sed
416 1530 474 1560 hoc
493 1531 701 1570 praecipuum
726 1536 773 1561 est
793 1531 960 1570 superbiae
980 1536 1084 1571 eaput,

122 1570 160 1601 ad
185 1582 242 1602 nos
265 1572 393 1603 trahere
416 1578 446 1602 et
470 1583 581 1612 rapere
612 1573 695 1612 quod
721 1574 780 1603 Dci
804 1574 971 1613 proprium
1004 1579 1082 1605 erat.

122 1613 211 1644 Nihil
242 1615 327 1645 enim
360 1615 474 1646 melius
504 1626 562 1645 nos
593 1616 623 1645 in
656 1615 810 1646 modestia
843 1625 874 1646 et
901 1617 1083 1647 hnmilitate

121 1657 264 1687 eontinet
288 1668 382 1697 quam
407 1658 528 1697 gratiae
548 1658 609 1689 Dei
634 1659 770 1698 agnitio:
794 1660 866 1698 quia
891 1660 1005 1690 cristas
1029 1660 1083 1690 ad-

120 1709 234 1731 versus
258 1711 330 1730 eum
363 1701 486 1741 erigere
509 1711 547 1731 ex
579 1712 639 1740 quo
664 1701 857 1740 pendemus,
890 1702 940 1733 eui
973 1715 1028 1732 nos
1052 1711 1082 1733 et.
1108 1737 1110 1744 Α

121 1747 228 1772 nostra
241 1743 348 1773 omnia
367 1743 528 1780 debemus,
548 1743 680 1774 insanae
697 1745 888 1775 temeritatis
901 1750 957 1775 est.
982 1745 1082 1776 Recte

121 1793 196 1824 ergo
218 1785 324 1816 Moses
347 1785 479 1817 humani
504 1786 607 1817 cordis
631 1797 671 1817 ex
698 1787 757 1817 Dei
782 1787 945 1818 oblivione
969 1799 1080 1827 super-

120 1825 203 1857 biam
233 1828 393 1868 coarguit,
427 1830 452 1859 si
482 1835 595 1869 putent
628 1834 731 1859 marte
766 1840 822 1860 suo
853 1837 980 1870 partum
1013 1841 1081 1860 esso

121 1869 203 1908 quod
228 1870 315 1901 Deus
338 1872 425 1910 quasi
452 1872 595 1911 precario
619 1872 755 1911 largitus
779 1878 839 1908 est,
873 1879 906 1903 ut
938 1884 990 1903 eos
1020 1874 1079 1903 sibi

120 1911 285 1943 devinctos
309 1918 442 1944 teneret.
478 1914 593 1945 Dicere
616 1914 650 1944 in
673 1915 776 1951 corde,
799 1915 958 1946 Hebraeis
982 1916 1080 1955 signi-

120 1954 194 1985 ficat
216 1965 320 1986 secum
346 1962 505 1996 reputare,
531 1957 578 1987 vel
604 1957 686 1996 apud
712 1968 745 1988 se
769 1958 916 1997 cogitare.
941 1958 1011 1988 Non
1033 1969 1078 1989 er-

119 2005 157 2036 go
181 2002 313 2028 externa
332 2003 456 2029 tantum
477 2000 540 2030 oris
559 2000 713 2039 professio
733 2001 890 2040 exigitur,
921 2011 982 2040 qua
1003 2012 1078 2041 prae

122 2049 154 2069 se
183 2039 287 2070 ferant
316 2040 460 2072 homines
491 2042 551 2073 Dei
581 2042 763 2072 liberalitati
795 2053 828 2074 se
857 2054 926 2074 esse
954 2050 1077 2083 gratos:

119 2079 259 2121 (quando
280 2093 374 2124 saepe
397 2084 429 2114 in
454 2095 490 2115 ea
514 2085 594 2115 nihil
619 2085 705 2115 aliud
730 2090 777 2116 est
800 2096 893 2125 quam
914 2086 1076 2117 simulatio

122 2129 151 2153 et
170 2125 321 2167 vanitas):
347 2126 400 2157 sed
432 2127 503 2157 vult
529 2128 611 2158 serio
637 2138 807 2167 persuasos
832 2140 916 2163 esse,
947 2140 964 2159 a
988 2140 1077 2160 mera,

122 2166 188 2196 eius
213 2167 421 2199 beneficentia
444 2170 543 2200 fluere
573 2171 726 2210 quidquid
759 2171 933 2210 possident.
980 2172 1076 2202 Prius

123 2207 198 2238 dicit
227 2211 372 2248 quamvis
403 2217 519 2242 terram
552 2213 706 2253 ingressi,
738 2224 820 2253 pane
843 2219 875 2244 et
899 2214 968 2245 aliis
1000 2215 1077 2245 cibis
1102 2236 1104 2247 .

123 2257 341 2290 vescerentur,
370 2264 443 2284 man
469 2260 587 2292 tamen,
619 2267 679 2295 quo
704 2256 792 2286 Deus
816 2267 869 2287 eos
893 2257 1013 2288 aluerat
1045 2258 1075 2287 in

123 2291 259 2330 deserto,
295 2302 483 2335 perpetuum
519 2298 586 2328 sore
622 2298 865 2336 documentum,
900 2310 962 2330 non
994 2311 1076 2339 pane

122 2334 188 2364 solo
211 2336 360 2368 sustineri
382 2339 478 2370 vitam
504 2341 681 2379 hominum,
713 2341 767 2372 sed
792 2352 909 2372 areana
934 2343 994 2373 Dei
1017 2343 1077 2373 vir—

122 2380 318 2424 tute,'quae
347 2381 487 2420 vigorem
518 2384 663 2423 inspirat.
710 2384 804 2415 Nunc
836 2395 912 2415 vero
941 2385 1075 2416 alteram

123 2418 286 2467 doctrinae
308 2427 428 2460 partem
453 2424 548 2463 addit,
572 2426 654 2465 qnod
677 2426 752 2457 olim
769 2427 857 2457 Deus
881 2427 960 2457 nihil
980 2438 1077 2468 agen-

122 2465 168 2491 tes
198 2464 334 2493 nutr1vit
361 2466 459 2504 gratis
481 2473 512 2497 et
540 2469 687 2507 vestivit,
718 2469 793 2500 hinc
827 2469 948 2508 doceri,
979 2471 1074 2501 ctiam

122 2502 197 2533 dum
221 2509 349 2536 strenue
372 2507 515 2539 laborant
534 2521 569 2542 ac
593 2516 760 2552 satagunt,
790 2512 943 2552 quidquid
969 2514 1075 2553 acqui-

121 2550 207 2583 runt,
229 2557 291 2577 non
309 2554 373 2578 tam
392 2560 468 2581 suae
486 2552 660 2585 industriae
679 2555 857 2593 praemium
882 2566 959 2594 esse,
980 2567 1075 2595 quam

120 2587 258 2619 fructum
293 2589 518 2638 benedictionis
555 2596 626 2626 Dei.
682 2597 791 2636 Neque
825 2598 911 2628 enim
948 2604 1073 2629 tantum

120 2630 269 2669 affirmat,
293 2642 394 2671 pr1m0
417 2638 519 2667 terrae
542 2638 685 2678 ingressu
710 2640 809 2670 fuisse
832 2640 963 2678 ditatos,
997 2642 1072 2681 quia

856 205 1117 237 PRAEFATIO
1141 206 1189 237 IN
1213 207 1383 239 LEGEM.

2048 212 2110 241 250

1153 299 1240 330 Deus
1264 301 1439 332 liberaliter
1463 312 1533 333 cum
1558 302 1636 342 ipsis
1655 303 1772 343 egerit,
1803 302 1857 334 sed
1883 303 1941 334 1100
1963 304 2109 334 extendit

1151 341 1189 372 ad
1214 348 1315 374 totum
1342 345 1500 375 humanae
1525 345 1607 376 vitae
1631 356 1771 383 cursum,
1807 356 1864 377 sua
1888 346 2054 386 vigilantia
2077 350 2109 377 et

1149 384 1318 417 sedulitate
1341 387 1421 417 nihil
1445 388 1593 427 consequi
1624 388 1785 426 homines,
1817 388 1878 419 nisi
1909 394 2065 427 quatenus
2089 400 2106 420 e

1149 428 1234 457 coelo
1258 428 1347 459 Deus
1371 430 1538 460 benedicit.
1585 430 1678 469 Quod
1700 431 1825 470 plenius
1856 431 2008 462 continuo
2037 436 2108 471 post

1149 470 1301 509 explieat,
1335 472 1388 502 ubi
1413 471 1500 502 iubet
1523 483 1674 504 revocare
1698 473 1833 504 subinde
1862 474 1894 504 in
1919 475 2106 505 memoriam

1149 511 1252 542 Deum
1277 524 1345 543 esse
1369 515 1421 553 qui
1446 513 1498 544 dat
1523 515 1716 553 facultatem,
1740 522 1797 547 ete.
1843 516 1913 546 Etsi
1937 517 2020 546 enim
2042 528 2105 547 non

1147 554 1218 584 vult.
1246 566 1302 586 nos
1328 557 1415 587 Deus
1450 562 1574 596 torpere
1609 558 1747 594 inutiles,
1777 558 1860 598 quod
1890 564 1996 590 tamen
2029 559 2106 590 dicit

1120 598 1122 611 ”
1147 596 1266 627 Paulus
1286 597 1324 627 de
1342 600 1501 639 evangelii
1522 600 1766 639 praedicatione,
1791 601 1823 630 in
1848 601 1990 632 minimis
2009 602 2103 632 etiam

1119 643 1121 684 j
1146 639 1240 670 rebus
1264 640 1363 670 valet:
1388 652 1501 681 nempe
1525 648 1554 672 et
1578 654 1631 673 eos
1655 643 1707 682 qui
1731 643 1885 682 plantant,
1910 649 1941 674 et
1964 654 2017 674 eos
2048 645 2104 683 qui

1118 687 1120 718 ἦ
1147 682 1262 721 rigant,
1288 683 1368 713 nihil
1393 694 1470 721 esse,
1495 684 1549 715 sed
1574 686 1680 716 onmia
1704 696 1772 716 esse
1796 696 1891 725 penes
1912 687 2026 722 Deum,
2050 698 2103 718 cu-

1144 723 1194 754 ius
1218 725 1313 756 unius
1336 726 1457 756 virtute
1482 732 1567 757 terra
1590 728 1762 758 fructificat.
1785 728 1825 769 (1.
1842 728 1954 766 Cor.3,
1976 729 2016 769 7).
2041 730 2101 760 Te-

1116 783 1119 795 i
1143 766 1285 797 nendum
1307 768 1404 807 igitur
1423 774 1481 805 est,
1504 771 1649 809 quamvis
1679 770 1844 801 hominum
1865 771 2016 802 desidiam
2042 772 2100 802 im-

1139 809 1253 848 probet
1268 810 1365 847 Deus,
1385 811 1552 851 inopiaque
1569 818 1598 842 et
1612 812 1694 843 fame
1714 813 1835 852 puniat,
1856 824 1908 844 eos
1927 819 2034 844 tamen
2048 815 2101 854 qui

1141 851 1179 881 ad
1207 862 1285 891 opus
1312 853 1425 883 intenti
1452 860 1535 891 sunt,
1561 865 1623 884 non
1645 856 1771 895 propria
1794 855 1964 887 sedulitate
1988 867 2100 896 parare

1115 899 1117 928 ζ
1141 903 1225 932 opes,
1246 894 1299 924 sed
1320 906 1406 926 mera
1430 896 1489 926 Dei
1510 897 1728 928 benedictione
1748 898 1911 929 ditescere.
1938 900 2047 939 Atque
2066 899 2099 929 in

1142 936 1201 967 hac
1221 936 1367 968 doctrina
1391 939 1529 978 precatio
1557 950 1649 978 quam
1677 941 1766 971 nobis
1793 941 1926 972 dictavit
1949 942 2099 972 Christus

1140 978 1275 1009 fundata
1298 985 1362 1017 est,
1393 992 1454 1020 qua
1484 982 1575 1012 nobis
1606 983 1743 1021 petimus
1768 983 1834 1014 dari
1860 994 1973 1023 panem
1997 985 2099 1024 quoti-

1140 1021 1280 1053 dianum.
1305 1023 1374 1053 Etsi
1388 1029 1494 1054 autem
1520 1024 1578 1054 hoc
1591 1026 1726 1064 pertinet.
1738 1025 1776 1056 ad
1789 1032 1921 1057 cunctos
1940 1027 2099 1064 mortales,

1139 1064 1246 1094 Moses
1278 1070 1384 1095 tamen
1413 1066 1450 1096 ad
1482 1067 1617 1097 electum
1643 1068 1794 1107 populum
1820 1069 2025 1108 peculiariter
2048 1080 2099 1100 ac-

1138 1107 1327 1143 commodat,
1352 1108 1385 1138 in
1410 1119 1471 1148 quo
1491 1110 1593 1149 inagis
1613 1110 1749 1149 refulget
1770 1112 1829 1141 Dei
1850 1111 2044 1142 benedictio:
2069 1117 2100 1142 et

1137 1149 1231 1179 simul
1257 1150 1415 1187 admonet,
1440 1152 1520 1190 quod
1544 1153 1628 1183 Deus
1648 1153 1799 1183 alimenta
1819 1154 1881 1185 illis
1905 1154 2098 1194 suppeditat,

1138 1192 1277 1239 pendere
1301 1204 1338 1223 ex
1371 1193 1513 1231 foedere,
1539 1205 1599 1234 quo
1623 1195 1681 1226 sibi
1706 1206 1807 1236 genus
1831 1197 1979 1228 Abrahae
2001 1197 2098 1237 adop-

1137 1239 1231 1265 tamt.

1425 1405 1487 1436 EX
1511 1406 1658 1437 EXODI
1677 1407 1739 1438 XX
1747 1407 1808 1439 III.

1222 1490 1270 1521 20.
1296 1490 1387 1528 Eece,
1422 1501 1471 1530 eye
1494 1491 1577 1522 mitta
1600 1492 1739 1531 aizgyelmn
1763 1502 1864 1523 eoram
1887 1495 1920 1529 te,
1945 1496 1977 1524 ut
2000 1497 2095 1525 eusto-

1137 1533 1203 1563 (liat
1225 1535 1251 1563 te
1272 1534 1300 1563 in
1326 1534 1390 1570 via,
1420 1537 1445 1563 rt
1475 1534 1647 1565 'introducat
1676 1537 1702 1564 te
1725 1535 1756 1565 in
1780 1535 1876 1566 locum
1899 1546 1987 1575 (suem
2004 1547 2094 1576 prae-

1132 1576 1256 1615 paravi.
1307 1576 1343 1606 21
1361 1576 1392 1617 ¹),
1419 1576 1496 1606 vave
1523 1587 1543 1607 α
1571 1577 1652 1616 faeie
1680 1577 1753 1615 eius,
1782 1580 1809 1608 et
1838 1578 2004 1617 obtempera
2034 1580 2096 1610 voci

1137 1619 1212 1655 eins,
1242 1628 1279 1648 ve
1301 1618 1457 1650 ent-acerbes
1475 1630 1557 1655 eum,
1581 1630 1675 1658 aeque
1697 1621 1775 1650 enim
1793 1623 1899 1658 parcet
1927 1624 2095 1661 traozsyres-

1134 1661 1215 1691 sioni
1237 1664 1369 1691 restrae:
1393 1671 1497 1691 namen
1521 1672 1619 1692 meum
1645 1663 1725 1692 intra
1748 1663 1859 1701 ipsmn.
1905 1663 1954 1694 22.
1982 1664 2017 1694 Si
2040 1675 2094 1695 (ηι-

1109 1709 1110 1714 *
1135 1707 1191 1733 {tm
1222 1704 1376 1734 audiendo
1405 1705 1544 1735 (mulieris
1572 1715 1668 1735 vocem
1699 1705 1780 1741 eiu-s,
1811 1709 1837 1735 et
1858 1706 1967 1744 feceris
1990 1708 2095 1738 omnia

1108 1755 1110 1766 ¹
1134 1757 1211 1785 qnae
1242 1747 1362 1785 loquor,
1395 1747 1537 1777 inimicus
1567 1758 1617 1777 ero
1645 1748 1781 1778 sinanicis
1810 1749 1881 1784 tuis,
1905 1751 1932 1779 et
1954 1750 2093 1790 afslz'yanz

1107 1805 1109 1822 μ
1133 1789 1304 1829 affiliyeizfes
1327 1791 1361 1819 te.
1407 1789 1456 1819 23.
1491 1789 1571 1820 Nam
1596 1790 1757 1828 praecedet
1787 1790 1912 1829 ngselzcs
1941 1803 2025 1823 meus
2046 1792 2095 1830 fa-

1107 1852 1108 1866 ,
1132 1832 1206 1861 ciem
1229 1834 1327 1868 tuem,
1359 1834 1386 1861 et
1407 1832 1573 1862 ‘introducet
1602 1835 1627 1862 te
1656 1833 1696 1862 ad
1720 1832 1952 1871 Emorrllaeum,
1976 1837 2002 1865 et
2025 1835 2094 1865 Hit-

1106 1881 1107 1903 i
1132 1874 1261 1912 tlmezmz,
1285 1877 1311 1904 et
1336 1874 1529 1911 Perezaeum,
1556 1874 1782 1913 Chanamceum,
1807 1875 1970 1916 Hivaeum,
1993 1880 2019 1908 et
2042 1877 2092 1908 Ie-

1106 1907 1107 1922 *
1131 1916 1285 1954 laesarum,
1310 1920 1336 1947 et
1359 1917 1563 1948 exterminabo
1586 1918 1664 1948 illos.

1390 2087 1452 2117 EX
1477 2086 1637 2118 EODEM
1660 2086 1832 2118 CAPITE.

1216 2172 1266 2203 25.
1293 2171 1402 2203 Coletis
1426 2172 1567 2202 [rhoeam
1591 2171 1693 2202 Deum
1715 2174 1860 2209 vestrum,
1891 2173 1916 2201 et
1943 2169 2092 2200 benedicet

1122 2216 1205 2254 paui
1238 2218 1304 2251 tuo,
1334 2218 1360 2245 et
1389 2215 1480 2253 aquis
1507 2215 1585 2244 tuis:
1618 2214 1815 2253 auferamque
1845 2213 2053 2252 infirmitatem
2076 2222 2091 2242 e

1128 2259 1226 2289 medio
1250 2258 1303 2288 tui.
1350 2257 1399 2287 26.
1426 2257 1496 2287 Non
1527 2258 1583 2287 erit
1609 2258 1746 2287 abortum
1774 2256 1892 2295 faciens
1921 2257 1947 2285 et
1975 2255 2091 2285 sterilis

1129 2301 1162 2331 ‘in
1197 2303 1278 2331 terra
1312 2303 1380 2330 tua:
1420 2310 1579 2330 nanterum
1612 2300 1732 2329 (lterum
1772 2302 1891 2329 {uorum
1930 2297 2088 2336 complebo.

1129 2344 1179 2374 27.
1208 2344 1366 2373 Terrorem
1390 2343 1508 2372 omittam
1530 2352 1630 2373 ceram
1652 2344 1692 2379 te,
1723 2344 1749 2371 et
1772 2341 1951 2379 interficiam
1973 2350 2090 2370 omnem

1123 2386 1275 2425 populum
1298 2386 1339 2415 ad
1362 2395 1448 2423 quem
1477 2385 1592 2419 venies,
1618 2387 1643 2415 et
1672 2383 1747 2414 dabo
1770 2394 1871 2414 omnes
1892 2383 1990 2413 hos-tes
2022 2384 2090 2413 tuos

1102 2425 1104 2446 *¹
1127 2432 1252 2468 seryum.
1299 2428 1348 2458 28.
1375 2427 1500 2458 Mittam
1522 2427 1698 2458 crabrowem
1721 2428 1789 2456 ante
1812 2429 1852 2463 te,
1883 2426 1935 2465 qui
1958 2424 2089 2463 expellat

1128 2471 1294 2509 Heraeum,
1331 2470 1558 2505 Oltamnaeum,
1592 2472 1618 2499 et
1651 2468 1829 2499 Ililtllaeum
1864 2479 1884 2499 a
1916 2467 1995 2506 facie
2024 2469 2087 2498 tua.

1127 2514 1176 2545 29.
1204 2514 1275 2545 Non
1297 2513 1418 2544 eiiciam
1441 2512 1527 2542 illum
1557 2522 1576 2541 a
1597 2512 1678 2550 facie
1705 2513 1756 2541 tua
1786 2521 1866 2542 mmo
1889 2520 1957 2548 uno,
1988 2520 2024 2540 110
2045 2510 2088 2540 sit

1194 2616 1220 2647 1)
1240 2615 1276 2641 In
1302 2615 1435 2647 maryz'ne:
1470 2613 1503 2638 ad
1531 2611 1653 2643 verbnm,
1681 2612 1814 2637 custodias
1841 2614 1880 2644 te,
1918 2612 1972 2642 vel,
2001 2617 2088 2636 eusto—

1120 2650 1193 2675 ditus
1208 2649 1253 2675 sis.
