2304 3034
154 170 216 201 315

154 267 228 302 cute,
247 273 298 295 nec
311 262 398 302 pilus
416 262 483 292 eius
501 269 608 291 versus
625 259 718 299 fuerit
737 259 769 290 in
788 259 966 296 albedinem,
986 259 1119 291 includet

154 307 294 340 sacerdos
322 305 452 343 playam
484 305 591 341 sptem
627 301 742 333 diebus.
795 301 824 332 5.
862 301 973 332 Postea
1007 302 1119 333 videbit

154 361 221 382 eum
244 348 384 379 sacerdos
406 346 456 376 die
478 346 621 383 septimo:
643 347 670 375 et
693 345 722 375 si
739 344 837 383 playa
860 344 959 383 fuerit
979 345 1119 383 aequalis

154 402 254 425 corani
278 389 372 421 oculis
394 389 468 425 eius,
492 398 544 418 nec
567 388 693 418 creverit
711 387 809 427 playa
832 387 865 417 in
887 389 960 423 cute,
986 387 1117 418 includet

155 445 223 466 eum
240 431 382 463 sacerdos
400 432 510 469 septem
530 430 636 461 diebus
655 430 794 461 secundo.
824 430 852 460 6.
876 429 904 460 T
903 439 962 460 unc
979 430 1121 469 inspiciet

154 476 293 508 sacerdos
322 474 424 512 ipsum
454 473 504 503 die
525 473 652 512 septimo
678 473 806 509 iterum,
838 475 865 503 et
886 472 915 503 si
937 472 1085 512 subniyra
1098 472 1120 514 ¹)

153 519 246 559 fuerit
263 517 369 556 playa,
393 525 444 546 nec
466 516 591 547 ereverit
607 516 706 555 playa
728 516 763 546 in
786 517 858 550 cute,
880 517 950 546 tunc
972 515 1120 546 mundum

154 559 318 593 declarabit
329 558 354 599 ²)
378 569 446 589 eum
468 558 625 589 sacerdos:
655 558 770 589 scabies
798 561 856 589 est:
885 560 911 588 ct
933 557 1048 588 lavabit
1070 558 1121 588 vir

154 604 330 635 rcstimenta
353 611 420 631 sua.
445 604 471 631 ct
494 601 626 632 mundus
644 602 710 632 erit.
747 601 775 631 7.
803 601 889 640 Quod
911 601 940 631 si
962 601 1119 631 crescendo

153 646 276 678 creverit
314 644 432 676 scabies
474 644 502 674 in
543 646 607 675 cute
641 646 807 683 postquam
848 645 985 674 ostensus
1023 643 1121 683 fuerit

154 688 304 720 sacerdoti
337 688 371 717 in
399 687 586 726 puryatione
618 687 700 725 eins,
734 687 916 725 inspicietur
944 686 1073 717 secundo
1101 696 1121 717 a

153 731 315 763 sacerdote.
368 730 395 760 S.
442 729 500 761 Ubi
532 732 634 760 autem
668 730 781 761 viderit
814 729 956 760 sacerdos
989 738 1121 760 crescere

153 774 282 806 scabiem
308 774 339 803 in
361 775 440 807 cute,
478 772 671 803 immundum
701 772 852 803 iudicabit
880 781 948 802 eum
969 772 1120 809 sacerdos,

154 818 239 856 lepra
263 818 312 847 est.
359 815 387 846 9.
416 815 538 854 Quoties
556 816 655 855 playa
678 815 780 854 leprae
806 815 901 854 fuerit
929 815 961 845 in
992 814 1120 851 bomine,

154 860 322 891 adducetur
345 858 386 889 ad
415 858 615 889 sacerdotem:
660 858 708 889 10.
741 858 784 888 Et
813 857 943 896 aspiciet
971 857 1120 895 sacerdos,

155 905 181 934 et
199 903 227 933 si
245 904 344 931 tumor
369 900 458 931 albus
485 901 583 939 fuerit
608 901 639 931 in
668 903 748 939 cute,
781 903 808 931 et
832 900 997 931 mutarerit
1019 899 1122 939 pilum

155 946 190 976 in
212 944 397 977 albedinem,
429 945 455 974 et
484 944 665 974 alimentum
694 944 799 974 carnis
828 944 915 974 rivae
944 943 974 973 in
997 945 1121 980 tumore,

158 989 206 1018 11.
233 988 335 1025 chra
359 987 524 1017 inveterata
549 989 591 1017 est
616 987 647 1017 in
670 989 735 1018 cute
757 987 863 1017 carnis
890 986 972 1017 eius:
1000 986 1123 1024 ideoque

155 1029 371 1062 contaminabit
382 1039 450 1059 eum
469 1030 619 1065 sacerdos,
640 1030 714 1068 quia
727 1030 907 1060 immundus
918 1031 968 1059 est.
994 1029 1043 1059 12.
1065 1027 1123 1059 Sin

155 1071 356 1114 yerniinando
377 1073 598 1112 yerminaverit
629 1073 715 1111 lepra
746 1073 780 1103 in
810 1075 889 1109 cute,
922 1074 948 1102 et
971 1071 1125 1110 operuerit

157 1117 242 1155 lepra
253 1118 345 1146 totam
358 1118 454 1146 cutem
465 1115 617 1155 playae,a
634 1115 732 1154 capite
743 1115 785 1145 ad
797 1115 893 1153 pedes
906 1115 981 1150 eius,
994 1117 1021 1145 et
1032 1116 1125 1145 totum

157 1161 312 1198 aspectum
346 1158 503 1188 oculorum
536 1158 720 1189 sacerdotis:
773 1157 821 1188 13.
861 1158 946 1188 Tunc
982 1157 1125 1195 inspiciet

156 1201 306 1238 sacerdos,
330 1203 356 1231 et
378 1201 406 1231 si
426 1201 582 1239 operuerit
605 1201 692 1239 lepra
710 1203 802 1232 totam
822 1210 944 1231 carnem
961 1201 1036 1237 eiuS,
1055 1202 1125 1231 tunc

156 1245 306 1275 mimdani
330 1243 480 1274 iudicabit
496 1243 643 1283 playam:
665 1243 717 1274 ubi
740 1246 799 1274 tota
823 1254 912 1274 versa
935 1243 1029 1274 estin
1048 1242 1126 1273 albe-

157 1288 276 1325 dinem,
299 1286 451 1326 iiiiiizslafi)
475 1289 525 1317 est.
574 1286 622 1316 14.
657 1287 721 1325 Quo
743 1289 845 1317 autem
868 1287 918 1317 die
940 1286 1009 1317 visa
1030 1285 1125 1324 fuerit

158 1331 192 1361 in
214 1341 246 1361 eo
268 1340 339 1361 caro
361 1329 446 1365 riva,
479 1329 658 1360 immundus
682 1330 748 1360 crit.
798 1330 845 1360 15.
874 1329 916 1359 Et
939 1329 992 1359 ubi
1014 1328 1125 1359 viderit

157 1373 299 1404 sacerdos
321 1382 446 1404 carnem
471 1373 587 1409 vivam,
622 1373 815 1403 immundum
842 1372 991 1403 iudicabit
1014 1371 1125 1410 ipsum,

156 1426 226 1447 caro
250 1416 320 1446 cira
344 1415 505 1445 immunda
528 1418 579 1451 cst,
604 1415 691 1454 lepra
714 1418 764 1446 cst.
804 1416 852 1447 16.
885 1414 937 1446 Vel
955 1415 984 1446 si
1002 1423 1126 1445 reversa

155 1459 251 1499 fuerit
269 1468 340 1489 caro
359 1459 446 1494 viva,
467 1460 493 1488 et
511 1468 654 1489 conversa
674 1458 707 1488 in
726 1458 910 1494 albedinem,
935 1460 1004 1488 tune
1030 1457 1126 1487 veniet

157 1502 199 1533 ad
221 1501 421 1532 sacerdotem:
456 1501 505 1531 17.
529 1500 571 1531 Et
597 1501 737 1541 inspiciet
759 1502 916 1533 sacerdos:
939 1503 965 1531 ct
987 1500 1016 1531 si
1038 1509 1126 1530 versa

155 1544 253 1584 fuerit
271 1544 369 1583 playa
392 1544 426 1574 in
448 1544 628 1582 albedinem,
651 1544 799 1574 mundam
819 1544 969 1575 iudicabit
986 1543 1127 1574 sacerdos

152 1588 283 1626 playam
309 1586 411 1618 illam:
438 1587 555 1618 munda
578 1590 630 1617 est.
679 1587 728 1618 18.
759 1586 803 1618 Et
833 1587 862 1618 si
888 1587 985 1626 fuerit
1007 1586 1040 1617 in
1063 1587 1127 1616 cute

158 1630 264 1661 carnis
303 1629 440 1660 alicuius
481 1629 568 1660 ulcus
579 1628 614 1671 ⁴),
654 1633 680 1660 ct
720 1629 799 1661 illud
838 1632 984 1661 sanatum
1024 1629 1127 1668 fuerit,

160 1673 209 1704 19.
229 1673 271 1703 Et
290 1673 440 1703 exstiterit
451 1672 485 1702 in
503 1672 564 1703 loco
582 1673 693 1704 ulceris
711 1675 813 1704 tumor
831 1673 928 1710 albus,
943 1674 996 1703 aut
1007 1671 1128 1702 macula

158 1716 229 1747 alba
261 1715 410 1754 subrufa,
445 1715 617 1746 ostendetur
651 1716 818 1748 sacerdoti:
869 1716 920 1746 20.
957 1714 999 1745 Et
1035 1723 1128 1754 quum

159 1759 331 1798 inspexerit
353 1758 503 1796 sacerdos,
526 1759 556 1789 si
573 1758 664 1797 pilus
682 1758 868 1798 profundior
889 1759 985 1798 fuerit
1007 1760 1079 1794 cute,
1103 1759 1129 1787 et

153 1802 244 1842 pilus
266 1811 430 1832 conversus
450 1802 545 1840 fuerit
568 1802 602 1832 in
621 1801 798 1839 albedinem,
823 1800 1043 1832 contaminabit
1061 1810 1130 1831 eum

159 1844 319 1875 sacerdos:
349 1844 425 1883 quia
451 1844 545 1884 playa
571 1845 673 1883 leprae
696 1847 739 1875 cst
761 1855 797 1875 es
820 1844 918 1876 ulcere
939 1843 1128 1883 yerminans.

160 1888 210 1918 21.
242 1886 285 1917 Et
306 1887 334 1917 si
359 1887 470 1918 viderit
492 1897 559 1917 eam
582 1887 741 1924 sacerdos,
772 1890 798 1918 el
829 1898 889 1918 non
917 1887 1015 1926 suerit
1040 1887 1071 1916 in
1094 1896 1130 1916 ea

154 1931 244 1970 pilus
272 1929 374 1967 albus,
407 1939 458 1961 nec
489 1930 587 1969 fuerit
614 1930 804 1970 profundior
837 1933 916 1966 cute,
951 1929 1004 1961 sed
1035 1928 1131 1969 fucrit

160 1973 353 2009 subobscura,
377 1974 447 2003 lunc
473 1973 605 2003 includet
629 1983 698 2003 cuni
716 1973 858 2004 sacerdos
884 1975 995 2011 septem
1013 1971 1128 2003 dicbus.

161 2016 212 2047 22.
240 2015 274 2045 Si
297 2026 366 2045 vero
389 2016 545 2046 crescendo
568 2017 694 2047 creverit
712 2026 772 2055 per
794 2018 906 2052 cutem,
937 2015 1131 2046 immundum

161 2058 310 2090 iudicabit
341 2068 410 2088 cum
438 2059 597 2089 sacerdos:
616 2059 714 2099 playa
738 2061 789 2090 cst.
835 2059 885 2089 23.
920 2058 956 2089 Si
985 2068 1052 2088 vero
1074 2066 1130 2087 suo

162 2102 223 2132 loco
235 2102 400 2132 constiterit
412 2101 534 2132 macula
554 2101 634 2139 alba,
654 2112 707 2133 nec
725 2103 859 2137 creverit,
879 2101 1003 2133 adustio
1021 2099 1132 2131 ulceris

163 2147 223 2175 est:
252 2144 439 2185 mundum-⁵)
468 2144 618 2175 iudicabit
647 2155 716 2176 eum
746 2145 897 2175 sacerdos.
950 2143 999 2174 24.
1033 2145 1133 2182 Quum

163 2187 261 2227 fuerit
283 2197 355 2217 caro
378 2187 412 2217 in
435 2188 524 2218 cuins
543 2190 608 2218 cute
627 2189 683 2218 erit
706 2188 829 2218 adustio
852 2187 944 2227 iynis,
966 2189 992 2217 et
1011 2186 1044 2216 in
1062 2185 1133 2215 viva

164 2240 254 2260 carne
289 2229 466 2261 adustionis
503 2231 627 2261 macula
666 2230 736 2261 alba
775 2231 922 2269 subrufa,
963 2229 1008 2260 vel
1046 2227 1134 2259 alba:

166 2273 216 2304 25.
243 2272 390 2311 [aspiciet
413 2283 481 2303 cum
508 2274 664 2305 sacerdos:
693 2276 732 2311 et,
755 2274 784 2304 si
806 2283 913 2304 versus
934 2272 1029 2312 fuerit
1047 2270 1135 2309 pilus

167 2317 199 2346 in
223 2315 393 2346 albedinem
417 2315 449 2346 in
471 2316 593 2347 macula
616 2316 681 2353 illa,
709 2319 735 2347 et
756 2316 931 2355 superficies
954 2315 1020 2345 eius
1041 2313 1135 2353 fuerit

163 2358 351 2397 profundior
380 2361 460 2396 cute,
491 2359 576 2398 lepra
606 2362 648 2390 est
682 2360 716 2390 in
750 2360 910 2390 adustione
941 2357 1136 2398 yerminans:

256 2486 281 2515 1)
305 2486 336 2511 111
356 2487 492 2519 maryinc:
512 2487 573 2517 Vel,
592 2487 731 2511 obscurius
751 2488 896 2512 contracta.

255 2520 283 2551 2)
305 2520 374 2546 Ibid.
396 2521 454 2551 Vel,
476 2521 622 2546 mundabit.

255 2554 283 2585 3)
303 2555 371 2581 ibid.
392 2555 452 2584 Vel,
471 2556 592 2580 mundus,

256 2588 284 2620 4)
304 2589 374 2614 Ibid.
395 2590 448 2619 Vel,
469 2590 576 2622 pustula
594 2590 699 2615 ardens.

258 2623 287 2654 5)
307 2623 375 2649 Ibid.
397 2624 455 2655 Vel,
477 2624 610 2649 mundam.

877 164 1063 198 PRIMUM
1085 166 1407 198 PRAEOEPTUM.

1156 2043 1158 2062 ,ἵ
1182 2015 1294 2049 latum,
1322 2012 1506 2043 recalvaster
1534 2015 1593 2048 est,
1623 2013 1758 2043 mundus
1780 2015 1831 2043 est.

1162 2484 1293 2533 1diebus
1326 2481 1438 2521 quibus
1474 2481 1570 2521 fucrit
1602 2481 1700 2521 playa
1736 2482 1766 2512 in
1798 2492 1845 2520 e0,

2078 168 2139 199 316

1172 261 1237 292 ideo
1261 261 1454 291 immundam
1477 258 1627 290 iudicabit
1647 268 1717 289 eam
1739 259 1888 297 sacerdos,
1917 260 2016 300 playa
2039 261 2140 301 leprae

1172 309 1224 334 est.
1277 304 1328 334 26.
1363 303 1448 342 Quod
1475 303 1504 333 si
1537 302 1710 340 inspeoeerit
1740 311 1806 332 eam
1834 303 1990 341 sacerdos,
2026 307 2053 334 et
2081 315 2140 335 non

1170 346 1268 385 fuerit
1292 347 1325 377 in
1343 345 1463 376 macula
1482 344 1571 383 pilus
1594 343 1691 382 albus,
1714 354 1767 374 nec
1784 345 1976 384 profundior
1994 349 2066 384 cute,
2086 347 2140 378 secl

1169 389 1266 428 fuerit
1288 388 1453 428 subniyra,
1479 387 1613 418 includet
1636 396 1704 417 eum
1727 387 1869 417 sacerdos
1890 390 2003 426 septem
2025 389 2139 421 diebus.

1172 432 1221 462 27.
1256 431 1366 462 Postea
1396 431 1539 469 inspiciet
1568 439 1637 460 euni
1656 429 1798 461 sacerdos
1821 429 1870 460 die
1891 431 2035 469 septimo:
2062 434 2090 462 et
2111 432 2141 463 si

1171 474 1326 505 crescendo
1356 473 1481 504 creverit
1512 473 1543 503 in
1574 474 1653 508 cute,
1684 472 1877 502 immundam
1904 473 2054 504 iudicabit
2075 483 2142 505 eam

1171 517 1322 553 sacerdos,
1342 516 1438 555 playa
1460 516 1566 554 leprae
1586 517 1636 545 est.
1683 514 1734 545 28.
1769 515 1855 553 Quod
1884 516 1913 546 si
1943 516 1978 546 in
2003 515 2065 548 loco
2087 526 2142 548 suo

1171 560 1283 590 steterit
1301 559 1433 594 macula,
1457 568 1508 589 nec
1530 558 1657 588 creverit
1674 567 1734 595 per
1752 560 1856 594 cutem,
1881 561 1908 589 et
1925 558 2028 589 eadem
2045 558 2143 598 fuerit

1171 604 1322 634 contracta
1338 601 1368 641 ¹),
1403 603 1502 631 tumor
1536 600 1715 630 adustionis
1745 603 1802 630 est:
1836 600 1963 640 ideoque
1993 602 2142 632 mundum

1171 644 1320 676 iudicabit
1353 654 1421 675 eum
1456 643 1614 674 sacerdos.-
1649 643 1725 681 quia
1758 643 1854 674 ardor
1886 644 2056 675 exustionis
2089 647 2141 675 est.

1173 688 1222 718 29.
1250 687 1285 718 Si
1308 687 1374 718 viro
1397 689 1450 717 aut
1472 685 1595 716 mulieri
1617 687 1724 716 exorta
1741 686 1839 724 fuerit
1855 686 1957 726 playa
1979 687 2014 717 in
2036 687 2142 726 capite,

1172 731 1280 761 autin
1310 729 1414 766 barba,
1458 729 1508 759 30.
1542 728 1629 759 Tunc
1656 729 1802 767 inspiciet
1829 729 1975 761 sacerdos
2000 729 2144 769 playam:

1172 776 1199 804 et
1221 773 1249 805 si
1270 773 1446 812 superficies
1467 772 1533 802 eius
1551 771 1740 810 profundior
1762 771 1821 802 erit
1844 774 1916 808 cute,
1943 774 1970 803 et
1989 773 2085 811 fuerit
2107 772 2142 802 in

1172 827 1208 847 ea
1221 816 1311 854 pilus
1324 816 1427 853 flavus
1438 814 1584 850 ettenuis,
1603 814 1797 845 immundum
1817 815 1968 846 iudicabit
1984 815 2143 846 sacerdos:

1172 858 1295 890 macula
1317 858 1409 897 niyra
1431 859 1481 894 est,
1502 857 1588 895 lepra
1607 858 1719 895 capitis
1738 860 1793 888 aut
1813 856 1926 888 barbae
1943 860 1996 889 est.
2029 857 2079 888 31.
2106 856 2143 889 Si

1173 904 1273 932 autem
1296 901 1462 948 inspeicrit
1485 900 1627 930 saesrdos
1643 900 1716 938 pla
1702 910 1775 939 jam
1797 900 1935 931 maculae
1964 901 2086 940 niyrae,
2116 902 2144 930 et

1173 944 1350 992 superficies
1373 944 1441 973 eius
1463 953 1524 973 non
1546 943 1642 981 fuerit
1657 943 1849 982 profundior
1871 946 1951 980 cute,
1985 952 2038 974 nec
2054 942 2144 990 pilus

1174 988 1260 1028 niyer
1283 987 1316 1017 in
1339 996 1383 1022 ea,
1408 986 1539 1016 imlmlct
1561 986 1702 1016 sacerdos
1721 986 1791 1024 pla
1777 996 1851 1025 jam
1872 985 2013 1017 maculae
2035 985 2142 1026 niyrae

1174 1032 1286 1070 septem
1308 1029 1424 1059 dicbus.
1470 1028 1519 1059 32
1553 1027 1595 1058 Et
1621 1038 1715 1067 quum
1738 1029 1909 1067 inspexerit
1929 1029 2072 1060 sacerdos
2093 1028 2144 1059 die

1175 1073 1313 1112 septima,
1338 1072 1367 1101 si
1389 1081 1449 1101 non
1472 1072 1598 1102 crevent
1620 1071 1744 1102 macula
1767 1072 1824 1103 illa
1847 1072 1954 1120 niyra,
1978 1081 2030 1102 nec
2052 1071 2086 1101 in
2107 1081 2144 1101 ea

1174 1116 1270 1155 fuerit
1283 1114 1372 1153 pilus
1380 1114 1492 1152 slavus,
1505 1117 1530 1145 ct
1543 1117 1684 1153 aspectus
1698 1114 1835 1145 maculae
1850 1115 1959 1154 niyrae
1973 1123 2031 1145 non
2048 1113 2145 1153 fuerit

1171 1157 1365 1197 profundior
1399 1159 1478 1187 cute:
1528 1157 1578 1187 33.
1618 1157 1703 1187 Tunc
1735 1158 1877 1195 radetur,
1906 1157 1959 1188 sed
1991 1156 2144 1188 maculam

1177 1212 1195 1231 n
1202 1201 1298 1241 iyram
1312 1210 1371 1230 non
1382 1200 1480 1236 radet,
1500 1200 1691 1238 includetque
1702 1201 1845 1231 sacerdos
1856 1200 2010 1231 maculam
2021 1199 2144 1239 niyram

1177 1246 1288 1282 septem
1310 1243 1416 1274 dicbus
1439 1242 1576 1273 secundo.
1622 1242 1672 1273 34.
1700 1242 1811 1274 Postea
1834 1243 1977 1282 inspiciet
2002 1241 2144 1273 sacerdos

1177 1286 1331 1318 maculam
1354 1286 1477 1325 niyram
1500 1285 1548 1316 die
1570 1286 1717 1324 septima:
1739 1288 1773 1323 et,
1796 1286 1826 1317 si
1847 1295 1908 1316 non
1931 1285 2056 1316 creverit
2079 1294 2144 1315 ma-

1177 1329 1246 1360 cula
1258 1329 1350 1368 niyra
1362 1329 1394 1358 in
1413 1330 1484 1365 cute,
1503 1338 1555 1359 nec
1566 1328 1743 1367 superficies
1762 1329 1829 1359 eius
1842 1328 2032 1368 profundior
2049 1327 2145 1366 fuerit

1178 1374 1257 1409 cute,
1291 1371 1441 1402 mundum
1480 1371 1629 1401 iudicabit
1669 1381 1737 1401 eum
1775 1371 1934 1402 sacerdos:
1973 1369 2146 1409 lavabitque

1179 1415 1356 1446 vestimenta
1379 1424 1452 1449 sua,
1475 1416 1501 1444 et
1523 1414 1658 1444 mundus
1681 1414 1747 1444 erit.
1794 1414 1843 1445 35.
1876 1414 1912 1444 Si
1942 1415 2043 1444 autem
2065 1421 2145 1444 cres-

1178 1458 1268 1489 cendo
1300 1457 1425 1487 creverit
1454 1457 1574 1487 macula
1598 1467 1657 1495 per
1687 1459 1783 1488 cutem
1805 1459 1880 1495 post
1896 1455 2146 1495 purificationem

1178 1510 1278 1538 suam,
1322 1499 1372 1530 36.
1400 1499 1486 1530 Tunc
1509 1500 1649 1538 inspiciet
1672 1509 1740 1530 eam
1770 1500 1927 1531 sacerdos:
1959 1501 2001 1536 et,
2031 1498 2060 1530 si
2082 1507 2145 1529 cre-

1179 1543 1255 1574 verit
1284 1542 1406 1572 macula
1436 1541 1493 1572 illa
1523 1542 1556 1572 iu
1585 1544 1665 1580 cute,
1695 1552 1755 1573 non
1784 1542 1918 1582 requiret
1949 1542 1992 1572 ad
2020 1550 2146 1572 examen

1179 1586 1320 1617 sacerdos
1338 1584 1440 1624 pilum
1465 1585 1596 1622 slavum:
1624 1585 1802 1616 immundus
1824 1587 1875 1616 est.
1921 1584 1972 1615 37.
2003 1584 2089 1623 Quod
2117 1583 2147 1614 si

1180 1629 1214 1660 in
1236 1628 1332 1659 oculis
1355 1628 1422 1658 cius
1444 1628 1611 1658 constiterit
1633 1628 1765 1664 macula,
1788 1630 1813 1659 et
1831 1627 1919 1667 pilus
1941 1627 2029 1667 niyer
2049 1626 2149 1666 fuerit

1180 1673 1213 1702 in
1236 1681 1280 1707 ea,
1305 1673 1417 1701 sanata
1436 1673 1480 1700 est
1502 1671 1624 1702 macula
1648 1671 1713 1708 illa,
1732 1670 1866 1702 mundus
1884 1673 1935 1707 est,
1956 1672 1982 1701 et
1999 1669 2148 1700 mundum

1179 1714 1329 1745 iudicabit
1352 1723 1420 1743 eum
1443 1713 1590 1744 sacerdos.
1625 1714 1674 1745 38.
1703 1715 1805 1753 Quum
1828 1713 1861 1743 in
1879 1715 1943 1744 cute
1961 1712 2068 1744 carnis
2085 1711 2149 1742 viri

1180 1759 1232 1787 aut
1254 1756 1398 1787 mulieris
1418 1756 1535 1794 fuerint
1558 1756 1703 1793 maculae,
1727 1756 1868 1787 maculae
1891 1756 2023 1795 inquam
2047 1754 2146 1792 albae,

1181 1800 1231 1831 39.
1265 1799 1414 1837 Inspiciet
1441 1799 1597 1836 sacerdos,
1629 1802 1672 1835 et,
1701 1799 1730 1829 si
1761 1799 1795 1830 in
1819 1801 1883 1830 cute
1910 1798 2016 1830 carnis
2045 1806 2149 1829 eorum

1179 1843 1298 1883 fuerint
1320 1841 1458 1872 nicoeulac
1481 1841 1583 1879 albae,
1617 1842 1782 1882 subniyrae
1792 1841 1828 1881 ‘-'),
1852 1841 1974 1872 macula
2002 1840 2075 1871 alba
2105 1841 2149 1870 est

1181 1885 1261 1925 quod
1281 1885 1367 1923 floret
1390 1885 1421 1914 in
1446 1887 1517 1919 cute,
1541 1885 1676 1915 mimdus
1698 1887 1748 1915 est.
1790 1884 1840 1915 40.
1874 1884 1931 1915 Vir
1951 1893 2046 1922 quum
2066 1883 2150 1922 depi-

1181 1929 1278 1959 latum
1310 1927 1407 1966 fuerit
1440 1929 1531 1966 caput
1567 1928 1650 1964 cius,
1690 1927 1797 1958 calvus
1831 1929 1890 1963 est,
1927 1926 2062 1957 mundus
2095 1927 2147 1956 est.

1182 1971 1232 2002 41.
1261 1970 1345 2009 Quod
1368 1970 1396 2000 si
1419 1980 1455 1999 ex
1472 1972 1562 2008 parte
1582 1970 1677 2008 faciei
1699 1980 1774 2000 suae
1796 1972 1887 2009 caput
1909 1969 2048 2000 habuerit
2065 1967 2151 2006 depi-

1877 2012 1927 2042 42.
1956 2011 2041 2050 Quod
2063 2010 2092 2042 si
2114 2010 2149 2040 in

1182 2056 1303 2088 calvitio
1337 2056 1404 2085 cius
1437 2057 1491 2085 aut
1518 2058 1611 2092 parte
1644 2055 1781 2093 depilata
1813 2055 1910 2094 fuerit
1934 2054 2032 2093 playa
2068 2052 2148 2090 alba,

1182 2099 1322 2137 subrufa
1342 2098 1427 2136 lepra
1448 2098 1628 2137 ycrminans
1646 2101 1688 2128 est
1708 2099 1739 2128 in
1758 2098 1888 2131 calvitio,
1909 2097 1954 2127 vel
1972 2098 2064 2144 parte
2082 2095 2151 2127 eius

1183 2141 1329 2180 depilata
1365 2140 1415 2170 43.
1440 2131 1579 2187 Aspiciet
1598 2150 1668 2179 eryo
1687 2150 1755 2170 eum
1773 2139 1931 2170 sacersdos
1949 2143 1983 2176 et,
2002 2139 2031 2169 si
2049 2141 2151 2169 tumor

1178 2184 1293 2225 playac
1316 2183 1410 2217 albus
1435 2183 1528 2222 rufus
1549 2183 1583 2213 in
1601 2183 1721 2213 calvitio
1739 2183 1807 2214 eius
1825 2184 1879 2212 aut
1896 2184 1988 2220 parte
2006 2181 2151 2220 depilata,

1185 2228 1262 2258 sicut
1284 2227 1398 2264 speeies
1420 2225 1522 2264 leprae
1546 2226 1578 2256 in
1599 2228 1663 2255 <ute
1686 2226 1800 2261 carnis,
1845 2224 1895 2255 44.
1935 2224 1992 2254 Vir
2013 2224 2152 2263 leprosus

1186 2273 1243 2306 cst,
1267 2269 1447 2300 immundus
1474 2271 1534 2298 est:
1562 2268 1800 2298 contaminando
1822 2266 2041 2298 contaminabit
2062 2267 2152 2297 illum

1186 2312 1344 2344 sacerdos:
1373 2312 1404 2342 in
1428 2311 1526 2350 capite
1548 2311 1616 2341 eius
1640 2313 1681 2342 est
1704 2310 1797 2349 playa
1819 2311 1894 2341 eius.
1939 2309 1990 2340 45.
2022 2309 2153 2348 Leprosi

1186 2358 1290 2386 autem
1308 2355 1342 2385 in
1360 2364 1418 2393 (luo
1435 2354 1531 2392 fuerit
1547 2354 1643 2393 playa
1661 2353 1728 2391 illa,
1746 2354 1921 2384 vestimenta
1939 2355 2027 2383 erunt
2044 2352 2151 2389 scissa,

1187 2401 1214 2428 ct
1246 2400 1337 2437 caput
1370 2397 1436 2427 eius
1470 2397 1599 2433 mulum,
1641 2398 1667 2426 et
1701 2397 1806 2435 pilum
1838 2395 1920 2426 labri
1960 2395 2088 2434 operiet,
2128 2397 2154 2425 et

1189 2440 1390 2476 Immundus,
1424 2439 1603 2470 immundus
1625 2449 1711 2475 sum,
1744 2438 1897 2470 clamabit.
1941 2437 1991 2469 46.
2030 2437 2154 2469 Cunctis

1886 2481 2152 2516 contaminabitur,

1276 2585 1303 2617 1)
1325 2584 1357 2609 In
1375 2584 1510 2616 maryine:
1532 2583 1588 2614 Vel,
1607 2584 1742 2616 subnigra.

1276 2619 1303 2651 2)
1323 2618 1394 2644 Ibid.
1415 2618 1473 2650 Vel,
1492 2622 1652 2643 contractae.
