2304 3034
188 173 248 204 237
918 168 1104 201 PRIMUM
1128 170 1448 203 PRAECEPTUM.

188 272 219 299 et
241 266 347 298 Deum
372 268 498 304 praeter
522 273 572 292 me
596 272 658 292 non
684 272 721 299 at¹
720 271 851 292 nosces.
877 262 951 300 quia
970 266 1048 293 tunc
1072 262 1156 294 scili-

188 315 236 341 cet
261 309 399 339 maxime
422 306 493 336 illos
517 305 576 335 sibi
602 303 794 344 acquisierat
825 304 857 334 in
882 305 1036 343 populum
1061 315 1155 344 pecu-

188 353 309 384 limem.
341 349 470 381 Cwlnius
489 348 586 377 etiam
607 347 701 386 paulo
721 352 796 376 aute
818 347 921 383 11,1;
948 346 1057 385 Quum
1076 358 1157 387 puer

188 400 270 426 esset
303 391 412 427 Israel,
443 390 539 421 dilexi
571 400 654 425 eum,
684 394 781 428 atque
805 400 843 419 ex
870 390 1019 429 Aegypto
1045 391 1156 421 vocavi

188 438 288 469 filium
319 445 435 465 meum¹
486 433 558 463 Hoc
586 433 645 463 etsi
675 432 785 472 generi
811 432 962 462 Abrahae
985 443 1155 464 commune

188 481 245 510 fuit
280 488 351 509 cum
387 476 457 507 aliis
492 475 659 515 gentibus,
700 485 823 505 annum
858 474 1010 506 inchoare
1046 486 1155 507 mense

188 521 322 553 Martio:
347 526 454 549 tamen
480 518 540 548 hac
563 519 596 548 in
617 523 707 557 parte
727 517 855 548 diversa
874 518 956 548 ratio
976 518 1049 548 fuit:
1072 519 1154 558 quod

187 565 244 595 5011
274 563 373 593 010010
409 562 525 601 populo
560 572 618 591 sua
653 561 846 591 resurrectio
877 561 1049 599 quotannis
1080 568 1154 592 ante

186 607 293 638 oculos
318 605 421 645 posita
444 604 516 634 fuit.
569 604 651 634 Nam
676 603 818 633 Hebraei
850 603 910 643 ipsi
939 603 977 633 ad
1003 603 1080 634 illud
1107 616 1155 636 115-

186 660 247 690 que
273 654 400 688 tempus
425 657 545 677 annum
572 646 806 677 inchoaverant
833 656 851 676 11
876 657 985 677 mense
1005 647 1154 686 Septem-

186 693 250 728 bri,
286 702 339 731 qui
374 697 510 721 vaocitur
544 689 709 720 chaldaice
738 688 837 725 Τ1511,
874 700 936 728 quo
966 690 1155 721 existimant

186 718 278 765 multi
303 739 445 765 creatum
471 733 570 763 fuisse
594 731 768 762 mundum:
794 732 869 771 quia
893 732 1002 762 statim
1027 733 1154 772 abipsa

185 777 348 809 creatione
383 782 470 805 terra
504 782 648 805 maturas
685 776 793 814 fruges
828 774 990 814 produxit,
1020 780 1055 805 ut
1084 781 1154 806 tan-

186 831 282 861 quam
313 820 345 849 in
377 818 516 858 perfecto
544 824 631 848 statu
656 824 740 847 esset
763 817 832 847 01115
855 817 1066 849 foecunditas.
1112 819 1155 849 Et

185 863 280 894 hodie
304 862 422 901 duplex
446 866 554 891 manet
577 859 661 900 apud
682 860 849 890 Hebraeos
874 871 1031 891 annorum
1056 861 1155 892 series

185 912 218 937 et
240 905 431 936 observatio.
470 904 552 934 Nam
576 904 609 933 in
632 903 769 943 negotiis
789 903 940 934 omnibus
963 914 1044 943 quae
1068 914 1155 944 spec-

186 954 256 980 tant
280 948 317 978 azl
343 957 549 978 communem
574 947 658 977 vitae
683 957 787 983 usum,
820 952 963 977 veterem
986 952 1019 977 et
1040 947 1153 987 genui-

185 1002 260 1022 nam
285 990 548 1030 supputationem
580 990 732 1027 retinent,
764 994 796 1019 ut
822 990 947 1029 primus
971 990 1090 1021 mensis
1113 990 1155 1021 sit

184 1035 314 1065 initium
339 1033 503 1063 autumni:
538 1033 571 1063 in
595 1032 685 1063 cultu
709 1038 816 1062 autem
840 1032 899 1062 Dei
924 1036 954 1062 ct
977 1033 1066 1063 festis
1090 1033 1154 1063 1110-

185 1078 244 1108 1105
279 1082 459 1116 sequuntur
495 1074 580 1115 quod
611 1075 774 1114 praecepit
805 1075 929 1106 Moses:
963 1080 995 1105 et
1026 1075 1077 1107 hic
1107 1080 1156 1107 est

185 1130 288 1150 annus
312 1119 432 1159 legalis,
458 1119 511 1158 qui
532 1119 598 1149 fere
618 1118 737 1148 Martio
757 1124 866 1149 nostro
887 1117 1067 1158 respondet,
1093 1129 1155 1149 non

185 1168 295 1193 tamen
315 1173 371 1202 per
390 1162 512 1192 omnia:
539 1161 612 1200 quia
633 1161 725 1191 nobis
749 1161 780 1191 in
805 1171 864 1191 11511
890 1172 953 1192 non
973 1167 1047 1192 sunt
1068 1167 1155 1192 vete-

186 1217 236 1237 res
267 1204 457 1235 embolismi.
508 1204 594 1234 Nam
624 1214 722 1243 quum
750 1203 920 1235 duodecim
945 1204 1073 1235 lunares
1096 1205 1155 1235 cir-

185 1249 291 1280 0011115
324 1258 388 1278 000
420 1253 597 1286 aequarent
627 1246 703 1277 solis
734 1256 878 1284 cursum,
910 1247 1153 1284 intercalabant,

186 1302 225 1322 ne
255 1291 404 1327 absurda,
436 1301 595 1321 annorum
620 1300 802 1329 progressu,
831 1295 862 1320 ct
886 1290 1026 1321 enormis
1050 1290 1154 1321 diver-

185 1335 264 1365 sitas
287 1335 436 1364 oriretur.
482 1332 534 1363 Ita
558 1333 594 1363 fit
617 1336 653 1363 ut
673 1332 793 1363 mensis
817 1332 928 1369 Nisan,
951 1343 1013 1372 quo
1036 1333 1155 1373 pascha

185 1376 400 1412 celebrabant,
430 1375 593 1406 interdum
623 1375 709 1415 apud
734 1375 872 1406 Iudaeos
899 1381 954 1406 aut
977 1376 1079 1407 serius
1100 1381 1154 1407 aut

185 1421 279 1452 citius
303 1420 445 1459 incipiat,
470 1424 563 1458 prout
588 1428 711 1449 moram
736 1418 838 1449 adfert
863 1418 1072 1450 intercalatio.

272 1463 300 1493 3.
334 1462 516 1501 Loquimimss
547 1462 588 1492 ad
617 1464 720 1492 totum.
774 1461 951 1500 Quaeritur
985 1461 1044 1493 hoc
1079 1462 1154 1498 loco,

185 1517 284 1546 quum
310 1516 394 1535 unus
418 1510 543 1535 tantum
569 1515 671 1544 agnus
696 1505 727 1534 in
753 1505 945 1536 sacrificium
970 1505 1095 1535 oblatus
1114 1505 1155 1535 sit

186 1560 243 1589 pro
263 1547 521 1579 reconciliatione
542 1547 704 1583 ccclesiae,
725 1552 756 1578 ct
776 1548 873 1578 unius
890 1552 1014 1578 tantum
1031 1547 1155 1579 Christi

186 1593 344 1632 sanguine
370 1591 516 1630 placatus
539 1591 634 1621 fuerit
658 1590 758 1627 Deus,
790 1601 848 1621 0111·
878 1591 911 1621 10
935 1591 1079 1631 singulas
1103 1590 1155 1621 do-

186 1646 255 1665 1005
286 1645 404 1672 agnum
436 1634 566 1664 iusserit
592 1634 736 1669 mactari,
762 1644 797 1664 ac
822 1634 847 1664 51
873 1634 1046 1674 peculiaria
1069 1643 1154 1664 seor—

187 1688 259 1708 sum
283 1677 462 1717 quibusque
486 1682 592 1707 essent
616 1677 781 1707 sacrificia.
826 1676 889 1707 Sed
911 1677 1012 1707 facilis
1035 1681 1084 1707 est
1105 1687 1155 1707 so-

186 1721 280 1751 lutio:
313 1720 387 1759 quia
419 1720 545 1750 tametsi
569 1719 681 1750 eodem
705 1730 817 1750 omncs
843 1720 1001 1760 sanguine
1025 1730 1042 1750 a
1067 1719 1156 1750 clade

186 1763 324 1804 protecti
349 1768 464 1799 essent¹
496 1768 526 1792 et
556 1762 717 1802 generalis
740 1762 795 1793 ille
820 1763 901 1793 ritus
925 1773 1036 1793 omnes
1058 1761 1155 1793 simul

186 1807 397 1846 coniungeret
428 1806 460 1835 in
484 1806 668 1836 societatem
697 1805 840 1836 eiusdem
865 1805 1066 1845 expiationis,
1091 1816 1154 1835 non

186 1856 294 1879 tamen
320 1849 374 1879 abs
399 1859 433 1878 re
458 1848 547 1878 Deus
571 1848 702 1888 speciali
731 1848 786 1879 illa
809 1848 857 1889 (ut
881 1850 927 1879 ita
950 1847 1076 1889 loquar)
1099 1858 1154 1887 ap-

186 1892 358 1932 plicatione
388 1891 541 1931 privatim
572 1891 675 1921 voluit
704 1891 851 1932 singulas
882 1891 991 1922 domos
1019 1901 1179 1922 commo-,

187 1935 308 1969 nefieri.
340 1941 374 1965 ut
406 1935 537 1974 propius
568 1934 727 1964 sentirent
750 1935 898 1965 collatam
924 1935 983 1965 sibi
1007 1934 1152 1973 gratiam.
1178 1947 1180 1971 ς

1178 1976 1180 1981 ’
1206 1978 1273 2008 rius
1301 1979 1333 2008 in
1365 1989 1442 2008 veru
1473 1982 1616 2008 torretur
1645 1988 1718 2008 caro
1741 1988 1837 2017 quam
1862 1977 1895 2007 in
1919 1977 1984 2008 olla
2006 1981 2172 2017 coquatur.

188 1979 292 2009 Sicuti
328 1977 422 2007 hodie
457 1976 540 2007 idem
577 1978 667 2007 nobis
701 1977 850 2008 0010111115
886 1982 933 2007 est
967 1977 1153 2016 baptismus,

187 2032 247 2060 qno
278 2021 494 2051 communiter
524 2021 701 2050 inserimur
730 2020 763 2050 in
788 2030 902 2059 eorpus
926 2020 1065 2057 Christi,
1090 2019 1154 2049 sin-

187 2064 270 2103 gulis
302 2070 410 2093 tamen
439 2074 517 2093 suus
542 2063 720 2102 baptismus
743 2063 927 2101 confertur,
952 2073 1013 2102 quo
1036 2062 1153 2093 certius

187 2113 362 2146 agnoscunt
398 2117 431 2137 50
466 2106 646 2145 adoptionis
681 2116 750 2136 csse
792 2106 979 2146 participes,
1021 2105 1154 2144 ideoque

187 2150 339 2179 0001051110
364 2149 517 2179 membra.
564 2149 673 2178 Noluit
697 2160 773 2188 ergo
799 2150 896 2186 Deus,
921 2159 1020 2188 quum
1044 2148 1153 2187 singn-

190 2193 225 2222 115
257 2193 402 2222 ‹lomibus
433 2192 630 2231 praeciperet
659 2202 780 2226 agnum
812 2199 968 2227 mactare,
1000 2191 1153 2230 populum

188 2246 281 2265 5111101
307 2234 487 2265 ‹lim-ahere
512 2236 542 2264 in
569 2245 640 2273 spes
661 2234 816 2273 diversas,
841 2235 895 2265 scd
916 2240 1041 2265 tantum
1063 2233 1153 2263 fami-

189 2278 309 2308 liariter
340 2278 510 2307 ostendere
541 2278 685 2315 singulas
711 2277 821 2308 domos
845 2278 904 2308 51111
930 2288 997 2307 esse
1020 2276 1153 2306 obstric-

190 2328 252 2351 1115.
285 2332 342 2351 nec
378 2321 516 2350 5111111001
553 2320 644 2350 modo
678 2322 775 2351 totius
811 2321 917 2360 populi
949 2320 1063 2350 dobere
1095 2318 1154 2349 sibi

190 2365 261 2393 terri
296 2371 476 2402 :it-ceptum,
509 2364 562 2393 sed
597 2365 627 2393 iu
657 2364 787 2393 familiis
817 2364 965 2393 omnibus
990 2361 1154 2401 singulare

189 2418 280 2436 51111111
310 2407 498 2436 lwncliwiuin
533 2407 646 2436 Furere.
700 2407 792 2444 Quod
823 2412 927 2436 autem
955 2405 1075 2435 viciuos
1099 2403 1154 2434 atl-

191 2450 277 2483 1111ιεί
312 2450 421 2480 voluit.
453 2450 477 2479 51
510 2460 664 2479 uumerus
689 2450 829 2488 capitum
855 2449 884 2479 in
912 2459 973 2478 una
998 2447 1090 2477 110100
1115 2446 1153 2476 ud
1179 2463 1181 2483 1

192 2492 293 2521 l’esuli
322 2492 552 2522 ‹sonunt-ndum
591 2504 653 2522 uon
689 2494 860 2527 sut'tieerct,
889 2501 984 2521 01111511
1016 2490 1084 2526 fuit,
1116 2489 1181 2519 nel

190 2535 263 2573 quid
289 2535 451 2565 residuum
475 2542 627 2565 muneret.
666 2535 731 2565 Iam
753 2546 810 2565 cur
829 2540 931 2564 totum
956 2544 1074 2572 :ignum
1100 2532 1153 2562 al)-

191 2578 271 2606 511101
303 2578 490 2616 oportuerit,
521 2578 597 2607 liae(-
624 2580 707 2608 inter
730 2578 809 2608 alias
831 2576 960 2607 videtur
984 2575 1155 2615 praecipua

192 2632 260 2649 1551-
286 2621 378 2657 ratio,
401 2628 431 2650 ut
456 2632 493 2651 uo
514 2632 640 2651 sacrum
664 2621 721 2651 hoc
737 2620 867 2660 epulum
889 2619 1061 2650 miscerent
1081 2629 1152 2649 cum
1178 2646 1182 2655 Δ

1179 2582 1180 2585 ’
1206 2576 1321 2606 melius
1346 2577 1477 2608 refulsit.

2116 171 2178 203 288

1211 265 1299 297 victu
1323 265 1518 305 quotidiano,
1547 263 1664 295 deinde
1688 274 1728 294 ne
1751 263 1819 294 eius
1842 263 1983 304 dignitas
2006 265 2178 297 vilesceret

1209 314 1340 348 aspectu
1363 307 1511 339 rancidac
1535 307 1650 338 carnis.
1698 306 1796 336 Forte
1820 306 1880 338 hoc
1903 317 2028 347 quoque
2051 314 2178 348 specta-

1210 352 1257 381 vit
1282 350 1389 388 Deus,
1421 361 1462 381 ne
1486 360 1549 389 qua
1572 350 1603 380 in
1636 348 1805 380 servandis
1836 349 1982 389 reliquiis
2005 350 2176 391 obreperet

1207 394 1410 433 superstitio.
1435 403 1535 432 quaro
1560 398 1591 422 et
1614 402 1687 423 ossa
1710 392 1855 422 comburi
1879 393 1980 423 iussit.

1293 446 1321 467 ,1.
1346 437 1457 477 Aynus
1480 435 1539 466 erit
1560 434 1644 465 vobis
1666 435 1789 474 mteyer.
1828 434 2019 466 Videbimus
2035 435 2118 474 alibi,
2142 437 2177 468 in

1208 479 1358 510 omnibus
1378 491 1399 509 s
1396 478 1543 509 aerificiis
1563 477 1624 508 hoc
1642 476 1815 517 diligenter
1831 488 1871 508 ex
1887 477 1966 518 legis
1980 479 2177 519 praescripto

1207 521 1305 553 fuisse
1329 533 1387 553 0111*
1378 521 1518 557 *00110111,
1544 530 1583 550 00
1608 519 1684 559 quid
1708 519 1852 551 maculae
1875 526 1931 551 aut
1950 520 2021 551 vitii
2040 520 2175 553 inesset:

1206 575 1269 604 quo
1303 564 1488 594 admonitus
1522 562 1586 593 fuit
1620 562 1767 602 populus,
1803 573 1868 593 non
1898 573 1968 594 esse
1997 563 2177 603 legitimam

1207 608 1424 647 expiationem
1449 606 1509 636 0151
1534 605 1588 636 ubi
1613 604 1740 636 adesset
1763 615 1890 636 summa
1914 606 2074 645 perfectio,
2098 617 2176 646 qua-

1206 650 1245 681 lis
1270 660 1434 689 nunquam
1458 649 1491 679 in
1516 647 1701 679 hominibus
1724 653 1853 688 reperta
1877 654 1933 679 est.
1979 649 2053 680 Non
2077 649 2179 698 igitur

1207 694 1325 723 10111110
1357 692 1383 723 51
1412 702 1498 722 nunc
1528 690 1620 721 Deus
1651 690 1759 721 Pesah
1790 691 1894 732 exigit
1925 691 2021 722 unius
2044 692 2122 723 anni
2145 696 2178 724 et

1207 736 1386 775 integrzum
1412 740 1446 765 ut
1469 734 1589 765 scirent
1611 733 1780 764 Israelitae
1805 733 1845 764 ad
1869 735 1975 765 Deum
1999 734 2177 774 propitian-

1207 778 1283 809 dum
1315 777 1434 818 requiri
1463 777 1602 817 pretium
1632 776 1843 808 excellentius
1872 787 1967 817 quam
1996 782 2107 817 posset
2130 778 2177 809 in·

1207 822 1311 852 veniri
1331 821 1363 851 10
1384 826 1448 850 toto
1467 830 1582 858 genere
1603 819 1755 850 humano.
1781 819 1851 850 Iam
1871 830 1970 860 quum
1990 820 2064 851 talis
2083 831 2177 860 prae-

1207 865 1323 895 stantia
1345 863 1446 893 multo
1468 863 1574 893 minus
1598 862 1632 892 in
1656 862 1778 902 pecude
1801 867 1953 899 exstaret,
1977 862 2034 893 illa
2058 863 2177 894 visibili

1207 907 1282 946 mgni
1317 906 1368 936 vel
1400 905 1490 936 hoedi
1521 905 1710 953 integritate
1741 911 1922 936 monstrata
1945 905 2006 936 fuit
2029 905 2177 938 coelestis

1207 949 1358 990 perfectio
1393 948 1516 980 Christi
1552 958 1588 979 ac
1620 948 1754 987 puritas.
1801 947 1875 979 Huc
1906 948 2003 979 etiam
2035 948 2177 988 pertinet

1207 992 1291 1032 quod
1315 992 1393 1023 iussi
1417 996 1493 1022 sunt
1511 1001 1529 1021 a
1550 989 1672 1022 decimo
1695 990 1817 1021 mensis
1836 1001 1937 1031 usque
1957 991 1996 1022 ad
2016 990 2177 1023 decimum

1206 1040 1356 1075 quartum
1381 1034 1463 1065 diem
1488 1033 1607 1064 habere
1631 1033 1664 1064 in
1688 1032 1834 1064 custodia
1853 1039 2038 1073 separatum
2062 1044 2080 1065 a
2103 1035 2177 1065 reli-

1207 1089 1268 1118 quo
1292 1088 1398 1118 grege.
1434 1076 1530 1115 Quod
1551 1087 1626 1107 vero
1646 1076 1804 1116 sanguine
1822 1077 1949 1116 aspergi
1970 1077 2074 1108 voluit
2087 1077 2177 1109 Deus

1208 1127 1312 1161 postes
1331 1127 1361 1151 et
1381 1119 1640 1160 superliminare,
1665 1119 1724 1150 hoc
1748 1120 1841 1159 signo
1860 1119 1946 1150 clare
1969 1119 2087 1157 docuit,
2108 1120 2178 1151 nul-

1207 1164 1246 1194 lis
1269 1164 1419 1203 prodesse
1443 1162 1636 1193 sacrificium
1661 1162 1723 1193 0151
1744 1163 1799 1202 001
1818 1162 1887 1193 0105
1906 1162 2064 1203 sanguine
2085 1163 2178 1194 tincti

1207 1212 1283 1238 sunt
1311 1217 1346 1237 ae
1377 1205 1532 1245 insigniti.
1585 1204 1791 1236 Tantundem
1823 1205 1910 1236 enim
1938 1206 2042 1237 valuit
2069 1216 2177 1246 asper-

1208 1250 1253 1280 sio
1273 1249 1353 1280 haec
1372 1259 1407 1279 ac
1427 1249 1452 1279 si
1473 1252 1580 1279 notan]
1602 1247 1771 1287 sanguinis
1790 1248 1910 1288 singuli
1928 1248 1962 1279 10
1981 1248 2085 1279 fronte
2104 1259 2176 1288 gos-

1208 1297 1324 1323 tarent.
1378 1292 1419 1322 Et
1449 1296 1536 1323 certe
1566 1290 1718 1322 Christus
1748 1291 1940 1331 sanguinem
1973 1301 2067 1322 suum
2102 1292 2176 1323 fun-

1208 1335 1312 1366 dendo
1341 1345 1403 1365 non
1435 1344 1546 1365 omnes
1576 1334 1735 1371 liberavit,
1758 1333 1814 1364 sed
1838 1333 1949 1365 fideles
1971 1339 2096 1365 tantum
2121 1334 2176 1374 qui

1207 1389 1241 1409 se
1272 1378 1325 1408 illo
1355 1377 1566 1408 sanctificant.
1619 1377 1667 1408 Ac
1696 1377 1887 1417 praecipuas
1915 1377 2044 1417 quidem
2068 1383 2176 1417 partes

1208 1421 1332 1452 obtinet
1360 1420 1494 1451 interior
1522 1420 1680 1460 aspersio,
1709 1429 1806 1458 quam
1838 1420 1957 1451 Petrus
1986 1419 2056 1450 fieri
2083 1419 2176 1452 docet

1208 1464 1343 1504 spiritus
1367 1464 1487 1494 virtute
1510 1462 1541 1504 (1
1567 1463 1635 1493 Pet.
1662 1462 1689 1499 1,
1713 1461 1761 1503 2):
1790 1462 1846 1493 sed
1869 1467 2005 1494 externo
2028 1462 2175 1503 symbolo

1208 1507 1310 1538 edocti
1335 1507 1465 1537 fuerunt
1488 1505 1658 1537 Israelitae
1681 1516 1715 1536 50
1737 1515 1802 1536 non
1831 1505 1925 1536 aliter
1948 1515 2041 1545 posse
2064 1505 2104 1536 ab
2127 1506 2176 1537 ira

1208 1549 1271 1580 Dei
1294 1550 1417 1589 protegi
1441 1559 1537 1588 quam
1561 1548 1708 1588 opposito
1731 1548 1901 1588 sanguinis
1924 1548 2047 1589 clypeo.
2073 1548 2176 1588 quue

1208 1592 1381 1632 respondet
1404 1592 1565 1632 superiori
1588 1591 1762 1627 doctrinae,
1787 1601 1890 1622 unum
1913 1596 1945 1622 et
1968 1591 2055 1622 idem
2078 1591 2176 1623 sacri-

1208 1635 1316 1666 ficium
1337 1634 1530 1674 particulare
1549 1634 1648 1665 fuisse
1666 1634 1806 1675 singulis
1825 1633 1967 1671 aedibus,
1991 1638 2028 1665 ut
2047 1635 2176 1674 privata.

1207 1678 1346 1718 cognitio
1376 1689 1429 1709 eos
1459 1678 1542 1709 serio
1571 1677 1716 1708 afficeret
1739 1676 1854 1716 quibus
1877 1676 2039 1718 generalis
2062 1677 2176 1708 fuisset

1207 1721 1324 1761 frigida
1346 1721 1398 1751 vel
1423 1720 1530 1752 minus
1554 1721 1679 1751 efficax.
1704 1719 1772 1751 Cur
1791 1724 1932 1751 assatam
1950 1720 2059 1760 potius
2077 1730 2175 1760 quam

1207 1764 1324 1794 elixam
1351 1774 1481 1795 carnem
1511 1763 1662 1804 postulet,
1687 1763 1811 1794 nescire
1834 1763 1928 1800 malo,
1958 1773 2053 1803 quam
2078 1773 2174 1803 argu-

1206 1807 1268 1837 tias
1302 1806 1500 1837 comminisci
1537 1817 1601 1837 non
1636 1805 1715 1836 satis
1749 1806 1868 1843 firmas,
1902 1805 2005 1846 qualis
2038 1805 2095 1837 illa
2125 1810 2175 1837 est

1207 1849 1374 1880 Christum
1396 1850 1427 1879 in
1448 1859 1542 1881 cruce
1561 1849 1661 1880 fuisse
1680 1848 1915 1888 quodammodo
1934 1853 2064 1879 tostum.
2090 1848 2175 1880 Mihi

1206 1892 1244 1922 ad
1270 1903 1383 1923 verum
1407 1893 1513 1932 potius
1536 1891 1688 1923 accedere
1712 1891 1842 1922 videtur
1864 1891 1950 1931 quod
1974 1891 2065 1923 Deus
2087 1891 2175 1923 festi-

1206 1936 1370 1965 nationem
1395 1940 1506 1966 notare
1533 1935 1686 1965 voluerit:
1716 1935 1791 1974 quia
1817 1934 1958 1965 collectis
1982 1935 2067 1965 vasis
2091 1934 2173 1965 cele-

1206 2020 1279 2059 Quo
1303 2021 1442 2060 pertinet
1464 2021 1547 2061 quod
1571 2031 1646 2051 mox
1669 2021 1817 2060 sequitur
1838 2024 2044 2060 praeceptum
2064 2019 2103 2051 de
2121 2030 2173 2051 ra-

1206 2064 1292 2093 tione
1316 2063 1445 2095 edendi:
1478 2063 1531 2094 ubi
1562 2064 1624 2094 tria
1648 2062 1791 2094 notanda
1814 2068 1899 2099 sunt,
1931 2073 2032 2103 panes
2055 2062 2171 2103 azymi,

1205 2106 1445 2137 condimentum
1470 2118 1509 2137 ex
1535 2106 1642 2137 herbis
1665 2106 1794 2146 amaris,
1818 2105 1917 2136 lumbi
1941 2106 2075 2137 accincti
2098 2116 2171 2137 cum

1206 2149 1328 2188 reliquo
1352 2150 1627 2189 peregrinantium
1653 2149 1774 2180 habitu.
1826 2149 1933 2179 Panes
1960 2148 2172 2180 infermenta-

1206 2197 1254 2222 tos
1279 2192 1363 2222 haud
1388 2192 1482 2223 dubie
1505 2193 1618 2224 confici
1640 2192 1735 2222 iussit
1759 2192 1848 2222 Deus
1872 2196 2005 2231 propter
2029 2191 2172 2222 subitum

1206 2234 1397 2265 discessum.
1430 2236 1503 2275 qui-2
1536 2234 1661 2266 volebat
1695 2234 1786 2274 quasi
1821 2239 1984 2265 momento
2018 2234 2174 2274 populum

1206 2288 1299 2307 5111110
1331 2288 1370 2307 ex
1403 2279 1552 2318 Aegypto
1580 2287 1702 2317 rapere.
1750 2277 1838 2316 Ergo
1862 2287 1900 2307 ex
1926 2277 2030 2307 farina
2053 2276 2175 2307 tuinul-

1207 2321 1309 2351 tuaric
1340 2320 1472 2351 subacta
1502 2331 1600 2368 panes
1629 2330 1759 2360 azymos
1782 2324 1951 2350 coxerunt.
1998 2319 2105 2350 Huius
2127 2319 2174 2350 rei

1207 2364 1393 2393 memoriam
1425 2364 1598 2403 quotannis
1630 2362 1775 2393 renovari
1804 2362 1955 2401 oportuit,
1987 2366 2025 2393 ut
2053 2363 2174 2393 scirent

1207 2406 1322 2444 posteri
1356 2406 1575 2437 liberationem
1605 2405 1760 2436 divinitus
1792 2405 1888 2436 fuisse
1918 2405 2067 2439 oblatam.
2096 2415 2173 2445 quo-

1208 2448 1291 2477 niam
1325 2449 1409 2479 nullo
1442 2449 1560 2480 viatico
1590 2448 1742 2479 instructi
1774 2453 1882 2487 patres
1912 2448 2038 2488 trepide
2064 2449 2172 2488 fugam

1206 2491 1417 2530 arripucrant.
1475 2492 1559 2523 Nam
1593 2491 1695 2521 maior
1729 2497 1902 2530 apparatus
1936 2490 2087 2521 nonnihil
2121 2490 2174 2521 ob-

1206 2540 1360 2564 scurasset
1384 2535 1552 2565 coelestem
1572 2535 1720 2574 gratiani,
1742 2544 1823 2573 quae
1842 2534 1875 2564 in
1896 2544 2045 2564 annonae
2065 2533 2174 2573 inopia

1517 2577 1635 2608 Herbis
1654 2577 1772 2607 amaris
1791 2580 1961 2608 contentos
1980 2587 2050 2609 0550
2072 2576 2174 2607 voluit

1208 2619 1312 2649 Deus:
1345 2620 1418 2659 quia
1443 2621 1629 2658 viatoribus,
1661 2619 1737 2650 dum
1761 2624 1945 2659 properant,
1976 2624 2009 2651 et
2031 2619 2173 2650 maxime
