2304 3034
122 180 183 212 529

121 273 175 304 ubi
198 276 299 302 totum
324 272 435 302 Mosen
459 268 623 304 evolveris,
648 270 679 297 et
702 265 875 305 diligenter
897 264 1079 295 excusseris

121 313 271 355 quidquid
295 313 333 344 de
355 313 477 344 ratione
500 309 645 351 placandi
669 308 731 339 Dei
760 308 794 338 in
822 307 892 347 lege
923 306 1079 337 traditum

121 363 180 396 est,
199 356 339 397 reperies
354 354 487 386 Iudaeos
500 353 614 392 ubique
634 356 798 382 revocatos
813 349 911 380 fuisse
925 349 965 380 ad
984 349 1080 380 sacri-

122 399 201 431 ficia.
242 399 312 429 Iam
331 402 451 430 certum
471 400 528 433 est,
551 392 704 433 quidquid
727 392 892 423 sacrificiis
916 391 1079 429 tribuitur,

121 441 258 482 propriis
287 440 452 471 hominum
481 436 627 477 operibus
658 435 794 465 detrahi.
840 433 936 473 Quod
967 434 992 465 si
1017 434 1079 464 Dei

121 484 290 515 consilium
316 493 377 513 non
399 481 458 511 fuit
479 484 617 510 veterem
633 477 788 517 populum
809 477 951 508 externis
975 487 1078 507 caere-

121 526 236 557 moniis
259 525 395 565 affigere,
418 522 561 562 sequitur
580 520 709 552 nonnisi
727 530 783 559 per
803 520 933 550 unicum
958 519 1079 549 media-

122 574 237 606 torem,
261 566 424 607 sanguinis
444 564 613 600 effusione,
638 562 677 593 ab
700 562 787 593 omni
809 567 900 592 reatu
920 567 984 592 tam
1011 561 1078 593 cul-

121 621 180 651 pae
200 620 294 649 quam
320 617 437 648 poenae
470 606 590 638 absolvi
620 604 784 641 homines,
819 610 853 635 ut
882 604 1079 644 recipiantur

122 664 140 684 a
164 653 230 684 Deo
250 652 282 682 in
306 650 449 691 gratiam.

206 695 233 725 7.
266 692 415 732 Expiabit
436 700 504 722 eum
524 689 674 721 sacerdos.
719 689 771 720 Ex
795 689 855 720 hac
883 699 1008 729 quoque
1033 688 1078 719 lo-

120 736 237 777 quendi
259 736 359 766 forma
389 743 470 774 quae
497 733 681 771 frequenter
705 732 859 770 occurrit,
890 730 1077 762 discendum

121 785 185 817 est,
209 778 369 809 victimam
392 786 448 816 per
470 786 503 806 se
526 785 587 805 non
616 775 714 805 fuisse
742 774 972 814 redemptionis
1007 784 1078 813 pre-

121 823 217 858 tium,
240 820 292 851 sed
316 820 348 850 in
369 817 544 850 sacerdotio
568 817 735 848 fundatam
759 827 828 848 esse
851 816 1077 856 expiationem.

122 863 228 896 Stulte
250 862 334 893 enim
357 868 389 892 ct
411 870 577 900 perperam
608 860 776 890 finxerunt
803 860 837 890 in
868 859 1079 890 sacramentis

121 906 265 937 homines
288 903 457 944 quidquam
479 903 619 942 operari:
650 912 785 942 quorum
813 903 860 933 vis
887 907 918 932 et
946 902 1079 933 effectus

120 958 251 989 prorsus
274 945 400 977 aliunde
425 951 543 976 manat.
589 943 719 976 Oblatio
748 945 847 985 igitur
876 944 1003 984 proprie
1032 944 1077 974 lo-

121 989 261 1031 quendo,
291 992 435 1028 respectu
465 987 605 1018 hominis
631 987 762 1027 passiva
788 994 837 1018 est
859 988 961 1027 magis
984 997 1079 1026 quani

120 1033 231 1064 activa.
283 1030 368 1070 Quid
404 1030 463 1062 hoc
500 1030 620 1067 valeat,
651 1041 690 1061 ex
723 1030 926 1069 papistarum
967 1029 1079 1060 delirio

120 1075 234 1107 clarius
253 1074 369 1114 poterit
387 1072 533 1113 intelligi.
568 1072 753 1113 Agnoscere
773 1072 900 1111 quidem
920 1077 1080 1112 coguntur

118 1118 150 1148 in
170 1116 377 1148 sacramentis
396 1116 542 1146 homines
562 1125 595 1145 se
619 1116 747 1155 passive
772 1115 898 1152 habere,
919 1120 1079 1154 quatenus

117 1159 275 1199 recipiunt
297 1158 436 1189 oblatam
459 1157 525 1189 illic
548 1157 610 1188 Dei
634 1158 787 1198 gratiam:
813 1157 868 1188 sed
894 1158 977 1188 hanc
1006 1157 1078 1188 doc—

118 1202 233 1233 trinam
267 1212 339 1231 mox
376 1205 583 1241 pervertunt,
615 1200 766 1241 fingendo
797 1211 875 1240 opus
903 1205 1080 1240 operatum,

117 1249 152 1276 ut
184 1244 365 1283 loquuntur.
410 1242 509 1283 Atqui
543 1254 582 1273 ne
612 1243 747 1282 populus
778 1242 871 1273 domo
900 1253 933 1274 se
962 1243 1078 1274 afferre

116 1290 242 1327 putaret
255 1286 483 1326 redemptionis
496 1286 645 1326 pretium,
659 1285 793 1316 subinde
808 1285 949 1317 inculcat
963 1285 1079 1323 Moses,

118 1328 281 1369 proprium
315 1339 382 1360 csse
406 1328 578 1360 sacerdotis
602 1338 720 1359 munus
743 1328 869 1368 placare
893 1328 1016 1365 Deum,
1048 1332 1079 1358 et

118 1372 296 1411 expiatione
320 1376 483 1410 peccatum
508 1370 625 1401 delere.
672 1370 856 1402 Observatu
881 1371 978 1401 etiam
1011 1370 1080 1410 dig-

119 1425 195 1445 num
218 1418 281 1451 est,
305 1413 389 1454 quod
413 1413 502 1445 addit
526 1413 642 1444 Coram
662 1413 798 1451 Ichova,
830 1414 904 1453 quia
927 1413 987 1444 hac
1006 1424 1079 1453 par·

118 1456 216 1487 ticula
233 1456 392 1487 refutatur
411 1456 580 1496 profanum
599 1461 827 1493 commentum,
847 1456 985 1487 civiliter
1007 1462 1080 1486 tan-

119 1503 186 1530 tum
209 1498 257 1540 (ut
279 1498 475 1540 loquuntur),
497 1498 556 1530 hoc
575 1505 631 1536 est,
655 1509 763 1530 coram
788 1498 980 1535 hominibus,
1003 1509 1080 1538 pur-

120 1546 208 1581 gatos
225 1541 322 1572 fuisso
341 1541 488 1572 homines
504 1541 661 1582 legalibus
685 1542 864 1572 sacrificiis:
891 1552 926 1572 ac
948 1542 973 1572 si
990 1541 1081 1572 nulla

119 1583 184 1614 illic
201 1584 322 1615 inclusa
345 1584 457 1615 fuisset
479 1584 657 1624 spiritualis
680 1584 857 1623 promissio.
902 1585 999 1623 Atqui
1020 1584 1080 1615 hoc

121 1626 213 1657 modo
245 1626 340 1658 nullis
370 1627 514 1657 externis
543 1626 700 1667 symbolis
731 1627 913 1657 confirmati
944 1627 1079 1657 fuissent

123 1673 227 1708 patres
249 1669 281 1699 in
310 1670 421 1700 veniae
444 1669 575 1701 fiducia:
607 1679 670 1709 quo
701 1669 782 1699 nihil
814 1669 986 1700 absurdius
1016 1675 1079 1700 est:

122 1711 177 1742 sed
199 1722 263 1742 una
283 1711 342 1743 hac
365 1712 522 1752 particula
545 1712 668 1742 tollitur
693 1711 904 1752 ambiguitas,
928 1712 982 1743 ubi
1006 1722 1079 1752 pro-

122 1754 253 1785 nunciat
275 1755 382 1785 Moses
405 1765 513 1785 coram
537 1755 605 1785 Deo
628 1754 729 1785 fuisse
753 1755 906 1794 expiatos.

444 1925 507 1955 EX
530 1924 680 1956 LEVIT.
706 1925 764 1956 VI.

208 2007 227 2038 8
241 2009 274 2048 ¹).
306 2008 464 2048 Loquutus
492 2012 535 2041 est
563 2011 655 2041 ettam
680 2010 791 2041 Ielcova
817 2010 858 2041 ad
882 2010 1004 2048 Mosen,
1033 2011 1080 2042 di-

125 2050 227 2081 cendo:
259 2051 287 2082 9.
320 2051 469 2092 Praecipe
502 2052 632 2084 Aliarou
662 2055 688 2083 et
719 2053 799 2091 filiis
832 2053 914 2091 cius,
944 2053 1082 2084 diceudo:

127 2092 209 2124 Haec
229 2096 271 2125 est
292 2093 340 2124 lex
361 2093 542 2131 holocausti,
572 2094 793 2136 (holocaustum
816 2098 874 2133 est,
902 2096 981 2135 quod
1004 2096 1082 2126 adu-

126 2135 204 2166 ritur
225 2145 315 2174 super
339 2136 434 2168 altare
462 2140 521 2168 tota
551 2140 632 2169 nocte
661 2149 757 2177 usque
785 2148 887 2175 mane,
917 2139 970 2169 ubi
1000 2138 1083 2178 tynis

126 2177 220 2208 altari
241 2188 381 2210 accensus
400 2180 495 2219 fuerit
518 2181 550 2211 in
573 2180 626 2221 eo).
675 2181 722 2211 10.
748 2180 859 2212 Induet
888 2191 919 2211 se
941 2181 1083 2213 sacerdos

127 2222 202 2250 veste
230 2220 326 2258 linea,
354 2221 554 2260 femoralibus
582 2224 654 2254 item
683 2223 773 2255 lineis
801 2224 908 2255 induet
936 2234 968 2254 se
989 2234 1083 2262 super

127 2270 247 2307 caruem
277 2272 382 2301 suam,
421 2265 555 2304 tolletque
587 2266 718 2297 cinerem
750 2277 845 2305 quum
879 2266 1084 2305 absumpserit

128 2304 210 2342 tynis
230 2304 431 2337 holocaustum
449 2318 485 2338 eat
503 2308 606 2345 altari,
631 2311 656 2340 et
674 2311 766 2347 ponet
784 2319 852 2339 cum
870 2319 955 2340 secus
973 2309 1081 2340 altare.

130 2345 179 2376 11.
206 2346 313 2394 Postea
334 2352 418 2380 exuet
439 2360 469 2381 se
491 2350 623 2382 vestibus
644 2352 727 2387 suis,
756 2354 783 2382 et
810 2351 912 2382 induet
939 2362 971 2382 sc
992 2352 1082 2382 vesti-

128 2388 184 2419 bus
213 2388 300 2426 alus,
330 2392 482 2431 efferetque
510 2394 640 2424 cinerem
670 2397 757 2425 eoetra
785 2396 888 2425 castra
914 2394 955 2425 ad
983 2394 1083 2425 locum

128 2430 283 2479 mundum.
329 2433 376 2464 12.
407 2434 448 2465 Et
474 2436 556 2475 iguis
585 2446 679 2475 super
709 2436 807 2467 altare
834 2437 955 2467 ardebit
982 2437 1015 2467 iu
1040 2447 1081 2474 eo,

129 2482 188 2520 ntor}
206 2476 420 2514 ezstirtquetur,
439 2480 464 2508 et
483 2479 619 2509 accendet
636 2479 669 2510 iu
688 2489 720 2510 eo
738 2479 879 2510 sacerdos
901 2479 988 2519 liqna
1012 2489 1083 2518 quo-

127 2515 202 2546 tidie
219 2525 315 2554 mane,
335 2519 359 2547 el
376 2518 511 2558 disponet
527 2531 621 2560 super
639 2521 717 2553 illud
736 2522 889 2553 victimam
907 2521 1082 2560 holocausti,

214 2608 241 2640 1)
259 2609 331 2634 Hebr
357 2610 380 2640 6,
401 2610 414 2636 1
433 2620 465 2637 ss.

229 2650 338 2677 Calviui
352 2660 444 2686 opera.
485 2655 541 2681 Vol.
561 2656 638 2682 XXI
646 2657 674 2682 V.

802 171 1055 204 SECUNDUM
1085 171 1403 203 PRAECEPTUM.

2032 172 2097 203 530

1131 264 1315 304 adolebitque
1333 275 1426 304 super
1444 264 1522 296 illud
1541 265 1650 303 adipes
1662 265 1915 303 prosperitatum.
1942 265 1990 296 13.
2005 265 2098 306 Iynis

1126 310 1274 346 perpetuo
1298 308 1416 339 ardebit
1437 307 1470 338 in
1492 307 1597 343 altari,
1621 317 1679 337 uon
1703 307 1920 347 exstiizyuetur.
1953 308 2000 338 14.
2027 309 2097 339 Ista

1131 351 1176 379 est
1198 349 1246 380 lex
1275 350 1382 381 miralia
1411 360 1504 388 quam
1533 350 1656 388 offerent
1675 349 1737 387 filii
1760 349 1889 380 Auaron
1918 360 2021 381 coram
2044 351 2095 382 Ie-

1131 390 1207 422 hova
1240 392 1282 423 ad
1315 393 1421 423 altare.
1468 392 1516 423 15.
1556 391 1650 422 Tollet
1682 402 1719 422 ea:
1752 402 1787 423 ea
1814 393 1936 432 pugillo
1969 403 2025 424 suo
2058 403 2096 423 ea:

1131 434 1237 464 simila
1260 435 1378 472 minlca,
1412 437 1438 465 et
1468 435 1528 465 oleo
1550 434 1630 471 eius,
1661 437 1688 464 et
1714 436 1807 465 totum
1836 434 1906 466 thus
1934 436 2014 475 quod
2037 434 2097 466 erit

1130 485 1224 515 super
1242 477 1366 508 minha:
1388 477 1574 516 adolebitque
1596 486 1690 515 super
1711 477 1810 508 altare
1832 477 1951 508 odorem
1973 479 2095 517 quietis,

1130 518 1249 549 odorem
1270 520 1337 550 eius
1359 520 1444 559 apud
1468 519 1619 551 Iehovam.

1553 688 1676 720 ITEM.

1217 773 1257 803 23
1271 773 1301 814 ¹).
1340 773 1447 804 Omnis
1474 773 1581 805 mirzlza
1614 774 1783 806 sacerdotis
1809 776 1869 806 tota
1902 775 2098 814 cremabitur,

1131 826 1191 847 nou
1214 817 1390 847 comedetur.

1411 985 1475 1016 EX
1498 985 1661 1017 EODEM
1685 986 1861 1018 CAPITE.

1216 1070 1266 1101 24.
1310 1070 1470 1109 Loquutus
1508 1074 1551 1101 est
1582 1070 1694 1102 Ielzova
1727 1071 1768 1102 ad
1802 1071 1925 1110 blesen,
1957 1073 2097 1105 diceudo:

1131 1113 1181 1144 25.
1206 1113 1370 1153 Alloquere
1394 1113 1523 1145 Aliaron
1546 1116 1573 1144 et
1593 1113 1675 1152 filios
1697 1115 1773 1150 eius,
1796 1115 1938 1145 diceudo:
1962 1115 2031 1147 Ista
2055 1119 2099 1148 est

1130 1156 1180 1187 lec
1202 1155 1318 1187 hostiae
1339 1166 1401 1195 pro
1424 1158 1561 1195 peccato.-
1597 1156 1637 1186 In
1670 1156 1733 1188 loco
1761 1157 1794 1187 in
1823 1167 1881 1196 quo
1911 1158 2099 1190 mactabitur

1131 1198 1232 1229 hostia
1253 1198 1422 1229 holocausti
1444 1199 1627 1230 mactabitur
1655 1199 1754 1230 hostia
1771 1210 1833 1238 pro
1850 1203 1973 1238 peccato
1995 1211 2098 1232 coram

1133 1241 1256 1278 Ielzsova,
1280 1242 1354 1280 quia
1377 1242 1576 1274 sanctificatio
1598 1242 1873 1278 sanctificationum
1896 1245 1947 1273 est.

1394 1411 1457 1442 EX
1481 1410 1642 1442 EODEM
1667 1411 1841 1442 CAPITE.

1219 1497 1261 1528 30
1271 1496 1306 1538 2).
1340 1497 1449 1528 Omnis
1471 1499 1571 1527 aedem
1593 1496 1693 1527 hostia
1714 1507 1769 1535 pro
1786 1500 1921 1536 peccato,
1951 1498 1987 1528 de
2009 1499 2100 1529 cuius

1133 1541 1284 1579 sanquine
1312 1539 1462 1578 inferetur
1492 1539 1613 1578 aliquid
1647 1540 1678 1569 in
1713 1539 1943 1571 tabernaculum
1975 1550 2098 1572 concen-

1134 1583 1243 1619 tionis,
1274 1582 1315 1613 ad
1344 1581 1535 1621 expiandum
1564 1582 1598 1612 in
1627 1582 1803 1613 sanctuario
1832 1592 1891 1613 uon
1921 1583 2099 1621 comedetur,

1134 1626 1201 1666 tyni
1223 1625 1421 1656 comburetur.

1220 1710 1248 1741 9.
1286 1709 1437 1748 Praecipe
1462 1709 1598 1740 Abarou.
1642 1709 1834 1740 Distinctius
1857 1710 1997 1749 explicat
2016 1711 2100 1750 quod

1135 1757 1262 1794 poterat
1281 1752 1383 1783 videri
1401 1752 1565 1789 omissum,
1585 1762 1644 1783 nec
1663 1752 1719 1783 abs
1738 1763 1772 1782 re
1791 1757 1857 1782 tam
1878 1752 1987 1783 sedulo
2007 1764 2098 1784 exse-

1134 1797 1244 1836 quitur
1267 1795 1412 1834 singulas
1443 1800 1560 1834 partes,
1607 1794 1670 1825 Sed
1702 1805 1798 1834 quum
1829 1794 1917 1825 Deus
1948 1795 2100 1826 obedien-

1136 1840 1213 1869 tiam
1239 1837 1400 1878 praeferat
1426 1836 1574 1867 omnibus
1606 1837 1760 1874 victimis,
1792 1837 1896 1868 noluit
1925 1837 2099 1878 quidquam

1135 1880 1321 1921 ambiguum
1345 1889 1475 1911 manere
1499 1880 1597 1910 etiam
1622 1879 1726 1919 quoad
1749 1885 1898 1910 externos
1922 1880 2021 1918 ritus,
2044 1882 2099 1921 qui

1134 1924 1253 1963 alioqui
1291 1933 1354 1953 non
1391 1926 1484 1953 erant
1515 1922 1625 1962 magni
1661 1922 1827 1962 ponderis:
1866 1928 1901 1953 ut
1936 1922 2099 1954 discerent

1135 1966 1175 1997 ad
1198 1976 1341 2006 unguem
1372 1975 1502 1996 servare
1525 1965 1730 1996 exactissima
1754 1975 1830 1995 cura
1861 1964 2014 2005 quidquid
2044 1967 2097 1997 lex

1136 2009 1320 2039 mandabat:
1350 2018 1407 2039 nec
1441 2007 1614 2047 quidquam
1648 2018 1666 2038 a
1700 2018 1733 2038 se
1758 2007 1836 2047 ipsis
1870 2007 2098 2040 obtruderent:

1134 2052 1208 2092 quia
1232 2051 1374 2081 minimis
1397 2050 1574 2090 quibusque
1597 2050 1786 2081 commentis
1811 2050 1923 2081 vitiata
1957 2050 2019 2081 fuit
2048 2062 2099 2083 sa-

1134 2105 1262 2125 crorum
1285 2094 1415 2133 puritas.
1460 2092 1511 2122 Ita
1532 2092 1612 2123 nihil
1637 2092 1745 2132 populi
1771 2092 1887 2123 iudicio
1917 2093 2099 2134 relinquere

1137 2137 1253 2174 voluit,
1288 2136 1364 2176 quin
1398 2139 1486 2167 certa
1520 2135 1631 2174 regula
1665 2146 1717 2166 cos
1751 2134 1904 2174 dirigeret
1933 2136 2028 2167 etiam
2063 2137 2098 2167 in

1136 2180 1231 2211 rebus
1255 2179 1395 2210 minutis.
1437 2177 1488 2208 De
1512 2177 1705 2208 holocaustis
1724 2177 1866 2214 mandat,
1886 2188 1927 2208 ne
1945 2189 1985 2209 ex
2005 2179 2099 2210 altari

1136 2223 1290 2253 tollantur
1314 2221 1374 2252 nisi
1398 2221 1462 2251 iam
1486 2220 1562 2261 igne
1585 2226 1791 2260 consumpta:
1814 2219 1869 2251 sed
1893 2230 1934 2250 ex
1957 2231 2019 2261 quo
2042 2223 2101 2252 im-

1135 2265 1240 2305 posita.
1264 2264 1399 2301 fuerint,
1424 2263 1512 2293 iubet
1530 2263 1604 2302 igne
1627 2263 1780 2294 continuo
1807 2263 1916 2301 exuri,
1940 2274 2040 2304 usque
2065 2266 2099 2296 in

1135 2307 1272 2338 alterum
1310 2307 1403 2337 diem.
1459 2305 1498 2335 In
1532 2304 1619 2336 hunc
1653 2306 1749 2336 finem
1785 2304 1903 2336 diserte
1937 2307 2099 2346 exprimit,

1135 2354 1173 2381 ut
1196 2351 1279 2391 ignis
1303 2348 1515 2381 succendatur
1537 2348 1571 2378 in
1595 2358 1631 2378 eo
1654 2352 1722 2378 tota
1741 2354 1847 2379 nocte:
1879 2358 1982 2388 neque
2012 2351 2100 2381 enim

1135 2393 1326 2424 sacrificium
1359 2391 1453 2422 aliter
1485 2390 1518 2420 in
1553 2390 1675 2421 cineres
1711 2390 1876 2421 redactum
1910 2396 2003 2432 esset,
2038 2393 2102 2423 nisi

1136 2435 1288 2467 adhibitis
1312 2433 1472 2465 fomentis.
1519 2432 1668 2464 Secundo
1688 2432 1777 2463 iubet
1798 2433 1995 2465 sacerdotem
2015 2435 2101 2466 linea

1139 2483 1226 2509 veste
1250 2483 1279 2508 et
1305 2476 1510 2508 femoralibus
1534 2475 1693 2512 indutum,
1718 2475 1813 2507 sicuti
1835 2475 1875 2506 ad
1898 2486 1990 2508 sacra
2008 2487 2103 2517 pera-

1224 2580 1250 2610 1)
1269 2579 1349 2604 11011.
1370 2578 1410 2603 16.

1224 2613 1252 2645 2)
1271 2614 1354 2639 Hebr.
1372 2613 1412 2638 23.

1848 2653 1881 2678 34
