2304 3034
118 227 183 258 433

121 320 173 352 cul
196 320 392 359 quaesitum:
416 320 490 359 quia
513 319 688 351 similitudo
711 318 817 349 odoris
836 323 868 349 et
888 319 1024 348 tinnitus
1043 318 1082 348 ad

120 363 245 403 gratiae
268 363 592 399 commendationem,
625 366 659 392 et
687 361 848 401 evangelii
872 361 1083 400 praedicatio-

120 416 194 436 nem
219 411 332 445 sponte
356 416 415 436 nos
438 405 534 436 ducit.
578 403 673 434 Malis
703 403 802 443 igitur
832 403 973 443 punicis,
1003 413 1083 442 quae

120 453 245 479 attexta
268 453 360 479 erant
382 447 482 479 vestis
506 446 650 482 laciniae,
674 451 810 476 testatus
834 450 883 476 est
907 446 994 476 Deus
1024 445 1083 475 sibi

121 490 202 521 bene
230 490 314 521 olere
344 496 375 521 et
405 495 532 529 gratum
567 499 636 519 0880
670 488 823 528 quidquid
855 488 888 518 in
917 487 1083 518 sacerdote

121 539 205 571 erat,
234 533 327 563 modo
357 531 520 563 accederet
542 532 684 562 sonitus:
709 531 800 561 cuius
825 532 1000 561 necessitas
1026 541 1082 560 ex-

120 575 287 616 primitur,
316 584 413 614 quum
437 574 526 604 Deus
560 580 694 604 mortem
718 572 875 604 sacerdoti
899 573 1081 609 denunciat,

120 618 148 649 si
178 617 296 657 absque
324 617 429 647 sonitu
454 617 674 647 sanctuarium
698 617 865 656 ingressus
887 616 993 646 fuerit.
1039 616 1083 645 Et

120 665 207 692 certe
227 660 286 690 fuit
307 659 361 689 illa
384 659 562 689 eommunis
586 659 742 695 invitatio,
764 668 844 698 qnae
864 657 973 697 populi
993 668 1081 688 men-

120 708 184 740 tes,
220 703 294 732 dum
329 711 420 732 sacra
454 701 707 741 peragebantur,
748 705 888 731 attentas
923 700 1080 731 redderet.

120 745 214 784 Quod
237 750 344 775 autem
368 754 471 784 poena
493 754 589 783 quam
614 745 702 774 Deus
721 744 873 778 minatur,
899 743 1025 782 proprie
1049 743 1081 772 in

120 787 287 819 Christum
309 797 372 816 non
404 787 566 825 competit,
600 786 680 817 nihil
714 786 746 816 in
782 796 818 816 eo
853 791 901 816 est
935 784 1079 816 absurdi:

119 830 194 870 quia
216 839 326 860 severe
350 829 570 860 sacerdotibus
594 829 721 859 Levitis
745 828 929 868 praecipere
953 838 1082 858 neeesse

119 872 196 909 fuit,
231 882 272 902 ne
300 872 489 902 omitterent
517 876 652 902 externa
683 871 738 901 illa
761 871 891 910 pietatis
919 871 1081 907 exercitia,

119 915 220 946 donec
242 914 387 945 exhibita
410 920 493 945 esset
518 915 648 945 veritas.
694 914 764 944 Hoc
792 913 920 953 quidem
945 924 1008 943 non
1034 914 1082 943 in-

119 958 198 989 scite
221 956 261 987 ad
283 957 434 988 ecclesiae
458 957 622 987 ministros
645 966 702 996 per
720 966 887 995 anagogen
908 955 1083 986 deflectunt

119 1005 262 1031 veteres:
287 1000 360 1039 quia
384 1006 488 1030 morte
512 999 629 1038 dignus
652 999 810 1035 sacerdos,
833 999 939 1037 inquit
959 998 1082 1038 Gregoâ€”

120 1042 198 1079 rius,
223 1053 241 1073 a
264 1053 326 1080 quo
350 1052 413 1072 vox
437 1041 687 1081 praedicationis
711 1052 774 1071 non
799 1040 937 1071 auditur.
979 1040 1083 1071 Sicuti

119 1084 222 1116 Isaias
253 1084 314 1125 (56,
342 1084 394 1125 10)
424 1084 587 1115 maledicit
616 1094 711 1115 canes
742 1090 856 1114 mutos.
908 1083 971 1114 Sed
1003 1083 1083 1113 illud

120 1128 265 1167 apprime
299 1126 475 1158 tenendum
511 1132 578 1164 est,
620 1131 741 1157 vestem
774 1126 897 1157 Christi
931 1136 1081 1156 sonoram

119 1180 206 1207 esse,
237 1170 310 1208 quia
339 1170 406 1200 8013
429 1169 509 1200 fides
533 1179 614 1209 quae
637 1180 676 1200 ex
700 1169 812 1199 auditu
836 1169 992 1205 nascitur,
1024 1179 1083 1199 nos

119 1213 190 1244 eius
213 1213 335 1242 iustitia
355 1212 469 1242 induit.

205 1254 255 1285 36.
278 1254 389 1286 Facies
412 1255 538 1293 'insuper
560 1254 721 1284 laminam.
763 1254 834 1284 Non
859 1260 980 1285 temere
1004 1254 1083 1285 haee

119 1297 286 1337 inscriptio
310 1297 343 1327 in
366 1298 470 1327 fronte
493 1297 626 1333 locatur,
650 1302 687 1327 ut
709 1296 815 1335 palam
836 1297 984 1327 emineat.
1009 1297 1081 1327 Non

118 1340 205 1371 enim
235 1340 337 1371 solum
368 1340 434 1370 illic
467 1345 602 1370 testatus
625 1345 674 1369 est
697 1340 787 1370 Deus
811 1340 870 1369 sibi
896 1340 1022 1378 probari
1046 1350 1082 1370 ac

120 1388 249 1424 gratum
279 1393 348 1413 esse
378 1382 481 1422 legale
512 1382 742 1418 sacerdotium,
774 1382 857 1421 quod
887 1382 955 1421 ipse
985 1382 1082 1413 verbo

120 1436 177 1457 suo
201 1425 421 1456 dedicaverat:
453 1424 508 1455 sed
533 1425 630 1455 ctiam
662 1435 725 1454 non
749 1424 878 1455 aliunde
908 1425 1081 1464 petendam

119 1479 189 1499 esse
219 1468 435 1499 sanctitatem.
488 1467 577 1498 Haec
606 1467 707 1507 igitur
737 1467 799 1497 duo
824 1468 965 1498 notanda
994 1473 1080 1503 sunt,

119 1511 247 1551 placere
271 1511 340 1541 Deo
363 1509 579 1541 sacerdotium
602 1510 692 1540 cuius
716 1510 783 1549 ipse
803 1516 851 1541 est
870 1516 971 1547 autor,
996 1509 1082 1541 ideo-

119 1564 182 1594 que
212 1553 340 1584 sordere
370 1553 433 1584 alia
456 1553 575 1589 omnia,
609 1558 641 1583 et
664 1553 821 1583 reiectitia
849 1563 936 1589 esse,
970 1563 1081 1592 quam-

119 1596 198 1627 libet
227 1596 397 1636 magnifice
425 1595 601 1627 iactentur:
636 1594 751 1625 deinde
785 1600 879 1626 extra
913 1596 1081 1627 Christum

119 1649 178 1670 nos
201 1639 338 1679 pollutos
363 1648 440 1676 esse,
464 1648 640 1677 omnesque
663 1638 768 1669 cultus
793 1639 940 1669 vitiosos:
976 1644 1008 1669 et
1031 1644 1081 1669 ut-

118 1691 246 1721 cunque
268 1681 450 1721 praeclarae
473 1686 649 1720 appareant
672 1686 799 1711 nostrae
831 1682 981 1718 actiones,
1012 1691 1083 1711 esse

119 1728 226 1755 tamen
255 1724 399 1763 impuras
420 1729 452 1754 et
486 1730 664 1763 corruptas.
710 1724 798 1763 Ergo
832 1724 876 1754 sic
910 1724 943 1754 in
978 1724 1083 1754 fronte

119 1767 206 1798 unici
237 1772 268 1797 et
291 1767 438 1806 perpetui
462 1766 636 1797 sacerdotis
665 1765 762 1796 defixi
792 1774 948 1797 maneant
970 1777 1083 1797 omnes

118 1810 221 1841 nostri
244 1820 376 1846 sensus,
411 1816 446 1839 ut
469 1809 608 1839 sciamus
631 1808 670 1839 ab
694 1809 763 1848 ipso
794 1820 858 1839 uno
889 1809 1081 1839 munditiem

118 1853 151 1883 in
185 1856 286 1883 totam
321 1852 489 1883 eeclesiam
526 1861 666 1882 manare.
718 1851 791 1882 Huc
824 1852 986 1891 pertinent
1015 1852 1083 1883 eius

120 1894 232 1926 verba:
268 1895 406 1934 Propter
429 1904 483 1925 eos
502 1894 667 1925 sanctifico
691 1904 742 1924 me
765 1894 880 1933 ipsum,
904 1899 940 1925 ut
963 1895 1029 1925 sint
1052 1900 1083 1924 et

118 1937 179 1977 ipsi
202 1938 304 1968 sancti
327 1937 361 1967 in
386 1938 522 1967 veritate
545 1936 626 1977 (Ioh.
654 1937 701 1973 17,
726 1936 787 1977 19).
832 1936 923 1967 Idem
948 1938 980 1967 in
1007 1948 1082 1968 con-

119 1984 212 2011 textu
236 1980 335 2011 Mosis
359 1980 567 2019 exprimitur:
603 1979 701 2010 Feret
725 1980 857 2010 Aharon
881 1981 1081 2019 iniquitatem

119 2023 420 2059 sanctificationum,
440 2028 499 2053 etc.
545 2022 652 2053 Locus
671 2028 757 2052 certe
776 2023 923 2063 insignis,
947 2033 1008 2062 quo
1028 2023 1082 2053 do-

118 2075 228 2096 cemur
250 2065 332 2096 nihil
350 2076 368 2095 a
390 2065 482 2096 nobis
501 2065 657 2104 proficisci
677 2064 759 2104 quod
780 2066 848 2095 Deo
870 2065 1002 2104 placeat,
1022 2066 1082 2096 nisi

119 2108 356 2139 interveniente
387 2107 571 2138 mediatoris
602 2108 715 2147 gratia.
760 2107 844 2138 Nam
868 2108 920 2139 hic
949 2119 1012 2138 non
1044 2109 1083 2139 de

120 2151 301 2182 manifestis
331 2156 362 2180 et
396 2151 512 2181 crassis
542 2151 681 2190 peccatis
710 2151 831 2190 agitur,
863 2161 998 2190 quorum
1033 2161 1083 2181 ve-

121 2193 208 2223 niam
237 2198 360 2224 eertum
396 2198 444 2223 est
467 2203 531 2223 non
555 2203 647 2232 posse
671 2203 728 2223 nos
752 2193 814 2224 nisi
837 2204 893 2233 per
915 2193 1083 2224 Christum

123 2236 288 2275 consequi:
322 2235 377 2266 sed
411 2235 607 2266 oblationum
633 2241 818 2267 sanctarum
843 2236 999 2276 iniquitas
1023 2237 1082 2266 tol-

122 2276 216 2307 lenda
238 2284 269 2308 et
290 2278 461 2319 purganda
485 2279 546 2309 fuit
575 2288 632 2318 per
655 2278 864 2309 sacerdotem.
911 2278 1080 2319 Frigidum

123 2323 172 2349 est
203 2319 281 2350 illud
315 2327 546 2357 commentum,
581 2322 607 2351 si
641 2321 717 2360 quid
752 2322 870 2352 erroris
904 2321 1080 2352 admissum

124 2364 207 2391 esset
223 2361 257 2391 in
269 2364 485 2400 caeremoniis,
510 2364 679 2394 remissum
701 2364 798 2394 fuisse
817 2364 990 2395 sacerdotis
1011 2375 1081 2404 pre-

124 2402 222 2433 cibus.
266 2404 409 2445 Longius
439 2407 525 2436 enim
555 2407 714 2446 respicere
746 2417 803 2437 nos
833 2412 975 2446 oportet:
1011 2407 1082 2438 ideo

123 2444 320 2476 oblationum
352 2447 553 2487 iniquitatem
590 2448 689 2479 deleri
724 2459 742 2479 a
781 2449 962 2486 sacerdote,
1008 2451 1082 2489 quia

124 2487 215 2534 nulla
237 2487 359 2525 oblatio,
378 2496 534 2529 quatenus
568 2498 617 2522 est
640 2491 798 2529 hominis,
829 2502 961 2531 prorsus
993 2493 1081 2523 omni

124 2534 205 2560 Vltio
219 2534 318 2576 earet.
343 2531 438 2562 Dictu
458 2533 516 2564 hoc
533 2543 683 2573 asperum
703 2540 758 2571 est,
779 2539 811 2565 et
823 2535 890 2565 fere
905 2535 1080 2575 Ï€Î±Ïá½±Î´Î¿Î¾Î¿Î½,

124 2576 311 2603 sanctitates
333 2573 416 2611 ipsas
439 2585 506 2606 esse
529 2577 711 2607 immundas
730 2581 767 2607 ut
786 2577 880 2608 venia
898 2577 1079 2617 indigeant:

125 2614 181 2645 sed
204 2614 378 2644 tenendum
400 2621 455 2653 est,
478 2618 559 2649 nihil
583 2630 652 2650 esse
675 2625 739 2650 tam
764 2630 890 2659 purum,
911 2619 995 2660 quod
1015 2631 1079 2652 non

124 2655 246 2696 aliquid
269 2655 348 2686 labis
371 2667 389 2686 a
410 2658 499 2689 nobis
521 2662 698 2693 contrahat.
738 2661 829 2693 Sicut
852 2673 943 2702 aqua,
968 2673 1080 2703 quam-

198 2704 306 2731 Calvini
321 2713 412 2738 opera.
454 2708 509 2734 Vol.
526 2710 638 2737 XXIV.

809 225 1061 258 SECUNDUM
1084 225 1402 259 PRAECEPTUM.

2038 227 2103 258 434

1136 319 1184 349 vis
1207 329 1247 349 ex
1272 319 1404 359 limpido
1427 320 1517 351 fonte
1540 320 1644 350 nitida
1666 320 1844 356 hauriatur,
1869 319 1895 350 si
1915 323 2023 350 tamen
2043 330 2102 360 per

1136 368 1255 392 terram
1280 362 1415 393 lutosam
1440 367 1597 400 11308031,
1626 363 1783 399 inficitur,
1817 367 1849 393 et
1878 362 1998 401 aliquid
2031 367 2100 393 tur-

1136 403 1199 433 bidi
1234 404 1308 435 inde
1343 406 1458 435 trahit:
1494 405 1539 435 sic
1568 405 1646 435 nihil
1679 416 1736 444 per
1767 416 1800 435 se
1829 404 1907 435 adeo
1936 405 2098 435 sincerum

1135 445 1218 485 quod
1241 458 1303 477 non
1329 448 1420 479 vitiet
1442 448 1548 479 carnis
1572 453 1701 478 nostrae
1724 448 1879 486 contagio.
1921 447 2010 477 Nihil
2035 447 2099 478 Dei

1135 488 1222 518 cultu
1246 491 1479 528 praestantius:
1501 495 1532 520 et
1555 495 1661 520 tamen
1686 490 1767 520 nihil
1787 490 1901 520 offerre
1921 491 2025 529 potuit
2044 500 2098 530 po-

1135 530 1239 569 pulus,
1265 533 1359 562 etiam
1383 543 1401 563 a
1424 533 1495 572 lege
1518 533 1760 572 praescriptum,
1795 533 1856 563 nisi
1880 532 2098 564 intercedente

1135 573 1241 609 venia,
1265 585 1362 613 quam
1383 575 1510 605 nonnisi
1529 586 1586 615 per
1609 575 1807 606 sacerdotem
1830 575 1977 606 obtinuit.
2016 575 2098 606 Nul-

1136 616 1203 645 lum
1217 615 1309 646 hodie
1324 618 1391 647 Deo
1408 618 1530 657 gratius
1543 618 1734 648 sacrificium
1749 622 1806 654 est,
1832 628 1935 656 neque
1954 628 2098 657 unquam

1134 658 1204 693 fuit,
1229 659 1368 690 nominis
1387 660 1435 690 sui
1456 660 1676 690 invocatione:
1701 660 1783 691 sicut
1805 660 1873 700 ipse
1896 660 2098 699 pronunciat,

1135 700 1256 731 Invoca
1279 712 1330 731 me
1354 702 1385 731 in
1411 701 1460 732 die
1485 703 1676 739 afflictionis,
1700 702 1871 733 exaudiam
1896 707 1942 739 te,
1973 708 2006 733 et
2029 703 2098 733 lau-

1135 742 1206 773 dem
1232 743 1345 774 reddes
1374 744 1452 774 mihi
1482 744 1580 785 (Psal.
1613 745 1662 780 50,
1694 746 1758 785 15).
1812 744 1912 784 Atqui
1941 745 2098 776 sacrificia

1134 784 1238 816 laudis
1262 786 1422 825 apostolus
1446 786 1537 817 docet
1559 794 1633 818 tunc
1653 788 1782 818 demum
1802 787 1928 827 placere
1941 787 2019 825 Deo,
2043 788 2098 818 ubi

1135 828 1168 858 in
1191 828 1322 858 Christo
1346 829 1536 860 offeruntur.
1581 830 1751 861 Discamus
1774 840 1850 869 ergo
1874 835 1984 861 nostra
2007 830 2098 860 obse-

1135 870 1224 910 quia,
1259 870 1312 901 ubi
1347 872 1480 901 veniunt
1509 873 1543 902 in
1573 878 1780 912 conspectum
1809 873 1890 909 Dei,
1925 872 2098 912 iniquitate

1136 914 1296 952 permixta
1318 924 1396 951 esse,
1421 924 1501 953 quae
1516 925 1572 945 nos
1592 915 1650 945 Dei
1672 915 1788 946 iudicio
1801 915 1954 946 obnoxios
1973 915 2098 955 reddat,

1136 956 1198 986 nisi
1229 966 1265 986 ea
1295 955 1445 987 Christus
1476 957 1660 988 sanctificet.
1714 957 1753 987 In
1784 968 1910 988 summa
1934 957 2024 988 docet
2048 958 2099 989 1110

1137 998 1233 1036 locus,
1264 998 1417 1037 quidquid
1442 999 1597 1029 bonorum
1624 1010 1755 1039 operum
1787 999 1953 1030 studemus
1984 1001 2100 1032 offerre

1136 1041 1222 1076 Deo,
1252 1041 1329 1071 adeo
1360 1041 1441 1071 nihil
1466 1042 1582 1072 mereri
1606 1042 1776 1079 mercedis,
1805 1047 1842 1072 ut
1871 1043 1977 1082 potius
2007 1048 2100 1073 reatu

1137 1094 1195 1113 nos
1219 1084 1439 1123 obstringant,
1478 1085 1539 1115 nisi
1572 1085 1723 1115 sanctitas
1752 1085 1890 1121 Christi,
1925 1096 1986 1125 qua
2009 1086 2100 1117 Deus

1137 1126 1300 1165 placatur,
1332 1126 1461 1157 veniam
1490 1127 1553 1158 illis
1583 1128 1768 1166 acquireret.
1816 1127 1910 1166 Quod
1945 1128 2099 1159 continuo

1137 1174 1208 1208 post
1237 1179 1348 1199 rursus
1380 1169 1549 1203 asseritur.
1580 1170 1632 1200 ubi
1662 1170 1737 1200 dicit
1768 1170 1890 1205 Moses,
1925 1170 2099 1202 sacerdotis

1137 1211 1242 1251 gratia
1266 1211 1333 1241 tolli
1366 1218 1495 1250 peccata
1526 1213 1557 1242 in
1587 1213 1685 1243 sacris
1708 1212 1923 1243 oblationibus
1946 1213 1979 1243 in
2003 1213 2100 1244 bene-

1136 1254 1307 1293 placitum:
1332 1253 1391 1285 hoc
1415 1260 1471 1292 cst,
1496 1260 1530 1285 ut
1553 1260 1697 1285 statuant
1720 1254 1888 1285 Israelitae
1912 1254 2017 1285 Deum
2038 1256 2099 1286 sibi

1136 1296 1299 1336 placatum
1319 1307 1388 1327 esse
1408 1302 1440 1327 et
1460 1297 1644 1336 propitium.
1676 1297 1726 1328 De
1745 1298 1813 1337 ipsa
1826 1298 1917 1333 tiara,
1935 1308 2028 1337 quam
2044 1298 2098 1329 alii

1136 1339 1287 1373 cidarim,
1319 1339 1372 1369 alii
1396 1339 1541 1378 galerum
1566 1345 1697 1375 vocant,
1729 1351 1791 1370 non
1816 1340 1919 1370 liabeo
1943 1340 2027 1380 quod
2051 1341 2099 1371 di-

1136 1392 1221 1413 cam:
1243 1381 1339 1412 sicuti
1361 1392 1419 1413 nec
1438 1382 1471 1412 in
1493 1382 1618 1412 baltheo
1638 1382 1688 1412 vel
1708 1382 1838 1421 cingulo
1856 1383 2007 1414 subtilius
2027 1383 2099 1422 phi-

1136 1424 1297 1464 losophari
1321 1425 1406 1455 libet.

1222 1467 1272 1497 40.
1298 1467 1395 1497 Fzâ€˜lzâ€˜o's
1415 1470 1516 1497 autem
1536 1467 1673 1498 Allaron.
1700 1467 1902 1507 Separantur
1921 1468 2018 1498 etiam
2039 1468 2098 1499 filii

1138 1510 1269 1540 Aharon
1294 1521 1358 1540 non
1384 1515 1510 1540 tantum
1535 1521 1552 1540 a
1576 1510 1683 1549 vulgo,
1719 1510 1773 1540 sed
1798 1511 1894 1540 etiam
1919 1521 1938 1540 a
1960 1511 2097 1542 Levitis.

1137 1552 1313 1583 Rcsidebat
1344 1559 1450 1583 tamen
1481 1553 1512 1582 in
1544 1557 1610 1583 tota
1643 1553 1764 1583 familia
1798 1552 1968 1591 peculiaris
1992 1553 2097 1593 digni-

1137 1600 1194 1631 tas,
1220 1606 1258 1626 ex
1283 1606 1347 1634 qua
1370 1601 1479 1635 postea
1502 1606 1664 1625 successor
1683 1594 1841 1635 petendus
1861 1600 1939 1626 erat.
1963 1596 2006 1625 Et
2024 1596 2098 1635 quia

1138 1648 1231 1668 nemo
1255 1648 1339 1668 unns
1363 1638 1401 1668 ad
1425 1639 1532 1667 omnia
1555 1638 1701 1668 sufficere
1724 1643 1861 1677 poterat,
1895 1638 1981 1668 vices
2005 1643 2099 1669 013111

1136 1681 1220 1711 iuter
1244 1681 1329 1720 ipsos
1354 1681 1553 1711 distributae.
1590 1680 1675 1711 Hinc
1698 1681 1733 1710 fit
1757 1686 1790 1710 ut
1816 1680 1934 1717 tunica,
1958 1681 2097 1720 cingulo,

1134 1730 1166 1754 et
1190 1724 1272 1763 pileo
1297 1730 1454 1753 ornentur
1478 1724 1517 1753 ad
1541 1722 1675 1762 gloriani
1700 1728 1731 1753 et
1754 1722 1909 1754 decorem.
1946 1723 1995 1753 De
2018 1734 2098 1754 unc-

1135 1767 1222 1797 tione
1256 1766 1437 1797 videbimus
1470 1767 1571 1805 eapite
1604 1766 1760 1805 proximo.
1813 1765 1944 1804 Inipleri
1979 1776 2094 1797 manus

1135 1810 1302 1848 dicuntur,
1332 1808 1409 1839 dum
1433 1814 1585 1848 aptantur
1613 1808 1652 1838 ad
1676 1808 1886 1838 offerendum.
1931 1807 2095 1846 Quamdiu

1135 1852 1222 1882 enim
1247 1852 1399 1891 profanae
1422 1856 1499 1882 sunt
1522 1852 1617 1881 etiam
1642 1852 1672 1881 in
1693 1851 1834 1881 maxima
1862 1850 1951 1889 copia
1974 1860 2095 1882 vacuae

1135 1901 1324 1925 censentur:
1354 1895 1429 1933 quia
1459 1894 1580 1924 nullum
1614 1893 1682 1923 Deo
1713 1898 1877 1932 acceptum
1902 1897 1950 1923 est
1979 1904 2096 1925 munus

1136 1938 1195 1967 nisi
1228 1938 1296 1968 iure
1330 1936 1509 1967 sacerdotii.
1556 1936 1642 1976 Ergo
1671 1934 1837 1975 plenitudo
1866 1946 1905 1965 ex
1929 1945 2096 1966 conseera-

1136 1981 1230 2016 tione,
1260 1990 1322 2020 qua
1353 1981 1389 2010 tit
1420 1985 1454 2010 ut
1486 1978 1663 2009 oblationes
1694 1979 1754 2008 rite
1785 1980 1885 2009 factae
1914 1977 1952 2008 ad
1988 1977 2096 2009 Deum

1135 2023 1336 2062 perveniant.
1394 2022 1577 2052 Notandum
1614 2031 1689 2051 vcro
1723 2021 1806 2060 quod
1841 2024 1933 2059 pater
1964 2020 2097 2052 Aharon

1136 2076 1190 2096 eos
1215 2077 1275 2096 non
1301 2065 1488 2101 sanctificat,
1513 2064 1566 2094 sed
1592 2064 1716 2094 Moses:
1749 2068 1782 2093 ut
1811 2063 1859 2093 vis
1882 2063 1953 2102 ipsa
1975 2063 2028 2094 vel
2051 2064 2096 2094 efÎ‡

1136 2108 1238 2139 fectus
1260 2107 1482 2139 sanctificandi
1506 2112 1634 2137 maneat
1657 2116 1754 2145 penes
1778 2105 1893 2141 Deum,
1929 2116 2033 2145 neque
2056 2106 2096 2136 ad

1136 2151 1302 2181 ministros
1337 2151 1558 2181 transferatur.
1615 2148 1728 2179 Voluit
1760 2148 1857 2178 etiam
1891 2148 1971 2178 forte
2005 2148 2096 2180 Deus

1135 2204 1302 2225 occurrere
1316 2193 1531 2233 improborum
1552 2192 1733 2222 calumniis:
1754 2201 1794 2220 ne
1807 2190 1965 2229 quispiam
1986 2197 2096 2230 postea

1135 2236 1297 2273 obiiceret,
1328 2237 1461 2266 Aharon
1486 2235 1597 2265 fraude
1620 2239 1651 2264 et
1674 2233 1767 2263 malis
1791 2233 1914 2263 artibus
1940 2233 2096 2264 honorem

1135 2279 1195 2310 sibi
1219 2279 1276 2309 uni
1300 2279 1449 2310 collatum
1473 2277 1511 2307 ad
1536 2277 1617 2307 filios
1640 2286 1765 2316 quoque
1784 2275 1977 2313 extendisse,
2001 2281 2096 2316 atque

1133 2322 1180 2352 ita
1210 2322 1462 2352 haereditarium
1494 2320 1603 2350 fecisse
1632 2324 1758 2358 praeter
1788 2318 1839 2348 ius
1873 2322 1905 2348 et
1940 2317 1998 2348 fas.
2044 2319 2095 2350 Ab

1134 2364 1193 2395 hoe
1228 2365 1342 2404 probro
1377 2363 1531 2394 immunis
1564 2362 1636 2399 fuit,
1670 2371 1767 2400 quum
1804 2360 1933 2390 aliunde
1968 2360 2007 2390 ad
2043 2372 2095 2392 eos

1134 2408 1280 2447 pervenit
1314 2406 1454 2446 dignitas
1488 2404 1702 2435 sacerdotalis
1748 2403 1817 2433 Iam
1847 2407 1880 2433 et
1913 2402 1972 2434 hoc
2000 2403 2096 2434 modo

1133 2451 1255 2481 certius
1296 2450 1414 2480 reiecta
1453 2447 1513 2478 fuit
1548 2447 1647 2477 Mosis
1687 2446 1857 2485 posteritas
1892 2445 1931 2475 ab
1965 2455 2002 2476 03
2039 2456 2095 2486 spe

1133 2503 1228 2532 quam
1253 2493 1420 2531 concipere
1450 2494 1574 2530 poterat
1603 2499 1641 2519 ex
1677 2488 1775 2528 patris
1798 2488 1962 2518 memoria.
2007 2488 2096 2529 Ergo

1133 2536 1251 2571 Moses,
1286 2535 1369 2565 filios
1403 2533 1535 2564 Aharon
1570 2531 1743 2567 initiando,
1777 2541 1852 2561 suos
1885 2531 1918 2560 in
1948 2530 2094 2562 ordinem

1132 2579 1250 2617 coegit:
1286 2588 1324 2608 ne
1347 2587 1409 2617 qua
1432 2586 1485 2606 eos
1519 2574 1649 2604 ambitio
1683 2574 1716 2604 in
1740 2578 1905 2612 posterum
1940 2572 2093 2604 sollieita-

1133 2626 1191 2660 ret,
1227 2620 1278 2651 vel
1307 2625 1415 2650 ureret
1445 2628 1497 2649 eos
1526 2616 1666 2654 invidia,
1697 2626 1796 2655 quum
1828 2626 1862 2646 se
1885 2615 1957 2646 aliis
1980 2616 2095 2648 subiici

1133 2663 1290 2694 viderent.

1856 2707 1890 2733 23
