2304 3034
163 168 220 199 121

163 263 252 301 atqzoe
273 260 404 292 Aharon
425 261 466 292 ad
490 260 700 291 Pharaonem:
720 257 859 295 dixitque
881 256 922 286 ad
941 265 1006 286 eos:
1030 255 1078 285 Ite
1096 256 1123 285 ei

163 304 270 336 servite
293 303 422 335 Iehovae
451 302 517 334 Deo
545 304 650 333 vestro.
700 300 760 339 Qui
789 300 862 329 sant
891 298 945 337 qui
973 296 1122 328 abibunt?

163 348 192 379 9.
213 346 255 377 Et
271 347 316 377 ait
327 345 446 377 DIoses:
467 344 544 376 Cam
556 343 668 383 pueris
685 341 804 377 nostri&
825 344 853 372 et
869 350 938 371 cum
955 339 1125 371 senioribus

163 390 280 421 nostris
302 388 429 425 ibimus,
453 397 520 419 oum
547 386 623 425 filiis
652 384 765 416 nostris
792 385 819 414 et
843 382 972 421 filiabus
1002 382 1123 418 nostris,

164 444 232 464 eum
255 431 359 462 ovibus
381 431 511 467 nostris,
541 435 568 460 et
593 437 659 458 oum
688 425 836 458 armeniis
857 426 974 456 nostris
997 425 1124 455 ibimus:

164 476 238 514 quia
265 474 363 514 festas
392 474 457 504 dies
479 471 607 502 Iehovae
636 469 720 500 nobis
749 472 800 499 est.
849 468 897 499 10.
929 468 1016 498 Tunc
1044 467 1125 497 cluit

164 518 246 549 illis:
272 516 323 547 Iia
350 516 390 546 sit
413 515 524 545 Iehova
554 512 720 547 vobiscum,
755 514 786 541 za‘
816 521 868 541 vos
896 511 1065 547 dimittam,
1099 511 1126 540 et

159 559 310 600 parvulos
326 560 450 589 vestros.
492 556 602 592 Videte,
621 555 695 594 qaia
714 553 830 584 malum
850 555 893 583 est
909 562 1014 584 coram
1033 552 1124 583 votis.

167 604 215 634 11.
242 602 311 632 Non
334 601 394 632 sic.-
418 599 465 630 Ite
487 607 566 628 naim
587 597 664 629 viri.
696 599 722 626 et
744 596 854 626 servite
878 595 1021 626 Iehovae:
1050 595 1124 634 quia

164 656 217 677 vos
239 645 293 675 hoo
310 642 500 682 postulastis.
545 639 588 670 Et
610 639 695 670 eiecit
718 648 765 669 eos
788 649 807 668 a
828 639 908 677 facie
935 637 1123 669 Pharaonis.

252 729 279 760 7.
314 727 471 759 Dixerant
509 727 609 755 autem
642 724 723 754 servi
759 722 938 754 Pharaonis
971 723 1013 754 ad
1047 733 1124 753 eum

166 772 266 804 Paulo
289 774 363 801 ante
387 768 524 800 vidimus
548 776 749 798 communem
775 765 839 796 illis
863 765 963 796 fuisse
987 766 1125 796 obstina-

166 816 284 846 tionem
304 823 375 844 eum
396 821 469 850 rege
489 820 562 840 suo:
585 819 643 839 nec
663 809 793 839 dubium
811 813 859 839 cst
872 809 947 848 quin
962 808 1125 839 serviliter

165 856 324 889 adulando
346 854 448 893 magis
470 863 506 883 ac
529 852 631 892 magis
655 862 728 882 eum
752 851 1012 882 excaecaverint:
1040 862 1124 882 nunc

165 904 274 932 tamen
295 897 420 928 damnis
444 895 538 930 victi,
573 900 605 925 et
633 893 736 925 adhuc
769 894 910 924 deterius
941 893 1060 933 aliquid
1085 894 1123 923 ti-

164 948 302 978 mentes,
329 939 477 978 mitigare
500 938 568 968 eius
593 937 730 967 furorem
756 936 897 967 student.
944 936 1016 967 Non
1041 935 1124 975 quod

164 984 318 1016 redierint
340 982 401 1022 ipsi
424 979 464 1010 ad
487 989 597 1011 sanam
622 985 774 1015 mentem,
800 979 855 1010 sed
880 980 954 1019 quia
978 979 1124 1009 sentiunt

163 1037 261 1059 manu
275 1025 335 1057 Dei
359 1034 391 1055 se
415 1033 483 1054 esse
508 1023 618 1059 victos,
643 1032 701 1052 nec
725 1023 811 1053 vires
835 1022 873 1052 ad
899 1021 1122 1053 rebellandum

163 1074 340 1109 suppetere.
393 1066 504 1105 Itaque
539 1064 647 1096 dicunt
680 1065 809 1101 Mosen,
853 1065 952 1096 donec
987 1065 1124 1095 emissus

163 1112 273 1149 fuerit,
295 1110 362 1140 fore
384 1110 534 1148 Aegypto
559 1108 590 1138 in
614 1114 802 1147 perpetuam
828 1118 955 1138 noxam.
1002 1107 1123 1138 Vocem

162 1161 244 1197 wpm
263 1153 330 1184 sive
348 1151 507 1190 laqueum,
528 1150 595 1181 sive
616 1150 846 1181 offendiculum
868 1156 984 1186 vertas,
1009 1160 1123 1189 parum

160 1198 310 1228 interest:
351 1194 425 1233 quia
464 1193 684 1232 metaphorice
718 1194 844 1232 eapitur
884 1204 940 1233 pro
982 1193 1125 1232 quolibet

160 1238 327 1270 infortunii
351 1237 399 1267 vel
424 1236 532 1266 damni
556 1246 684 1276 genere.
721 1235 915 1276 Significant
936 1236 1036 1275 igitur
1059 1246 1121 1265 non

161 1292 230 1313 esse
253 1279 447 1320 sperandum
472 1279 629 1309 malorum
653 1279 760 1316 finem,
779 1279 930 1318 quamdiu
950 1278 1124 1309 contendet

160 1324 286 1356 Pharao
304 1332 375 1353 cum
390 1322 493 1352 Mose:
513 1321 587 1360 quia
608 1332 710 1351 noxae
729 1321 811 1352 aliae
835 1322 915 1352 alias
939 1326 1123 1360 sequentur.

163 1366 227 1399 Sed
246 1364 488 1405 interrogando:
513 1364 697 1403 Quousque,
723 1363 898 1394 admonent
918 1365 1002 1404 regis
1026 1365 1122 1403 perti-

161 1409 287 1440 naciam
312 1408 383 1448 plus
407 1408 484 1438 satis
503 1407 660 1437 hactenus
680 1407 867 1437 damnosam
888 1407 995 1437 fuisse.
1030 1405 1123 1438 Unde

162 1452 316 1492 colligunt
346 1449 427 1480 nihil
457 1450 523 1480 fore
554 1449 669 1480 melius
699 1460 793 1489 quam
817 1454 850 1480 ut
877 1450 990 1480 Mosen
1015 1448 1122 1488 expel-

163 1494 265 1532 lendo,
289 1504 322 1524 se
342 1504 360 1523 a
378 1493 490 1532 laqueo
510 1492 669 1531 expediat,
694 1492 746 1523 vel
770 1492 1000 1524 offendiculum
1026 1491 1121 1523 decli-

163 1543 230 1569 net:
262 1537 334 1576 quia
364 1536 491 1566 nonnisi
515 1535 687 1566 infeliciter
710 1535 877 1575 pugnabit.
920 1535 959 1566 In
983 1534 1125 1566 secunda

163 1584 253 1621 parte
292 1588 405 1610 versus
445 1577 642 1609 dissentiunt
675 1578 882 1618 interpretes.
939 1577 1124 1609 Chaldaeus

162 1622 389 1663 paraphrastes
409 1621 580 1661 negat-ione
598 1621 789 1661 interposita
810 1621 920 1652 vertit:
947 1622 999 1651 An
1019 1620 1125 1651 adhue

163 1666 266 1697 nescis
299 1664 382 1704 quod
422 1664 554 1703 perierit
588 1664 780 1704 Aegyptus?
822 1664 873 1695 Ad
910 1663 1045 1694 verbum
1080 1663 1125 1694 sic

163 1708 294 1748 legitur:
310 1706 360 1737 Au
375 1713 447 1737 ante
463 1706 567 1737 scire?
590 1706 655 1737 vel:
669 1708 755 1737 Ante
768 1717 862 1746 quam
876 1706 979 1737 scire?
1003 1706 1124 1737 Verum

163 1751 236 1791 quia
258 1750 438 1780 infinitivus
459 1749 620 1780 interdum
646 1760 701 1789 pro
725 1754 870 1789 tempore
894 1750 1002 1780 futuro
1025 1748 1124 1780 sumi—

164 1800 224 1830 tur,
249 1792 376 1823 videtur
398 1792 517 1831 optime
539 1802 652 1823 sensus
676 1793 834 1831 quadrare
858 1792 918 1823 hoc
941 1791 1050 1823 modo:
1071 1793 1123 1822 An

163 1841 238 1867 ante
269 1836 316 1866 vis
345 1844 535 1875 cognoscere
565 1836 663 1865 totius
691 1835 784 1875 regni
814 1835 998 1872 interitum,
1029 1844 1123 1874 quam

164 1879 203 1909 ab
226 1877 367 1908 infausto
390 1878 563 1908 certamine
587 1877 744 1908 desistas?
769 1888 805 1909 ac
829 1879 854 1908 si
879 1878 1037 1914 dicerent,
1063 1876 1123 1907 nisi

164 1932 239 1952 mox
262 1921 341 1951 iram
365 1919 426 1950 Dei
449 1930 467 1950 a
489 1931 522 1950 se
546 1925 678 1959 avertat,
703 1921 800 1952 nimis
824 1931 931 1951 serum
956 1925 987 1951 et
1009 1919 1124 1951 inutile

164 1964 257 2003 paulo
280 1968 349 2003 post
372 1963 438 1993 fore
460 1963 649 1993 remedium.

248 2006 276 2037 8.
301 2005 343 2036 Et
364 2006 505 2036 reductus
527 2008 578 2037 est.
625 2005 793 2037 Probabile
818 2009 883 2044 est,
904 2005 1016 2037 sedata
1038 2005 1124 2045 regis

164 2047 339 2085 iracundia,
360 2059 397 2078 ex
417 2052 546 2079 caterva
561 2049 714 2088 quosdam
728 2049 874 2080 celeriter
886 2049 985 2079 fuisse
998 2049 1123 2084 missos,

164 2092 218 2131 qui
245 2091 359 2122 Mosen
391 2091 500 2122 eadem
531 2091 611 2121 hora
645 2092 864 2128 retraherent,
899 2102 938 2122 ne
969 2090 1124 2130 postridie

166 2134 320 2164 accideret
350 2133 515 2165 calamitas
545 2144 563 2164 a
592 2134 682 2165 Mose
713 2132 916 2165 denunciata.
969 2134 1053 2164 Nam
1084 2144 1123 2163 ex

167 2177 252 2216 regis
270 2175 375 2207 verbis
394 2176 542 2216 colligere
562 2177 637 2208 licet
656 2187 719 2207 non
739 2188 870 2216 prorsus
889 2177 988 2208 fuisse
1004 2177 1124 2207 victum

169 2229 275 2250 eorum
300 2219 461 2258 precibus:
485 2219 538 2250 sed
562 2220 636 2259 quia
659 2219 787 2250 nolebat
810 2220 954 2260 praecise
977 2218 1125 2259 negando

170 2261 310 2291 omnium
334 2261 456 2292 animos
485 2262 661 2299 offendere,
692 2273 821 2302 passum
853 2262 950 2293 fuisse
980 2261 1125 2293 revocari

171 2303 292 2339 Mosen,
315 2308 351 2334 ut
373 2303 442 2335 illos
465 2304 592 2344 obliquo
616 2305 750 2336 artificio
773 2305 926 2336 eluderet.
962 2304 1016 2336 Sic
1038 2304 1125 2335 enim

172 2345 300 2385 tyranni
323 2346 425 2385 specie
447 2346 555 2378 fallaci
585 2358 737 2378 assensus
771 2348 925 2379 invidiam
957 2348 1125 2387 effugiunt.

172 2387 363 2418 Revolvitur
396 2393 502 2419 autem
536 2389 576 2421 ad
609 2391 782 2430 pristinum
822 2391 1009 2427 consilium,
1051 2390 1126 2420 dum

172 2429 277 2460 media
297 2430 444 2468 pactione
466 2442 538 2462 cum
562 2433 630 2463 Deo
653 2432 816 2469 decidens,
840 2434 900 2465 sibi
921 2443 1035 2464 cavere
1059 2432 1129 2463 vult

173 2472 212 2503 de
239 2472 347 2512 populi
375 2473 489 2504 reditu.
535 2476 680 2514 Apparet
710 2476 839 2515 quidem
869 2477 976 2516 ipsum
1004 2485 1129 2515 quoque

173 2515 272 2545 fuisse
306 2515 470 2551 territum,
500 2523 531 2547 et
562 2518 643 2548 viam
676 2520 848 2557 quaesiisse
878 2518 1026 2559 placandi
1050 2517 1128 2548 Dei:

174 2557 295 2587 interea
323 2564 429 2588 tamen
459 2559 547 2598 quasi
576 2561 693 2599 pacisci
724 2561 860 2592 liberum
891 2567 988 2595 esset,
1020 2559 1128 2591 condi·
1154 2595 1156 2600 Ι

174 2600 277 2630 tiones
300 2601 449 2639 proponit
467 2601 525 2632 sibi
545 2603 738 2634 commodas:
763 2605 845 2636 sicut
864 2604 1042 2645 hypocritis
1061 2613 1129 2633 mos

752 160 1119 196 COMMENTARIUS
1142 159 1191 191 IN
1213 159 1361 191 EXODI
1385 160 1482 192 OAP.
1504 160 1547 192 X.

2078 163 2137 193 122

1175 258 1223 284 est
1246 253 1329 285 velle
1351 265 1424 286 eum
1448 255 1517 286 Deo
1541 255 1587 286 sic
1611 255 1805 295 transigere,
1839 261 1873 286 ut
1903 255 2034 286 dimidia
2057 256 2136 287 iuris

1176 296 1225 327 sui
1249 301 1340 336 part-e
1361 297 1472 328 cedere
1496 302 1638 338 cogatur.
1673 298 1744 329 Etsi
1768 302 1875 329 autem
1899 302 2006 329 astute
2029 299 2136 330 scisci-

1177 343 1263 369 tatur
1287 340 1377 378 quasi
1398 339 1435 370 de
1458 351 1491 371 re
1515 340 1621 378 dubia,
1644 340 1738 372 facile
1757 345 1866 372 tamen
1887 341 2049 381 detegitur
2067 341 2136 372 eius

1176 381 1323 421 suspicio.
1367 382 1455 422 Ergo
1479 383 1561 422 quod
1585 383 1624 414 de
1647 383 1796 414 omnibus
1820 384 1881 415 sibi
1908 384 2048 424 praecipi
2071 394 2136 414 non

1175 424 1317 464 ignorat,
1341 425 1380 455 ad
1404 430 1525 464 partem
1550 426 1735 466 restringit,
1766 432 1797 457 et
1820 430 1927 457 tamen
1951 426 2081 457 simulat
2104 437 2137 457 se

1176 471 1340 506 praestare
1363 467 1444 506 quod
1469 478 1606 508 aequum
1630 473 1685 505 est,
1711 478 1747 499 ac
1770 468 1840 499 Deo
1862 470 2009 500 sufficere
2034 469 2136 500 debet.

1177 509 1320 540 Tametsi
1353 515 1458 540 autem
1493 521 1550 541 suo
1578 521 1732 551 responso
1760 511 1869 543 Moses
1904 511 2138 552 tergiversandi

1177 561 1287 582 ansam
1313 552 1410 582 libere
1433 553 1597 592 praecidit,
1620 564 1678 585 nec
1702 565 1774 585 eum
1795 554 1976 594 flexiloquis
1994 554 2136 594 ambagi-

1177 593 1236 624 bus
1268 594 1441 625 demulcet:
1474 594 1536 626 Dei
1568 602 1674 627 tamen
1705 596 1872 627 consilium
1904 597 1941 627 de
1973 597 2138 628 liberando

1177 637 1293 676 populo
1314 638 1495 677 supprimit,
1515 648 1579 669 non
1599 639 1682 678 quod
1703 639 1814 670 fallere
1834 639 1911 670 velit
1930 640 1980 670 vel
2000 640 2139 677 mentiri,

1177 679 1232 710 sed
1257 684 1291 710 ut
1314 680 1399 710 intra
1423 681 1596 712 vocationis
1620 691 1696 712 suae
1720 683 1800 713 fines
1819 692 1853 713 se
1875 683 2049 713 contineat.
2092 683 2139 714 Ac

1178 733 1217 752 ne
1252 722 1344 753 obiici
1379 723 1493 762 possit,
1536 724 1595 754 hoc
1628 723 1722 754 modo
1754 723 1889 756 subduci
1923 724 2087 755 Israelitas
2120 735 2139 755 a

1178 764 1321 805 legitimo
1355 765 1502 805 imperio,
1542 777 1603 796 non
1638 766 1833 803 dissimulat,
1874 768 1948 807 quia.
1981 767 2139 799 divinitus

1177 808 1241 838 sint
1266 807 1417 847 adoptati,
1441 807 1500 838 sub
1523 808 1584 838 alia
1607 809 1726 839 ditione
1750 820 1814 840 non
1838 820 1916 841 esse.
1958 809 2043 841 Suos
2062 820 2138 850 ergo

1177 849 1267 881 Deus
1290 851 1395 890 palam
1421 851 1558 890 reposcit
1581 862 1659 890 quos
1690 852 1788 882 semel
1810 852 1871 883 sibi
1894 851 2026 883 addixit.
2072 853 2140 884 Nec

1177 903 1253 923 vero
1288 892 1512 923 fraudulenter
1545 904 1617 924 cum
1653 899 1791 934 tyranno
1825 905 1920 935 agere
1959 895 2139 926 censendus

1176 941 1233 973 est,
1253 935 1400 975 quamvis
1419 935 1588 966 consilium
1608 948 1700 967 suum
1721 936 1760 967 ab
1779 937 1848 977 ipso
1861 937 1950 969 celet.
1982 939 2141 968 Armenta

1176 984 1208 1009 et
1238 988 1352 1018 greges
1383 978 1492 1008 ovium
1523 989 1630 1009 secum
1662 984 1821 1011 tracturos
1852 980 2017 1011 Israelitas
2053 980 2139 1019 dicit,

1176 1026 1212 1051 ut
1247 1021 1312 1051 sint
1346 1020 1384 1051 ad
1420 1031 1549 1051 manum
1593 1022 1741 1053 victimae
1776 1033 1853 1062 quas
1888 1023 2025 1053 offerant
2060 1024 2138 1054 Deo.

1176 1063 1344 1102 Quantum
1380 1063 1418 1093 ad
1454 1063 1534 1094 filios
1568 1069 1598 1094 et
1640 1065 1735 1101 filias,
1778 1065 1961 1096 subindicat
1994 1066 2137 1097 minimis

1176 1107 1272 1137 etiam
1292 1105 1471 1145 quibusque
1490 1106 1714 1138 celebrandum
1735 1118 1803 1138 esse
1817 1107 1900 1138 diem
1921 1108 2047 1147 festum,
2066 1109 2139 1148 quia

1175 1160 1287 1179 omnes
1312 1149 1399 1179 Deus
1423 1149 1481 1179 sibi
1506 1149 1666 1180 addixerit
1689 1149 1728 1180 ad
1752 1151 1880 1190 pietatis
1903 1151 2034 1182 cultum.

1263 1192 1311 1222 10.
1338 1191 1388 1221 Ila
1411 1192 1451 1222 sit
1476 1191 1586 1222 Iehova
1609 1192 1769 1223 vobiscum.
1818 1193 1920 1224 Miror
1948 1193 2051 1224 locum
2082 1203 2140 1233 per

1177 1246 1210 1265 se
1229 1234 1351 1265 clarum
1373 1234 1411 1264 ab
1431 1234 1659 1274 interpretibus
1683 1235 1839 1266 violenter
1859 1236 2011 1275 torqueri.
2058 1236 2138 1274 Qui-

1178 1277 1250 1308 dam
1275 1277 1320 1308 sic
1344 1276 1526 1307 resolvunt:
1561 1276 1686 1308 Vellem
1710 1277 1814 1308 Deum
1840 1288 1903 1309 non
1933 1278 2026 1309 aliter
2048 1279 2139 1310 vobis

1177 1321 1293 1357 favere,
1317 1330 1411 1358 quam
1438 1330 1494 1351 vos
1518 1319 1676 1350 dimittere
1700 1320 1778 1350 mihi
1802 1321 1834 1351 in
1858 1321 1965 1352 animo
1987 1326 2049 1352 est:
2084 1321 2139 1352 alii

1177 1374 1254 1393 vero
1284 1363 1356 1393 ficte
1387 1362 1555 1402 loquutum
1583 1367 1713 1402 putant,
1744 1374 1779 1394 ac
1803 1363 1830 1393 si
1854 1363 1923 1394 Deo
1945 1364 2030 1403 ipsos
2053 1375 2138 1395 com-

1177 1405 1308 1436 mendet
1340 1409 1509 1444 postquam
1544 1404 1756 1436 discesserint.
1800 1405 1873 1436 Non
1903 1406 2038 1437 referam
2070 1417 2138 1437 om-

1178 1449 1269 1479 nium
1299 1451 1494 1484 commenta,
1529 1458 1629 1487 neque
1663 1458 1741 1488 opus
1775 1452 1832 1479 est.
1884 1448 2042 1488 Equidem
2072 1460 2137 1480 non

1178 1490 1288 1522 dubito
1312 1491 1465 1522 ironicam
1490 1501 1557 1521 csso
1580 1490 1880 1528 subsannationem,
1910 1502 1973 1531 qua
2006 1492 2084 1531 ipsis
2107 1496 2138 1523 et

1179 1535 1247 1565 Deo
1271 1533 1366 1564 simul
1389 1533 1532 1570 insultat,
1557 1534 1644 1572 quasi
1669 1533 1804 1564 diceret:
1841 1533 1973 1565 Iactatis
1993 1534 2099 1565 Deum
2120 1545 2138 1565 a

1177 1582 1269 1616 parte
1293 1582 1400 1607 vestra
1424 1581 1521 1606 stare:
1558 1576 1587 1606 id
1619 1577 1816 1615 experientia
1845 1576 1994 1616 probabit
2024 1578 2049 1607 si
2080 1588 2137 1608 vos

1178 1619 1338 1650 dimisero.
1384 1618 1427 1649 Se
1450 1619 1549 1658 igitur
1575 1619 1772 1649 constituens
1799 1629 1958 1649 summum
1980 1620 2137 1650 arbitrum

1177 1662 1217 1693 ad
1242 1673 1295 1693 eos
1319 1661 1489 1697 arcendos,
1527 1666 1558 1691 et
1588 1660 1718 1691 vetandi
1749 1660 2001 1701 prohibendique
2031 1663 2137 1694 exitus

1176 1709 1367 1745 potestatem
1399 1704 1457 1735 sibi
1486 1714 1656 1743 arrogans,
1686 1704 1809 1734 deridet
1838 1715 1947 1735 eorum
1977 1704 2137 1743 fiduciam,

1177 1748 1259 1788 quod
1283 1747 1418 1777 liberum
1443 1757 1604 1786 egressum
1630 1746 1782 1785 petendo,
1813 1747 1843 1776 id
1874 1757 1907 1777 se
1936 1747 1997 1777 Dei
2028 1747 2136 1787 auspi-

1176 1791 1234 1822 ciis
1258 1796 1289 1821 ct
1313 1790 1463 1820 mandato
1486 1791 1588 1820 facere
1611 1789 1798 1819 obtendant:
1824 1789 1958 1828 perinde
1982 1800 2017 1820 ac
2041 1790 2067 1820 si
2092 1789 2136 1821 di-

1176 1838 1270 1869 ceret¹
1296 1840 1372 1863 tunc
1396 1833 1507 1862 merito
1531 1832 1724 1870 praetexetis
1747 1831 1902 1863 Iehovam
1927 1831 2052 1863 itineris
2077 1832 2135 1863 du-

1176 1887 1245 1908 cem
1270 1875 1358 1907 vobis
1382 1886 1458 1913 esse,
1483 1875 1544 1904 nisi
1570 1885 1623 1905 vos
1647 1874 1829 1914 impediet-0.
1853 1874 1924 1905 Hoc
1947 1875 2041 1905 modo
2065 1886 2136 1915 pro—

1176 1924 1266 1950 terve
1308 1918 1436 1949 lacessit
1467 1918 1569 1948 Deum
1604 1917 1715 1956 ipsum,
1750 1922 1782 1947 et
1814 1917 1932 1956 populo
1967 1918 2010 1948 ita
2044 1928 2136 1957 posse

1175 1961 1328 2002 opitulari
1342 1965 1446 2001 negat,
1470 1961 1546 2000 quin
1566 1959 1741 1990 resistendo
1761 1959 1969 1999 praevaleant
1988 1970 2064 1991 suae
2089 1960 2134 1991 vi-

1176 2016 1236 2035 res.
1283 2004 1333 2034 Ita
1358 2003 1491 2043 reprobi,
1520 2009 1686 2042 postquam
1708 2012 1814 2032 secum
1839 2002 2025 2033 tumultuati
2050 2006 2135 2040 sunt,

1176 2046 1338 2078 interdum
1362 2051 1509 2077 eructant
1535 2055 1688 2076 vesanum
1714 2044 1775 2075 Dei
1797 2050 2026 2085 contemptum,
2045 2046 2137 2085 quasi

1176 2091 1242 2121 sint
1272 2094 1384 2120 contra
1414 2089 1520 2119 omnia
1550 2087 1689 2127 pericula
1719 2086 1816 2127 probe
1847 2088 1977 2124 muniti,
2013 2092 2044 2118 et
2074 2087 2137 2119 Dei

1176 2132 1331 2164 auxilium
1362 2131 1442 2171 quod
1475 2131 1541 2162 suis
1571 2130 1715 2170 promisit
1748 2141 1805 2169 pro
1840 2129 1941 2160 nihilo
1973 2130 2136 2168 ducentes,

1177 2186 1288 2207 securo
1312 2174 1418 2205 rident
1441 2173 1514 2204 fidei
1537 2173 1785 2212 simplicitatem.
1814 2172 1851 2202 In
1876 2172 2015 2203 secundo
2038 2173 2137 2204 etiam

1177 2218 1321 2249 membro
1350 2228 1462 2248 versus
1491 2216 1610 2246 frustra
1632 2226 1702 2246 meo
1726 2214 1841 2245 iudicio
1865 2214 2011 2245 laborant
2033 2215 2137 2247 multi.

1177 2260 1317 2300 Quidam
1342 2260 1472 2290 eliciunt
1495 2259 1578 2289 hunc
1613 2267 1759 2289 sensum:
1790 2257 1914 2288 Malum
1939 2257 2022 2297 quod
2053 2258 2138 2299 cogi-

1178 2305 1252 2335 tatis
1276 2307 1422 2334 occurret
1444 2302 1549 2338 vobis,
1580 2311 1615 2331 ac
1645 2301 1677 2330 iu
1713 2300 1806 2331 facies
1836 2304 1960 2330 vestras
1986 2305 2137 2331 vertetur.

1179 2347 1244 2377 Alii
1265 2346 1377 2376 volunt
1399 2344 1642 2375 similitudinem
1662 2353 1730 2373 osse
1750 2353 1768 2372 a
1787 2352 1881 2382 scopo
1895 2342 2032 2379 ductam,
2052 2343 2139 2382 quod

1179 2389 1347 2420 Israelitae
1363 2387 1493 2418 nonnisi
1506 2386 1544 2416 ad
1564 2385 1755 2416 maleficium
1769 2389 1923 2424 spectent.
1947 2385 2017 2425 Ego
2030 2390 2138 2416 autem

1179 2443 1243 2463 non
1263 2431 1381 2467 dubito,
1402 2435 1570 2470 postquam
1590 2428 1651 2458 Dei
1670 2428 1830 2467 potentiae
1849 2429 1998 2467 opposuit
2010 2428 2138 2460 Pharao

1180 2476 1366 2515 tyrannicas
1386 2483 1460 2503 suas
1487 2471 1724 2511 prohibitiones,
1748 2470 1812 2500 iam
1836 2469 2014 2501 incutiendi
2038 2475 2136 2502 terro-

1180 2519 1223 2548 ris
1243 2527 1338 2548 causa
1358 2515 1482 2546 minari.
1509 2514 1595 2544 Dicit·
1611 2513 1711 2553 igitur
1734 2513 1854 2544 malum
1874 2513 1995 2543 instare
2008 2512 2139 2544 Israeli-

1180 2561 1236 2597 tis,
1269 2564 1301 2590 et
1327 2558 1416 2598 quasi
1441 2557 1561 2589 versari
1586 2561 1660 2586 anto
1683 2566 1792 2586 eorum
1815 2555 1939 2593 oculos,
1966 2556 2039 2595 quia
2063 2566 2140 2587 suae

1182 2602 1370 2633 temeritatis
1393 2611 1511 2641 poenas
1535 2610 1606 2629 mox
1631 2603 1706 2629 sunt
1738 2597 1852 2628 daturi.
1897 2597 1949 2628 Ita
1978 2598 2141 2638 significat
