2304 3034
99 187 160 218 677

353 277 417 309 EX
439 275 599 308 EODEM
622 273 798 306 OAPITE.

186 363 234 394 10.
266 363 364 402 Quum
377 361 530 393 mutuabis
541 359 687 400 proximo
700 361 751 389 tuo
772 358 891 398 aliquid
908 360 1057 393 mutuum,

100 416 159 437 non
189 405 371 446 inyredieris
398 405 518 435 domum
546 402 613 432 eius
641 404 673 432 ut
702 402 813 440 capias
836 401 954 440 pignus
983 401 1057 431 eius.

102 449 150 479 11.
186 448 279 480 Foris
300 447 451 483 subsistes,
473 448 501 476 et
521 445 571 475 vir
593 444 642 475 cui
664 443 821 474 mutuabit*
843 444 947 482 afferet
969 443 1011 474 ad
1034 445 1060 473 te

97 492 214 532 piynus
239 491 334 530 foras.
381 489 428 519 12.
471 487 556 526 Quod
582 487 612 518 si
639 487 689 517 vir
711 496 835 525 pauper
862 486 971 524 fuerit,
1001 495 1060 516 non

101 534 235 565 dormies
256 543 324 564 cum
346 532 473 571 piqnore
495 530 568 560 eius.
617 529 665 560 13.
702 529 897 559 Restituewdo
920 529 947 558 ei
975 528 1061 558 resti-

100 579 167 607 tues
190 576 306 615 pigmus
334 575 405 605 dum
430 572 475 603 sol
503 572 661 603 occumbit:
690 574 723 602 ut
749 571 884 601 dormiat
915 571 946 601 in
974 571 1061 601 resti-

99 621 195 650 mento
216 628 286 654 suo,
316 619 342 647 et
362 615 512 647 benedicat
534 614 606 645 tibi.-
634 614 750 654 eritque
772 613 826 644 tibi
844 614 878 645 in
907 613 1061 644 iustitiam

99 671 201 693 coram
224 659 334 691 Ielzova
354 658 421 690 Deo
443 660 500 688 tuo.

352 784 414 815 EX
438 783 602 815 EODEM
625 783 802 815 OAPITE.

183 871 231 902 17.
267 869 337 901 Non
355 871 510 909 pervertes
532 869 684 900 iudicium
700 868 821 908 pupilli
842 871 869 899 et
893 867 1061 907 peregrini,

97 925 157 946 non
182 913 285 953 capies
312 913 346 942 in
368 912 485 952 piqnus
515 912 727 943 vestimentum
749 912 869 942 viduae.
918 909 965 940 18.
1003 909 1062 939 Re-

98 957 222 989 cordare
242 955 321 994 quod
341 964 448 986 servus
471 954 572 993 fueris
604 955 635 985 in
666 954 819 994 Aegypto,
847 956 873 984 et
902 952 1063 984 redemerit

98 1002 124 1030 te
144 998 256 1030 lehova
280 997 370 1029 Deus
397 999 468 1028 tuus
495 997 584 1028 inde.-
618 997 731 1028 idcirco
753 996 915 1035 praecipio
947 994 1001 1025 tibi
1031 996 1063 1024 ut
1087 1007 1088 1032 3

98 1041 150 1073 hoc
168 1041 276 1081 facias.

181 1125 280 1156 Deut.
305 1125 360 1162 24,
392 1125 419 1155 6.
458 1124 528 1154 Non
549 1124 685 1162 accipiet.
731 1125 878 1154 Alteram
907 1133 992 1154 nunc
1015 1132 1064 1152 ae-

98 1169 251 1208 quitatem
263 1168 295 1198 in
314 1168 437 1198 ratione
459 1167 628 1197 mutuandi
643 1166 848 1197 commendat
870 1167 902 1196 in
922 1166 1063 1205 pignori-

101 1211 159 1242 bus
188 1209 373 1250 exigendis,
408 1209 462 1240 ubi
487 1219 582 1249 saepe
612 1209 698 1240 ultra
723 1209 854 1240 modum
884 1215 1064 1248 gravantur

100 1263 264 1294 pauperes.
310 1253 421 1283 Primo
444 1258 551 1283 autem
575 1252 642 1283 loco
664 1257 754 1282 vetat
777 1253 919 1291 accipere
938 1251 970 1281 in
995 1251 1064 1290 pig-

98 1306 160 1327 nus
198 1295 349 1335 quidquid
391 1295 429 1325 ad
477 1295 575 1325 vitam
616 1294 817 1325 tolerandam
867 1294 1064 1335 pauperibus

99 1339 314 1370 necessarium
338 1342 394 1368 est.
440 1337 523 1368 Nam
544 1338 576 1368 in
607 1336 738 1368 vocibus
768 1337 867 1368 catilli
891 1342 923 1367 et
950 1342 1063 1373 metae,

99 1380 152 1412 vel
173 1381 276 1413 molae
297 1380 471 1420 superioris
494 1386 527 1410 et
550 1380 727 1415 inferioris,
758 1390 815 1419 per
838 1378 1064 1420 synecdochen

99 1423 161 1454 alia
182 1434 306 1464 quoque
328 1423 543 1453 instrumenta
561 1422 716 1462 designat,
740 1423 855 1462 quibus
879 1421 918 1452 ad
943 1423 1064 1453 victum

99 1467 238 1507 quotidie
251 1465 470 1506 quaerendum
482 1475 591 1497 carere
604 1473 769 1504 nequeunt
781 1465 919 1505 opifices.
943 1464 1063 1503 Quem-

99 1508 272 1540 admodum
320 1509 346 1539 si
381 1508 451 1548 quis
498 1508 659 1548 agricolae
705 1515 866 1543 aratrum,
915 1507 1064 1547 ligonem,

98 1557 255 1588 rastrum,
288 1551 415 1590 aliaque
449 1556 656 1590 extorqueat,
687 1551 736 1581 vel
759 1551 920 1581 officinam
953 1552 1064 1581 exina-

99 1595 168 1625 niat
190 1594 317 1632 sutoris,
341 1595 408 1624 sive
427 1594 529 1633 figuli,
554 1593 623 1624 sive
643 1593 776 1624 alterius
795 1593 984 1632 cuiuspiam,
1011 1594 1064 1632 qui

99 1642 201 1668 artem
224 1647 317 1668 suam
340 1646 490 1667 exercere
514 1647 575 1667 non
599 1636 726 1676 poterit,
750 1636 977 1666 instrumentis
1000 1636 1065 1676 pri-

100 1685 212 1710 vatus:
235 1678 318 1719 quod
341 1679 420 1710 satis
443 1678 570 1709 elicitur
592 1689 633 1709 ex
647 1679 716 1718 ipso
728 1683 892 1715 contextu,
917 1679 971 1709 ubi
990 1678 1066 1709 sub-

99 1722 221 1753 iicitur:
245 1721 319 1753 Una
343 1732 416 1752 cum
436 1721 530 1752 molis
554 1721 696 1751 animam
719 1721 937 1761 oppignorari.
985 1721 1066 1752 Cru—

100 1764 181 1796 delis
203 1775 280 1804 ergo
303 1768 351 1795 est
374 1764 518 1804 quisquis
541 1764 574 1794 in
598 1765 717 1804 pignus
746 1764 845 1795 sumit
874 1763 957 1803 quod
988 1774 1066 1804 pau-

100 1808 184 1847 peris
207 1808 307 1838 vitam
331 1807 476 1844 sustinet,
500 1816 536 1837 ac
555 1806 582 1837 si
606 1807 727 1837 victum
750 1807 890 1847 eriperet
912 1807 1067 1844 famelico,

100 1849 241 1889 adeoque
271 1850 371 1880 vitam
402 1849 523 1888 ipsam,
553 1860 634 1889 quae
658 1856 693 1879 ut
718 1849 826 1880 labore
850 1849 991 1886 fovetur,
1022 1850 1067 1880 ita

101 1893 215 1924 ablatis
245 1892 359 1923 mediis
388 1892 547 1923 exciditur
569 1891 803 1931 quodammodo
826 1892 922 1922 etiam
947 1892 1023 1932 ipsa.

187 1935 235 1966 10.
277 1935 377 1974 Quum
404 1934 569 1965 mutuabis.
617 1935 762 1965 Alteram
797 1935 998 1974 iniquitatem
1033 1936 1065 1966 in

101 1977 256 2017 captando
290 1978 425 2017 pignore
455 1977 643 2017 compescit,
685 1987 725 2007 ne
758 1978 899 2008 creditor
935 1978 1066 2009 domum

102 2021 259 2057 excutiat,
283 2026 314 2050 et
337 2019 591 2060 suppellectilem
618 2020 727 2051 fratris
750 2021 816 2056 sni,
841 2026 876 2050 ut
899 2021 973 2051 inde
998 2022 1066 2061 pig-

102 2073 162 2093 nus
181 2073 237 2093 suo
260 2063 393 2093 arbitrio
418 2062 546 2102 deligat.
593 2062 676 2093 Nam
699 2063 726 2094 si
750 2062 844 2093 detur
867 2064 953 2102 optio
985 2064 1067 2094 divi-

103 2105 188 2136 tibus
211 2106 337 2142 avaris,
362 2105 451 2135 nulla
475 2105 695 2136 mediocritate
721 2106 863 2136 contenti
888 2107 921 2136 in
945 2107 1067 2146 optima

105 2157 244 2187 quaeque
266 2147 469 2185 involabunt,
493 2158 529 2178 ac
551 2148 577 2178 si
601 2149 756 2188 impetum
780 2148 922 2179 facerent
945 2150 978 2179 in
1003 2150 1066 2180 vis-

106 2199 177 2219 cera
213 2190 360 2230 inopum:
390 2196 473 2221 totas
504 2189 640 2229 denique
677 2190 788 2222 domos
815 2190 983 2230 diripient,
1016 2192 1066 2222 vel

104 2231 216 2262 saltem
244 2232 405 2264 fastidiose
437 2233 496 2264 hoc
526 2232 577 2263 vel
604 2233 684 2263 illud
708 2233 901 2273 respuendo,
930 2235 1066 2265 miseros

104 2283 219 2313 propro
251 2280 281 2305 et
309 2275 431 2315 pudore
465 2275 614 2306 afficient.
661 2276 732 2306 Non
768 2276 838 2306 vult
869 2287 945 2317 ergo
975 2277 1066 2308 Deus

105 2315 190 2346 aliud
212 2317 327 2356 pignus
351 2318 455 2359 exigi,
479 2318 540 2348 nisi
564 2318 647 2357 quod
667 2324 796 2358 sponte,
820 2329 878 2358 pro
901 2330 959 2350 sua
982 2329 1067 2350 com-

105 2357 271 2396 moditate,
311 2359 432 2392 debitor
470 2367 563 2391 extra
603 2361 733 2392 domum
771 2362 917 2400 proferet.
972 2362 1067 2394 Ultra

105 2401 203 2431 etiam
224 2403 441 2442 progreditur,
466 2414 505 2433 nc
526 2404 643 2443 pignus
663 2403 796 2443 recipiat
819 2403 958 2435 creditor
981 2405 1066 2445 quod
1091 2411 1092 2416 ¹

106 2444 238 2482 pauperi
261 2446 473 2476 necessarium
495 2456 563 2477 esse
593 2451 773 2487 cognoscet.
819 2447 970 2487 Exempli
992 2458 1066 2489 gra-

106 2486 160 2522 tia,
185 2487 209 2515 si
233 2485 395 2518 culcitram
418 2489 452 2518 in
476 2499 538 2528 qua
561 2488 693 2526 dormit,
718 2495 771 2519 aut
797 2494 917 2520 vestem
941 2497 1067 2531 stragu-
1091 2488 1092 2496 ¹

106 2527 187 2564 lam,
216 2532 271 2558 aut
292 2529 440 2568 pallium,
471 2531 520 2561 vel
551 2532 685 2562 mantile
709 2533 907 2572 oppignoret.
954 2533 1066 2573 Neque

106 2571 191 2600 enim
225 2579 359 2609 aequum
392 2578 440 2603 est
472 2573 602 2614 spoliari
638 2580 673 2605 ut
706 2575 827 2622 algeat,
860 2575 910 2605 vel
945 2576 1065 2615 privari

798 181 1019 213 OOTAVUM
1044 180 1364 213 PRAECEPTUM.

2014 183 2076 215 678

1109 274 1229 304 auferri
1248 285 1311 305 non
1335 279 1448 314 potest.
1494 274 1572 305 Ideo
1595 274 1727 305 additur
1749 276 1936 314 promissio,
1962 276 2076 307 huma-

1108 316 1243 347 nitatem
1266 317 1349 348 hanc
1372 317 1442 348 Deo
1476 322 1602 357 gratam
1640 317 1723 354 fore,
1757 328 1856 357 quum
1891 329 2014 358 pauper
2043 320 2075 350 in

1109 364 1199 390 veste
1223 360 1282 389 sibi
1307 359 1433 390 reddita
1455 359 1600 390 dormiet.
1637 360 1829 391 Distinctius
1849 368 1955 392 tamen
1976 361 2078 401 loqui-

1110 406 1178 432 tur:
1215 402 1391 433 Benedicet
1421 401 1479 432 tibi
1509 412 1643 442 pauper,
1672 403 1792 441 inquit,
1823 408 1920 443 atque
1951 404 1982 434 id
2017 404 2077 435 tibi

1110 444 1143 474 iu
1167 444 1322 475 iustitiam
1348 445 1558 485 reputabitur.
1605 445 1777 485 Significat
1800 451 1907 476 antem
1928 447 2017 477 Deus
2041 457 2075 478 se

1110 486 1262 517 exaudire
1281 487 1391 518 miseri
1407 492 1438 518 et
1451 488 1541 528 egeni
1559 487 1698 518 hominis
1714 493 1797 524 vota,
1822 500 1862 519 ne
1877 494 1965 528 putet
1987 489 2078 521 dives

1111 529 1272 569 perditum
1314 540 1384 561 esse
1433 530 1623 561 beneficium
1664 530 1746 570 quod
1787 531 1871 570 apud
1913 531 2076 563 homiuem

1112 572 1269 603 abiectum
1290 573 1471 603 contulerit.
1506 573 1587 603 Plus
1608 583 1703 612 quam
1724 578 1831 603 autem
1851 574 1945 604 ferrei
1965 585 2076 605 sumus

1112 615 1173 645 nisi
1199 614 1257 646 hoc
1280 615 1319 645 ad
1343 615 1567 646 liberalitatem
1592 626 1649 646 nos
1672 626 1848 656 propensos
1868 616 1996 653 reddat,
2022 617 2075 648 ubi

1112 657 1337 697 intelligimus,
1368 658 1516 697 quamvis
1547 658 1656 697 inopes
1687 658 1813 689 deficiat
1839 659 1972 689 facultas
1996 659 2077 691 bene

1112 699 1150 730 de
1179 700 1270 730 nobis
1294 700 1438 730 merendi
1462 700 1495 730 in
1519 700 1654 739 mundo,
1688 701 1806 731 hahere
1830 706 1938 732 tamen
1968 712 2076 733 coram

1112 742 1181 773 Deo
1199 741 1284 782 quod
1303 742 1395 773 nobis
1414 743 1607 782 rependant:
1631 754 1756 784 nempe,
1777 748 1811 774 ut
1830 744 1922 775 nobis
1940 745 2077 784 gratiam

1111 785 1282 816 concilient
1305 785 1373 816 suis
1396 785 1552 824 precibus.
1599 785 1718 817 Subest
1740 791 1848 817 autem
1871 787 1969 818 tacita
1992 797 2078 817 com—

1112 828 1262 863 minatio,
1297 827 1324 858 si
1353 827 1476 858 duriter
1508 827 1605 858 cubet
1638 838 1775 868 pauper,
1816 829 1867 860 vel
1905 830 1931 860 si
1962 830 2079 870 frigeat

1113 876 1222 901 nostra
1245 870 1355 910 culpa,
1380 870 1487 901 Deum
1511 870 1737 902 exauditurum
1762 872 1830 902 eius
1859 873 2015 912 gemitus,
2039 883 2080 903 ne

1112 913 1272 952 impunita
1290 918 1421 943 maneat
1440 918 1549 943 nostra
1561 913 1742 945 crudelitas.
1773 913 1869 953 Quod
1888 915 1914 945 si
1929 915 2079 956 ingratus

1113 955 1209 986 fuerit
1232 966 1354 995 pauper
1377 956 1426 986 cui
1458 956 1678 995 pepercimus:
1707 967 1743 987 eo
1772 962 1899 988 tacente
1927 957 2079 989 clamabit

1113 1003 1223 1029 nostra
1257 998 1470 1029 beneficentia
1511 997 1550 1028 ad
1585 999 1705 1029 Deum:
1746 1000 1840 1030 sicuti
1875 1010 2004 1031 rursum
2039 1000 2079 1031 ad

1115 1040 1351 1080 provocandam
1392 1040 1454 1071 Dei
1499 1040 1677 1071 vindictam
1714 1042 1851 1073 sufficiet
1889 1043 2080 1083 tyrannicus

1114 1089 1222 1114 noster
1246 1083 1349 1123 rigor,
1373 1083 1521 1123 quamvis
1541 1084 1741 1122 iniquitatem
1767 1086 1926 1124 patienter
1946 1085 2080 1116 devoret

1113 1126 1166 1165 qui
1201 1126 1346 1165 asperius
1380 1130 1537 1157 tractatus
1578 1126 1682 1156 fuerit.
1729 1127 1809 1157 Esse
1849 1127 1882 1158 in
1921 1128 2079 1159 iustitiam

1114 1168 1305 1199 tantundem
1337 1168 1422 1199 valet
1449 1179 1486 1199 ac
1516 1168 1586 1199 Deo
1615 1169 1756 1208 probari,
1783 1170 1833 1200 vel
1858 1175 1983 1209 gratum
2010 1181 2080 1202 esse

1114 1222 1131 1242 o
1157 1221 1204 1242 us.
1249 1211 1333 1241 Nam
1356 1221 1457 1250 quum
1481 1211 1560 1251 legis
1580 1211 1761 1242 observatio
1781 1222 1858 1243 vera
1881 1213 1922 1243 sit
1944 1213 2079 1250 iustitia,

1115 1222 1153 1285 idJ
1175 1254 1272 1284 etiam
1306 1254 1446 1294 elogium
1474 1254 1660 1284 extenditur
1690 1254 1730 1284 ad
1757 1254 1902 1294 singulas
1931 1256 2082 1287 obedien—

1117 1298 1179 1327 tiae
1203 1301 1318 1336 partes.
1364 1296 1558 1336 Quanquam
1586 1296 1763 1327 notandum
1787 1302 1852 1335 est,
1883 1297 1966 1329 hane
1990 1299 2080 1329 iusti-

1117 1341 1195 1370 tiam
1220 1339 1361 1369 defiuere
1383 1346 1414 1369 et
1437 1349 1644 1375 evanescere,
1677 1339 1739 1370 nisi
1763 1340 1907 1371 numeris
1932 1341 2081 1372 omnibus

1117 1381 1335 1421 compleamus
1366 1392 1574 1421 quaecunque
1603 1381 1693 1412 Deus
1723 1382 1887 1422 praecipit.
1933 1383 2082 1414 Iustitiae

1119 1424 1244 1465 quidem
1276 1434 1350 1464 pars
1373 1429 1435 1462 est,
1464 1424 1599 1455 reddere
1626 1424 1744 1464 pignus
1773 1435 1889 1465 egeno:
1918 1436 2031 1457 verum
2055 1426 2082 1457 si

1118 1467 1189 1507 quis
1213 1467 1245 1497 in
1269 1467 1326 1498 hac
1351 1472 1477 1497 tantum
1501 1471 1592 1507 parte
1617 1467 1777 1499 beneficus
1807 1468 1857 1505 sit,
1882 1468 1952 1499 aliis
1976 1468 2082 1500 modis

1119 1509 1292 1550 praedetur
1322 1520 1397 1540 suos
1426 1509 1560 1541 fratres:
1596 1510 1645 1541 vel
1679 1510 1706 1541 si
1736 1521 1835 1550 purus
1865 1510 1904 1541 ab
1938 1512 2084 1549 avaritia,

1119 1595 1323 1635 particularis
1354 1595 1489 1633 iustitia,
1516 1595 1664 1635 quamvis
1698 1606 1755 1635 per
1783 1606 1817 1626 se
1851 1596 1921 1627 Deo
1951 1597 2088 1636 placeat,

1119 1648 1184 1668 non
1209 1638 1316 1669 veniet
1344 1642 1453 1668 tamen
1479 1638 1510 1668 in
1535 1638 1703 1669 rationem.
1750 1639 1797 1669 Ac
1820 1639 1951 1669 omnino
1975 1645 2085 1670 tenen-

1119 1681 1193 1711 dum
1229 1685 1277 1710 est
1311 1680 1391 1710 illud
1427 1681 1569 1717 axioma,
1605 1681 1727 1711 nullum
1763 1691 1843 1720 opus
1875 1691 1982 1712 coram
2013 1682 2084 1712 Deo

1118 1723 1241 1754 censeri
1271 1723 1406 1760 iustum,
1437 1723 1499 1754 nisi
1530 1723 1707 1763 profectum
1738 1734 1756 1754 a
1786 1734 1866 1763 puro
1895 1730 1927 1754 et
1959 1725 2085 1764 integro

1120 1766 1264 1797 homine:
1296 1766 1459 1796 neminem
1489 1776 1567 1796 vero
1600 1765 1696 1797 talem
1725 1766 1868 1805 reperiri.
1913 1765 2007 1797 Unde
2035 1778 2084 1797 se-

1117 1809 1228 1848 quitur
1246 1819 1310 1838 non
1337 1808 1431 1839 aliter
1451 1808 1604 1848 imputari
1634 1819 1732 1848 opera
1757 1810 1790 1839 in
1822 1809 1993 1847 iustitiam,
2023 1809 2085 1840 nisi

1118 1852 1193 1891 quia
1217 1852 1306 1882 Deus
1330 1851 1439 1881 fideles
1463 1852 1605 1891 gratuito
1628 1852 1739 1882 favore
1758 1851 1918 1891 dignatur.
1965 1852 2028 1882 Per
2051 1862 2086 1883 se

1119 1894 1248 1934 quidem
1274 1904 1385 1923 verum
1410 1898 1510 1932 esset,
1540 1905 1765 1934 quamcunque
1789 1894 1987 1925 obedientiae
2010 1905 2084 1935 par-

1120 1943 1182 1967 tem
1204 1937 1272 1967 Deo
1292 1942 1503 1975 praestemus,
1523 1936 1554 1967 id
1575 1947 1632 1976 pro
1648 1937 1772 1967 iustitia
1792 1937 1948 1976 reputari:
1970 1947 2086 1976 nempe

1119 1980 1145 2011 si
1170 1985 1256 2010 totns
1280 1979 1364 2009 vitae
1387 1984 1557 2010 contextus
1580 1979 1786 2019 respondeat:
1817 1990 1927 2009 verum
1952 1989 1970 2009 a
1993 1979 2086 2011 nobis

1121 2022 1243 2052 nullum
1258 2032 1337 2061 opus
1350 2021 1457 2060 prodit
1476 2021 1559 2061 quod
1584 2032 1648 2052 non
1674 2022 1805 2052 vitietur
1824 2022 1928 2061 aliquo
1948 2021 2084 2053 defectu.

1120 2065 1170 2095 Ita
1205 2064 1243 2094 ad
1278 2064 1530 2095 misericordiam
1567 2064 1630 2094 Dei
1671 2063 1918 2104 confugiendum
1953 2070 2012 2101 est,
2050 2069 2086 2095 ut

1120 2107 1211 2138 nobis
1246 2106 1487 2143 reconciliatus,
1520 2117 1618 2146 opera
1651 2118 1774 2147 quoque
1811 2112 1922 2137 nostra
1955 2113 2086 2147 accepta

1120 2151 1244 2181 habeat.
1298 2149 1391 2187 Quod
1433 2149 1472 2180 de
1510 2150 1708 2189 pauperibus
1748 2156 1822 2180 ante
1870 2155 2085 2189 praeceperat,

1119 2193 1250 2223 tandem
1274 2192 1313 2222 ad
1337 2191 1422 2222 solas
1446 2191 1562 2223 viduas
1586 2193 1752 2222 transfert:
1777 2192 1822 2223 sic
1843 2197 1948 2222 tamen
1969 2198 2005 2222 ut
2025 2193 2085 2224 sub

1118 2245 1228 2266 carum
1264 2235 1391 2264 nomine
1425 2245 1535 2265 omnes
1573 2235 1686 2274 inopes
1726 2234 1937 2265 commendet.
1990 2235 2085 2273 Quod

1119 2285 1182 2309 tam
1218 2288 1257 2307 ex
1292 2277 1449 2316 principio
1483 2288 1613 2315 versus,
1648 2278 1700 2308 ubi
1735 2288 1773 2308 ex
1810 2276 1890 2307 bono
1925 2282 1957 2307 et
1983 2287 2083 2317 aequo

1118 2320 1278 2360 agendum
1313 2330 1381 2350 esse
1416 2319 1508 2351 docet
1544 2331 1614 2351 cum
1653 2320 1831 2359 peregrinis
1871 2323 1902 2349 et
1941 2320 2083 2360 pupillis,

1117 2373 1212 2403 quam
1236 2373 1275 2392 ex
1299 2364 1423 2392 ratione
1449 2362 1558 2392 addita
1580 2363 1757 2402 colligitur:
1783 2372 1914 2400 nempe,
1938 2367 1974 2392 ut
1996 2363 2083 2403 cogi-

1120 2412 1187 2436 tent
1217 2416 1250 2435 se
1277 2415 1387 2435 servos
1417 2404 1515 2435 fuisse
1545 2405 1577 2435 in
1610 2411 1695 2435 terra
1727 2405 1877 2445 Aegypti.
1931 2404 2083 2437 Conditio

1118 2449 1203 2479 enim
1228 2448 1282 2477 illa
1305 2458 1367 2477 non
1393 2447 1586 2486 patiebatur,
1611 2454 1647 2478 ut
1670 2448 1794 2478 miseris
1822 2446 1959 2487 superbe
1981 2448 2082 2479 insul-

1120 2496 1240 2522 tarent:
1270 2496 1300 2519 et
1331 2496 1582 2520 consentancum
1611 2498 1674 2528 est,
1704 2490 1835 2520 alterius
1863 2489 1955 2520 malis
1978 2491 2082 2531 magis

1119 2533 1200 2564 affici
1230 2532 1284 2571 qui
1315 2531 1425 2562 eadem
1457 2539 1610 2571 expertus
1637 2538 1693 2562 est.
1740 2532 1841 2562 Porro
1865 2542 1962 2571 quum
1987 2543 2083 2573 gene-

1120 2576 1193 2606 ralis
1226 2576 1268 2606 sit
1302 2574 1379 2605 haee
1409 2575 1505 2611 ratio,
1537 2575 1685 2611 generale
1720 2585 1843 2613 quoque
1875 2582 2082 2615 praeceptum

106 2612 178 2643 aliis
200 2612 358 2650 subsidiis,
381 2625 515 2654 quorum
534 2627 613 2648 usus
636 2617 704 2648 sine
728 2623 851 2648 iactura
870 2624 900 2648 ct
920 2618 1067 2650 molestia
1091 2615 1093 2655 ζ
1118 2629 1187 2650 esse
1210 2622 1352 2657 apparet,
1376 2622 1412 2647 ut
1436 2617 1568 2647 humani
1587 2618 1651 2648 siut
1675 2628 1751 2656 erga
1775 2616 1932 2656 quoslibet
1955 2629 2083 2659 egenos.

1829 2667 1878 2693 43*
