2304 3034
54 207 116 239 645

331 292 395 324 EX
419 290 564 322 EXODI
586 288 701 320 XXII.
716 288 738 330 ¹)

142 377 180 408 19
192 377 227 419 2).
260 377 407 416 Quisquis
431 374 618 408 concubuerit
648 383 717 404 eum
743 373 887 410 animali,
917 376 1010 404 morte

54 421 214 451 moriatur.

361 585 423 616 EX
446 584 596 615 LEVIT.
620 584 698 615 XX.

140 672 187 704 13.
212 671 386 711 Quicunque
403 670 505 701 coierit
523 679 590 700 cum
610 669 745 701 masculo
762 670 841 700 coitu
859 669 1008 706 mulieris,

54 715 303 747 abominationem
316 713 451 752 fecerunt
462 712 563 743 umbo:
583 715 674 743 morte
686 713 862 750 morientur,
880 712 1008 752 sanquis

52 768 155 789 eorum
175 766 267 796 super
287 765 343 786 eos.

308 925 370 955 EX
392 924 555 956 EODEM
579 923 751 955 OAPITE.

138 1010 185 1042 15.
221 1009 257 1040 Si
289 1010 360 1049 quis
392 1009 528 1040 intulerit
557 1010 667 1040 coitum
694 1019 784 1041 suum
813 1010 846 1040 iu
876 1009 1007 1045 brutum,

51 1053 202 1085 moriendo
237 1053 396 1089 morietur,
433 1055 460 1083 et
496 1053 660 1083 iumentum
695 1052 844 1083 occidetis.
892 1052 939 1083 16.
974 1052 1010 1082 Si

51 1096 162 1127 mulier
189 1096 344 1126 accesserit
367 1095 408 1125 ad
430 1105 525 1125 uuum
549 1094 668 1125 animat
689 1095 731 1126 ad
753 1094 920 1126 coeundum
942 1105 1010 1125 cum

51 1149 99 1179 eo,
127 1138 241 1170 occides
263 1138 421 1169 mulierem
444 1140 469 1167 ct
498 1137 631 1175 animal,
656 1138 811 1168 moriendo
833 1138 1008 1174 morientur,

51 1191 178 1222 sanquis
199 1191 302 1212 eorum
324 1190 416 1220 super
438 1190 495 1211 eos.

135 1265 299 1296 Discimus
318 1276 357 1296 ex
376 1265 426 1295 his
446 1265 522 1296 locis
547 1276 611 1295 non
630 1270 757 1296 tantum
781 1265 819 1296 ab
844 1265 1009 1297 adulteriis

49 1307 247 1347 prohibitum
270 1308 368 1338 fuisse
392 1308 560 1348 populum,
585 1307 640 1338 sed
665 1319 682 1338 a
705 1309 836 1349 flagitiis
861 1309 1009 1339 omnibus

50 1360 131 1390 quae
154 1355 301 1390 pugnant
324 1361 395 1381 cum
421 1351 490 1390 ipsa
514 1356 647 1381 naturae
671 1351 873 1382 verecundia.
910 1352 1009 1382 Porro

50 1403 111 1433 quo
142 1393 245 1433 magis
274 1393 470 1424 detestabilis
494 1393 536 1424 sit
559 1393 662 1424 omnis
686 1394 895 1433 impudicitia,
927 1394 1006 1425 duas

50 1435 249 1476 prodigiosae
274 1435 415 1466 libidinis
433 1436 555 1475 species
574 1442 811 1474 commemorat,
832 1447 870 1466 ex
894 1437 1010 1476 quibus

50 1481 155 1518 patet,
188 1477 264 1508 dum
294 1479 353 1509 sibi
378 1478 524 1509 homines
557 1478 727 1519 indulgent
758 1479 788 1509 in
825 1479 883 1509 hac
906 1484 1006 1519 parte,

51 1520 125 1560 plus
146 1530 241 1560 quam
266 1520 405 1551 belluino
428 1521 552 1560 impetu
575 1521 614 1551 ad
639 1532 671 1552 se
695 1520 831 1551 nefando
856 1521 1008 1552 dedecore

51 1562 223 1594 foedandos
259 1564 336 1603 rapi.
382 1563 516 1594 Belluae
549 1564 632 1594 coitu
671 1564 809 1594 naturali
841 1570 1009 1595 contentae

52 1610 147 1636 sunt:
189 1605 359 1637 discrimen
396 1607 503 1645 itaque
537 1606 596 1637 hoc
637 1606 676 1637 ab
720 1606 850 1637 homine
885 1607 1009 1637 ratione

51 1647 194 1687 praedito
228 1648 379 1679 confundi
417 1649 513 1679 nimis
544 1648 711 1688 indignum
742 1654 800 1679 est.
846 1649 1008 1688 Quorsum

52 1690 138 1721 enim
157 1690 310 1721 iudicium
330 1696 360 1722 et
380 1690 581 1731 intelligendi
600 1691 744 1729 facultas,
764 1692 827 1722 11151
851 1697 884 1722 ut
909 1693 1010 1723 maior

51 1732 86 1763 in
115 1733 206 1764 nobis
237 1744 332 1773 quam
362 1734 395 1763 in
420 1734 524 1764 brutis
548 1734 739 1764 animalibus
770 1734 878 1774 vigeat
907 1735 1009 1765 conti-

51 1775 182 1805 nentia?
210 1775 366 1806 Horribili
386 1777 484 1817 igitur
504 1776 597 1806 modo
613 1782 800 1808 excaecatos
816 1788 885 1807 esse
909 1788 1010 1817 appa—

50 1821 101 1848 ret
118 1818 173 1857 qui
195 1828 228 1849 se
251 1818 295 1848 ita
317 1819 468 1858 probrose
491 1819 722 1856 contaminant,
742 1819 1010 1858 quemadmodum

54 1859 130 1890 dicit
159 1860 280 1892 Paulus
304 1860 410 1902 (Rom.
444 1862 470 1898 1,
501 1861 564 1902 28).
600 1862 698 1892 Varia
727 1866 835 1892 tamen
866 1868 1011 1893 monstra

52 1907 179 1942 praeter
198 1908 347 1934 naturam
366 1905 562 1945 excogitavit
581 1904 722 1934 libidinis
746 1904 850 1935 furor:
874 1916 1010 1944 quornm

53 1945 184 1976 nomina
199 1946 324 1985 sepulta
342 1956 411 1977 esse
431 1952 622 1987 praestaret:
647 1947 709 1978 nisi
732 1946 815 1986 quod
840 1947 929 1978 Deus
952 1959 1012 1987 pu-

55 1986 158 2019 denda
181 1995 387 2019 monumenta
411 1996 541 2020 exstare
564 1989 703 2020 voluerit
730 2000 811 2029 quae
836 1996 956 2020 metum
980 1996 1011 2021 et

55 2028 218 2060 horrorem
256 2032 347 2062 nobis
381 2032 572 2063 incuterent.
619 2032 763 2062 Tandem
800 2043 836 2062 eo
867 2034 1013 2072 prorupit

56 2070 274 2112 intemperies,
308 2078 344 2104 ut
372 2074 517 2105 homines
547 2074 587 2105 ad
618 2075 792 2115 imaginem
821 2075 880 2105 Dei
903 2076 1011 2112 creati,

57 2117 122 2144 tam
143 2116 205 2146 viri
228 2126 325 2156 quam
358 2117 496 2148 feminae
526 2117 629 2148 brutis
652 2128 685 2148 se
718 2117 913 2148 animalibus
936 2118 1012 2148 mis-

59 2162 174 2187 eei-ent.

143 2200 248 2231 Levit.
274 2201 321 2239 18,
353 2202 402 2232 24.
438 2202 485 2232 Ne
503 2202 698 2241 polluamini.
746 2203 858 2233 Veteri
883 2212 1014 2242 prover-

743 203 980 236 SEPTIMUM
1013 202 1330 234 PRAECEPTUM.

81 2352 83 2355 Ι
129 2318 156 2350 1)
179 2319 281 2346 Abhinc
304 2329 401 2353 mayna
426 2325 464 2347 est
482 2321 668 2354 discrepantia
692 2322 763 2347 inter
787 2322 950 2353 eoeemplaria
977 2322 1015 2346 la·
1041 2313 1042 2346 ἶ

62 2355 122 2377 ima
144 2355 168 2378 et
189 2356 332 2380 versionem
354 2356 478 2388 gallicam
501 2356 591 2389 quoad
609 2355 728 2380 ordinem
745 2357 940 2388 pericopurum.
978 2357 1014 2381 In
1041 2354 1042 2377 1

62 2385 112 2411 hac
138 2387 205 2412 enim
231 2390 311 2414 series
333 2390 371 2415 ita
397 2391 582 2415 constituam:
612 2390 672 2414 Lev.
700 2390 739 2422 18,
765 2389 797 2415 22
821 2397 870 2419 35.;
900 2390 940 2420 19,
968 2390 1011 2422 29;

63 2419 141 2445 Dent.
159 2420 199 2451 23,
224 2422 268 2454 18;
292 2423 355 2448 Lev.
376 2424 415 2451 13,
436 2424 480 2455 193
507 2425 548 2456 15,
575 2424 587 2448 l
608 2432 641 2448 ss.
661 2427 684 2448 et
704 2424 780 2449 Dent.
800 2424 840 2451 22.
860 2424 907 2455 :303
936 2425 1011 2449 Dent.
1040 2441 1042 2454 ‚

62 2453 104 2485 25,
124 2454 155 2478 11
183 2463 234 2488 sq.;
258 2456 298 2489 22,
323 2457 368 2488 123
396 2458 436 2487 22,
462 2458 491 2489 ὃς
520 2459 567 2483 Ex.
592 2458 634 2490 22,
662 2458 692 2483 19
712 2463 738 2483 et
758 2459 820 2483 Lev.
839 2457 882 2489 20,
908 2458 939 2484 13
958 2467 1014 2491 sq.;
1040 2464 1041 2480 1

62 2488 125 2513 Lev.
144 2488 184 2519 20,
202 2489 234 2514 10
251 2495 278 2516 et
295 2492 371 2517 Dent.
391 2492 431 2519 22.
451 2492 483 2517 22
502 2501 549 2522 55.;
575 2493 636 2518 Lev.
658 2492 696 2523 19,
716 2492 750 2518 20
767 2500 822 2525 sq.;
840 2492 882 2522 20,
904 2493 949 2523 183
969 2493 1011 2525 20,
1040 2492 1041 2507 ¹

63 2521 95 2546 11
114 2530 146 2547 ss.
167 2522 199 2547 19
216 2532 262 2555 ss.3
285 2525 332 2550 Ex.
351 2526 390 2555 22,
415 2526 454 2552 16.
475 2526 513 2551 17.
538 2527 578 2557 21,
602 2527 616 2551 7
636 2536 667 2553 ss.
713 2528 790 2552 Dent.
810 2526 850 2558 24,
876 2527 905 2559 ὃς
935 2528 1012 2552 Num.
1039 2528 1041 2548 ἶ

61 2555 88 2595 5,
110 2556 141 2581 11
160 2564 209 2588 ss.;
232 2558 305 2584 Dent.
324 2559 364 2593 22,
389 2561 420 2586 13
439 2570 486 2592 55.;
510 2560 551 2592 24,
571 2561 584 2586 1
604 2570 636 2586 ss.
676 2562 722 2588 Ita
746 2561 814 2587 nihil
838 2561 946 2587 omnino
970 2562 1013 2587 cle-
1039 2549 1041 2588 1

62 2590 205 2616 ειάενσίαν.
1038 2589 1040 2613 l

148 2623 176 2655 2)
193 2624 273 2650 Hebr.
292 2625 331 2652 18.

1961 203 2022 234 646

1062 287 1113 318 bio
1144 287 1276 321 dicitur.
1307 298 1346 317 ex
1377 287 1469 317 malis
1499 285 1641 317 moribus
1675 290 1769 318 natas
1799 288 1896 318 fuisse
1920 287 2022 318 bonas

1062 330 1163 369 leges:
1198 330 1257 360 hae-
1285 339 1382 360 cansa
1411 340 1445 360 se
1474 329 1582 360 induci
1616 328 1764 360 admonet
1799 329 1888 361 Deus
1922 334 1957 360 ut
1981 329 2021 360 de

1061 373 1157 402 rebus
1176 372 1292 412 alioqui
1311 371 1412 402 foedis
1430 378 1459 402 et
1479 371 1626 402 nefandis
1646 371 1765 402 diserte
1788 373 1887 403 verba
1910 372 2018 402 faciat:

1061 420 1211 454 portenta
1248 415 1333 445 enim
1371 424 1505 453 quorum
1541 414 1701 447 meminit,
1733 419 1862 445 aeterno
1892 414 2019 445 silentio

1062 457 1199 496 tegenda
1228 462 1335 493 erant,
1366 457 1428 487 nisi
1451 462 1578 496 cogeret
1602 457 1772 487 necessitas
1797 468 1834 487 ea
1858 457 1890 487 in
1914 457 2017 487 lucem

1061 500 1210 538 proferre.
1244 499 1368 529 Verum
1388 499 1461 538 quia
1480 509 1619 538 eousque
1638 499 1784 530 licentiae
1804 502 2019 539 proruperant

1061 547 1170 581 gentes
1191 542 1359 578 Chanaan,
1381 546 1416 572 ut
1438 541 1583 581 prodigia
1602 551 1683 580 quae
1704 541 1817 571 melius
1838 542 2019 580 latuissent,

1061 594 1213 624 perverso
1240 595 1299 614 usu
1328 584 1425 613 nimis
1448 583 1652 614 familiariter
1674 589 1781 614 essent
1803 584 1939 623 cognita,
1962 594 2018 624 po-

1061 626 1172 665 pulum
1203 637 1295 657 suum
1326 626 1476 657 admonet
1500 626 1589 657 Deus
1613 631 1647 656 ut
1670 626 1728 656 sibi
1752 634 1864 657 caveat
1888 626 1927 657 ab
1949 626 2017 656 exi-

1061 669 1188 699 tialibus
1211 669 1373 708 exemplis.
1413 669 1522 699 Primo
1545 679 1641 708 quum
1666 669 1741 699 dicit
1764 669 2019 700 abominationes

1059 711 1130 741 illas
1149 711 1248 741 fuisse
1271 719 1432 751 grassatae
1452 711 1485 740 in
1509 711 1666 750 gentibus,
1690 711 1849 751 significat
1873 711 1950 741 nihil
1977 711 2017 741 ad

1060 754 1296 784 excusationem
1318 753 1425 783 valere
1449 753 1567 783 malam
1590 753 1865 790 consuetudinem,
1888 754 1953 784 imo
1978 764 2017 783 cx

1061 795 1185 835 publico
1219 805 1375 826 consensu
1409 795 1491 825 male
1531 796 1639 835 quaeri
1675 796 1886 836 patrocinium
1921 796 2017 827 vitiis.

1062 838 1182 868 Verum
1214 848 1276 877 (1110
1306 837 1421 868 melius
1450 837 1489 867 ab
1514 838 1691 869 imitatione
1715 838 1882 874 deterreat,
1905 839 2018 869 statuit

1061 886 1133 910 ante
1163 881 1269 911 oculos
1299 890 1394 919 quam
1419 880 1507 910 Dens
1531 886 1717 920 sumpturus
1740 885 1810 912 erat
1832 880 2019 912 vindictam.

1061 923 1182 953 Verum
1204 922 1333 962 quidem
1352 927 1399 952 est
1423 923 1494 953 aliis
1517 922 1683 953 decausis
1707 923 1838 963 populos
1862 923 2021 954 Chanaan

1061 966 1157 995 fuisso
1177 965 1305 1002 deletos,
1330 965 1383 995 sed
1408 964 1493 995 inter
1513 965 1592 995 alias
1615 976 1678 996 non
1702 966 1821 996 frustra
1844 966 1927 996 hanc
1950 976 2021 1005 pro-

1061 1008 1167 1048 ponit:
1188 1007 1260 1047 quia
1284 1007 1368 1038 haud
1388 1007 1483 1038 dubie
1502 1007 1620 1038 talibus
1643 1008 1896 1048 inquinamentis
1919 1008 2020 1038 offen-

1061 1061 1116 1081 sus
1140 1050 1244 1080 fuerat
1268 1050 1364 1080 Deus.

1146 1093 1195 1123 26.
1224 1092 1283 1123 Vos
1301 1102 1369 1131 erqo
1391 1092 1542 1122 custodite.
1578 1091 1641 1122 Hic
1664 1092 1806 1131 gentium
1832 1093 2023 1133 corruptelis

1062 1135 1164 1175 legem
1203 1145 1293 1165 suam
1324 1134 1464 1174 opponit.
1518 1133 1674 1165 Snfficere
1704 1134 1831 1174 quidem
1867 1135 1904 1165 ad
1935 1136 2021 1175 ipsos

1063 1177 1253 1208 erudiendos
1287 1182 1411 1216 poterat
1445 1176 1526 1215 quod
1562 1186 1649 1207 nunc
1678 1177 1809 1216 protulit
1839 1178 2023 1208 severitatis

1063 1220 1262 1259 exemplum:
1287 1229 1349 1259 quo
1368 1223 1475 1249 tamen
1496 1229 1548 1249 005
1571 1219 1677 1250 acrius
1695 1224 1818 1259 urgeat,
1848 1220 1943 1250 simul
1968 1219 2023 1250 ad-

1062 1263 1167 1302 iungit·
1180 1263 1264 1292 viam
1280 1262 1343 1292 illis
1366 1262 1400 1292 in
1423 1261 1493 1301 lege
1516 1265 1688 1298 ostensam⁷
1712 1272 1791 1301 quae
1812 1272 1864 1293 eos
1888 1263 2023 1293 erratico

1062 1316 1155 1336 eursu
1190 1305 1301 1344 vagari
1330 1314 1393 1334 non
1427 1304 1527 1341 sinat,
1555 1304 1648 1334 modo
1678 1315 1719 1333 ne
1743 1310 1891 1335 recusent
1914 1304 2022 1335 Deum

1061 1348 1159 1387 sequi.
1206 1347 1288 1377 Nam
1318 1351 1430 1386 gentes
1458 1357 1557 1386 quum
1586 1346 1656 1377 luce
1679 1346 1939 1384 destituerentur,
1960 1347 2022 1378 huc

1062 1390 1138 1420 illuc
1157 1390 1334 1420 abstractas
1358 1389 1454 1420 fuisse
1477 1389 1594 1419 mirum
1620 1399 1682 1419 non
1707 1394 1771 1419 est:
1795 1389 1849 1419 scd
1874 1388 1948 1419 dum
1973 1400 2023 1420 er-

1062 1433 1161 1463 rando
1192 1432 1375 1463 caecitatem
1401 1441 1491 1462 suam
1515 1431 1746 1467 demonstrant,
1771 1431 1880 1462 fideles
1904 1443 1943 1462 ex
1967 1442 2037 1471 op-.

1062 1476 1163 1515 posito
1187 1475 1296 1505 testari
1320 1474 1471 1505 convenit
1494 1484 1527 1504 se
1551 1484 1614 1504 non
1639 1474 1844 1504 tenebrarum
1869 1474 1924 1505 sed
1943 1474 2023 1505 lucis

1061 1529 1131 1548 csse
1172 1517 1263 1548 tilios.
1320 1518 1426 1556 Atque
1470 1517 1530 1546 huc
1565 1516 1707 1547 alludere
1742 1516 1868 1547 videtur
1902 1517 2025 1548 Paulus

1061 1560 1159 1601 (Eph.
1198 1560 1226 1595 4,
1259 1558 1326 1600 17),
1360 1559 1436 1589 dum
1468 1558 1577 1589 fideles
1610 1559 1759 1589 hortatur
1789 1570 1828 1589 ne
1860 1559 2024 1590 ambulent

1062 1603 1156 1634 sicuti
1190 1607 1302 1642 gentes
1334 1602 1365 1631 in
1399 1601 1541 1632 vanitate
1567 1612 1680 1632 sensus
1704 1602 1761 1632 sui.
1807 1601 1878 1632 Hac
1900 1602 2024 1632 ratione

1063 1645 1152 1676 Deus
1183 1655 1267 1675 nunc
1296 1654 1360 1674 non
1393 1648 1517 1674 tantum
1549 1649 1718 1683 praecepta
1748 1649 1780 1674 et
1812 1648 1935 1674 statuta
1967 1655 2024 1675 sua

1062 1687 1273 1724 commendat,
1298 1686 1353 1717 sed
1376 1687 1472 1716 etiam
1496 1686 1670 1717 custodias:
1695 1686 1769 1726 quia
1793 1686 1871 1716 nihil
1896 1687 1929 1716 in
1953 1686 2024 1726 lege

1063 1742 1119 1761 sua
1156 1729 1301 1760 omiserit
1338 1729 1420 1768 quod
1451 1729 1491 1759 ad
1520 1729 1694 1769 regendam
1726 1729 1890 1759 hominum
1923 1729 2022 1759 vitain

1064 1778 1147 1803 esset.
1166 1772 1254 1802 utile.
1298 1770 1433 1802 Summa
1451 1776 1508 1807 est,
1532 1772 1594 1802 nisi
1618 1772 1650 1801 in
1676 1772 1820 1802 doctrina
1843 1781 1923 1811 quae
1944 1772 2022 1811 ipsis

1064 1815 1233 1855 praelucet,
1254 1825 1287 1844 50
1307 1814 1500 1850 contineant,
1520 1813 1653 1844 eundem
1674 1814 1728 1853 qui
1750 1814 1898 1854 gentibus
1922 1814 2022 1844 insta-

1065 1859 1115 1889 bat
1140 1857 1306 1887 interitum
1331 1857 1417 1895 ipsos
1440 1866 1567 1896 quoque
1590 1866 1729 1887 manere.

1150 1900 1255 1930 Levit.
1280 1899 1329 1932 20.
1358 1898 1406 1929 13.
1455 1899 1633 1938 Quicunque
1655 1899 1761 1929 coierit
1789 1909 1856 1930 cum
1878 1899 2020 1929 musculo.

1065 1942 1212 1973 Antehac
1237 1942 1324 1972 Deus
1348 1941 1421 1980 quid
1452 1948 1571 1972 rectum
1596 1946 1680 1972 esset
1704 1941 1823 1976 docuit,
1856 1946 1890 1971 ut
1913 1951 1930 1970 a
1954 1952 2022 1972 sce-

1065 1986 1130 2015 lere
1154 1984 1306 2024 populum
1331 1983 1519 2020 retraheret,
1544 1994 1607 2014 non
1632 1989 1757 2014 tantum
1782 1993 1899 2023 poenae
1923 1990 2020 2020 metu,

1065 2027 1119 2058 sed
1152 2028 1246 2057 ctiam
1275 2033 1405 2066 propter
1434 2027 1670 2057 conscientiam.
1712 2026 1795 2064 Quia
1827 2031 1932 2056 autem
1958 2037 2021 2056 non

1066 2082 1175 2101 omnes
1194 2075 1304 2108 sponte
1329 2068 1473 2099 animum
1497 2068 1651 2100 adiiciunt
1675 2068 1714 2099 ad
1737 2068 1924 2108 parendum,
1948 2079 2022 2099 0011-

1067 2119 1116 2143 tra
1146 2112 1258 2151 impios
1288 2116 1521 2150 contemptores
1541 2111 1656 2151 quibus
1675 2111 1797 2141 nullum
1822 2115 1871 2141 est
1894 2111 2023 2151 pietatis

1068 2155 1225 2187 studium,
1261 2164 1369 2183 severe
1400 2153 1637 2184 animadvertit.
1690 2155 1736 2185 Ac
1763 2153 1880 2183 mirum
1906 2158 1954 2184 est
1978 2154 2023 2184 ita

1040 2195 1042 2239 ἶ
1069 2205 1180 2238 gentes
1213 2197 1277 2226 fere
1311 2206 1421 2226 omnes
1456 2196 1655 2236 obtorpuisse
1684 2197 1716 2226 in
1747 2196 1838 2226 bruta
1869 2196 2022 2234 socordia,

1069 2246 1104 2271 ut
1130 2239 1324 2279 praeposteri
1354 2239 1470 2275 coitus,
1501 2245 1532 2269 et
1562 2239 1630 2278 ipso
1657 2239 1784 2269 nomine
1808 2238 2022 2276 detestabiles,

1068 2285 1197 2322 impune
1210 2282 1274 2311 fere
1294 2281 1419 2311 tolerati
1432 2281 1561 2312 fuerint.
1587 2281 1806 2320 Nequissimos
1819 2281 1915 2310 etiam
1929 2291 2023 2320 quos-

1069 2336 1128 2365 que
1159 2324 1272 2364 puduit
1302 2322 1427 2364 (fateor)
1458 2328 1580 2354 tantum
1613 2324 1733 2354 crimen
1765 2333 1934 2359 excusare,
1967 2323 2023 2353 sed

1069 2378 1163 2408 quum
1194 2367 1261 2397 eius
1290 2367 1381 2396 fieret
1410 2366 1551 2397 licentia.
1583 2366 1716 2406 vulgare
1751 2365 1930 2396 convicium
1961 2367 2024 2397 fuit

1068 2410 1202 2441 obiicere
1238 2410 1268 2438 in
1301 2408 1429 2445 faciem,
1460 2409 1523 2439 imo
1552 2410 1583 2439 in
1614 2409 1691 2448 ipsis
1722 2408 1856 2447 publicis
1886 2408 2021 2445 iudiciis,

1068 2453 1149 2493 quod
1185 2451 1296 2481 durius
1327 2450 1555 2481 vindicandum
1591 2456 1658 2481 erat
1687 2460 1780 2489 quarn
1810 2450 1873 2480 alia
1903 2450 2025 2482 scelera

1067 2496 1180 2535 quibus
1213 2504 1276 2523 non
1308 2493 1487 2532 parcebant.
1534 2494 1659 2524 Poenae
1685 2497 1790 2523 autem
1821 2502 1884 2523 uon
1914 2494 2024 2525 minus

1066 2537 1232 2569 subiicitur
1254 2537 1308 2574 qui
1332 2535 1499 2566 muliebria
1522 2546 1633 2575 passus
1654 2541 1702 2566 est
1724 2544 1816 2574 quam
1842 2539 2021 2574 stuprator:

1066 2583 1141 2620 quia
1171 2578 1232 2609 tale
1263 2578 1540 2617 inquinamentum
1577 2578 1662 2608 nullo
1689 2577 1781 2607 modo
1812 2577 1888 2608 ferri
1918 2577 2022 2610 debet.

1038 2639 1040 2648 ι
1068 2625 1137 2654 11110
1162 2621 1188 2652 51
1212 2621 1261 2651 vir
1284 2624 1340 2650 aut
1362 2621 1476 2651 mulier
1499 2621 1616 2652 coitum
1639 2625 1769 2660 appetat
1792 2619 1877 2650 bruti
1899 2621 2026 2651 anima-

1770 2669 1819 2694 41*
