2304 3034
148 144 206 174 151

149 239 271 270 crimen
300 235 389 266 illud.
441 234 535 265 Nune
565 244 658 271 vero,
688 234 780 274 quasi
812 234 917 265 Deum
953 240 985 266 et
1009 235 1116 266 Mosen

152 285 284 312 teneant
302 278 466 313 obnoxios,
491 276 654 316 petulanti
674 276 828 308 iactantia
847 277 1044 316 exprobrant
1057 278 1116 309 sibi

150 334 215 354 non
240 322 338 352 fuisse
361 319 528 357 creditum,
559 330 656 359 quum
687 319 806 350 vellent
835 320 920 350 malo
944 320 1118 360 prudenter

151 374 325 397 occurrere.
371 362 465 393 Unde
489 361 641 393 docemur
664 372 817 402 quorsum
841 362 990 394 homines
1014 364 1119 403 rapiat

150 419 228 440 suus
247 407 390 441 affectus,
415 404 491 435 dum
512 410 600 435 metu
621 415 709 444 spem
730 405 934 441 suffocantes,
959 407 1119 445 patienter

151 462 215 482 non
236 453 423 488 exspectant
449 447 511 478 Dei
535 447 703 478 auxilium.

238 491 285 522 13.
313 490 355 521 Et
383 490 464 521 dicit
492 489 598 521 Moses
622 491 664 521 ad
677 490 836 530 populum.
879 490 1037 529 Qua-nivis
1061 502 1118 531 pro

150 546 207 566 sna
231 532 479 564 mansuetudine
510 544 562 564 eos
592 533 630 564 ad
662 533 741 564 bene
764 533 961 573 sperandum
985 534 1118 565 comiter

150 579 300 609 hortetur
335 577 451 613 Moses,
486 586 551 606 non
587 581 634 606 est
669 581 779 607 tamen
820 576 985 616 probabile
1024 578 1117 608 tacite

150 622 256 660 ipsum
282 620 394 650 tulisse
418 619 570 649 scelestos
593 619 663 649 illos
687 619 858 656 clamores,
891 618 1007 658 quibus
1031 620 1117 650 vide-

152 664 204 693 bat
229 663 335 693 Deum
360 662 512 692 atrociter
535 662 657 702 impeti
704 662 868 693 Funetum
899 662 997 701 igitur
1027 662 1118 702 probi

151 705 289 737 doctoris
313 705 418 736 officio
442 704 601 742 existimo,
637 705 735 735 libere
759 705 948 745 castigando
972 705 1116 744 petulan-

151 750 245 786 tiam,
278 759 357 788 quae
382 747 515 778 minimo
545 752 613 778 erat
638 747 823 779 tolerabilis.

152 792 306 831 loquutus
336 791 377 821 sit
407 789 469 821 Dei
500 791 615 830 spiritu
641 791 739 821 verba
764 796 955 830 praeeunte,
987 790 1118 821 dubium

151 846 217 866 non
249 840 295 864 est
327 833 403 873 quin
435 833 583 874 5010101)
608 834 698 864 Deus
728 834 797 874 ipse
821 833 1017 873 corripuerit
1047 834 1118 864 illas

152 876 379 917 blasphemias,
405 887 443 906 ne
468 886 520 907 eas
544 876 746 916 indulgentia
769 877 901 907 foveret.
927 875 992 907 Sed
1012 876 1119 907 Moses

149 921 269 951 omissa
293 919 553 958 reprehensione,
584 923 710 950 tantum
739 919 831 950 docet
855 918 1045 950 exsecrabili
1063 930 1117 959 po·

147 963 214 1003 puli
245 962 369 992 malitia
400 962 597 1001 superiorem
623 962 720 993 fuisse
745 962 806 993 Dei
830 962 1052 999 clementiam,
1085 968 1119 993 ut

149 1006 263 1037 solatio
298 1015 410 1035 eorum
445 1004 587 1035 dolorem
612 1005 743 1043 leniret,
778 1005 1119 1045 perturbationemque

148 1048 283 1079 sedaret.
329 1048 430 1078 Porro
459 1048 572 1078 timere
599 1054 729 1087 vetans,
764 1054 796 1078 et>
825 1052 910 1079 stare
941 1048 1054 1079 iubens
1078 1047 1116 1078 ad

148 1091 320 1122 videndam
356 1090 491 1121 salutem
528 1090 677 1129 Domini,
718 1091 768 1122 his
804 1091 911 1121 verbis
946 1091 1118 1131 significat,

149 1133 302 1174 quamdiu
327 1141 452 1164 mentes
474 1140 607 1173 occupat
640 1134 751 1172 timor,
786 1145 896 1165 caecas
928 1139 960 1172 et
989 1140 1119 1174 stupore

148 1177 300 1208 confusas
324 1187 402 1214 esse,
439 1187 478 1207 110
502 1176 563 1207 Dci
587 1177 742 1207 auxilium
775 1176 958 1207 admittant.
1011 1177 1119 1208 Verbo

149 1219 256 1250 standi
290 1219 359 1249 vult
396 1221 519 1258 quietos
556 1229 701 1250 manere:
744 1220 835 1260 quasi
876 1219 995 1251 diecret
1036 1219 1117 1250 nihil

151 1273 233 1302 opus
258 1273 336 1299 esse,
361 1269 395 1292 ut
419 1261 556 1302 digitum
582 1263 751 1302 quisquam
776 1269 914 1299 moveat,
940 1262 1119 1302 quiaDous

149 1312 311 1337 cessantes
332 1312 363 1334 et
387 1305 503 1336 otiosos
528 1305 614 1336 solus
646 1306 796 1336 servabit.
847 1304 941 1344 Quod
973 1306 1119 1345 proximo

148 1359 245 1379 versu
271 1349 456 1379 confirmat:
483 1347 534 1378 ubi
561 1348 721 1387 promittit
743 1349 859 1385 Deum,
886 1349 963 1388 ipsis
984 1348 1117 1379 tacenti-

149 1391 218 1428 bus,
244 1392 309 1421 fore
332 1391 499 1422 victorem.
546 1391 658 1431 Neque
681 1392 766 1422 enini
792 1391 858 1422 11110
877 1392 916 1422 ad
937 1391 1119 1431 tranquilli—

149 1441 260 1468 tatem,
286 1444 356 1464 meo
380 1433 505 1472 iudicio,
529 1433 616 1474 ipsos
640 1434 806 1465 hortatur:
830 1434 885 1466 sed
909 1435 1064 1475 intelligit
1087 1434 1119 1464 iu

151 1488 216 1507 uno
250 1477 317 1507 Deo
345 1476 422 1507 satis
450 1476 517 1507 fore
552 1477 703 1517 praesidii
728 1477 767 1508 ad
792 1478 997 1514 vincendum,
1022 1487 1121 1517 qnan-

150 1520 272 1551 tumvis
297 1524 446 1559 torpeant
466 1519 556 1551 velut
576 1521 751 1552 exanimes.
797 1521 867 1551 Iam
893 1531 967 1551 vero
991 1520 1121 1551 Israeli-

150 1567 213 1600 tae,
250 1562 324 1592 dnm
357 1563 477 1593 servati
501 1563 563 1594 Dei
593 1574 691 1594 manu
716 1564 854 1604 gratiam
878 1564 939 1594 sibi
963 1564 1121 1601 collatam,

152 1611 310 1645 qnantum
336 1606 367 1635 in
393 1616 425 1636 se
449 1610 513 1643 est,
544 1606 726 1646 repudiant,
749 1606 839 1637 nobis
864 1612 940 1637 sunt
964 1606 1121 1646 exemplo,

151 1654 186 1680 ut
207 1649 294 1679 Dens
319 1648 358 1679 ad
383 1649 557 1688 perfectam
583 1649 723 1680 salutem
748 1660 806 1680 1105
829 1649 978 1687 adducat,
1002 1650 1121 1680 multas

151 1691 328 1722 identidem
358 1692 478 1723 salutes
505 1703 574 1723 esse
606 1693 815 1724 necessarias:
840 1693 916 1733 quia
939 1696 1049 1723 nostra
1071 1692 1122 1722 in-

154 1734 354 1775 gratitudine
389 1734 597 1765 exinanimus
632 1735 786 1775 quidquid
822 1736 976 1773 contulit,
1011 1740 1042 1766 et
1078 1735 1122 1765 ita

151 1783 265 1817 sponte
279 1783 389 1808 nostra
402 1778 556 1818 perimus,
581 1778 642 1808 nisi
666 1784 809 1809 nostram
835 1779 999 1819 ignaviam
1024 1778 1122 1809 corri-

153 1825 243 1861 geret
269 1821 400 1860 spiritus
424 1822 472 1851 sui
498 1821 627 1851 virtute.

241 1863 288 1893 15.
315 1863 449 1894 [merae
479 1866 580 1894 autem
605 1864 726 1895 Ielmea.
784 1864 1003 1895 Praeteritum
1035 1863 1123 1903 plus-

154 1906 432 1945 quamperfectum
465 1907 615 1937 vitandae
652 1907 874 1947 ambiguitatis
905 1918 1003 1938 causa
1021 1906 1123 1946 posui.

155 1949 263 1979 Causa
287 1949 372 1979 enini
398 1948 544 1980 redditur
564 1960 621 1980 cur
646 1954 710 1980 tam
736 1950 873 1981 fidenter
900 1950 1009 1990 populi
1034 1949 1123 1980 dubi-

155 1992 309 2022 tationem
340 1993 538 2031 increpuerit
567 1993 690 2029 Moses,
725 2004 761 2025 ac
784 1993 945 2033 pollicitus
969 1994 1010 2024 sit
1033 2002 1124 2032 prac-

155 2035 238 2065 senti
259 2035 319 2065 Dei
344 2035 464 2066 auxilio
488 2036 553 2066 fore
578 2036 754 2067 incolumes
781 2040 813 2067 et
838 2037 954 2067 salvos.
1000 2035 1125 2075 Nempe

155 2078 229 2117 qnia
242 2078 305 2107 iam
318 2078 448 2109 coelesti
460 2078 588 2110 oraculo
602 2079 718 2110 certior
731 2079 837 2110 fuerat
849 2078 1004 2116 redditus,
1020 2079 1125 2109 Deum

157 2120 241 2151 velle
272 2121 388 2160 populo
420 2132 476 2152 5110
499 2121 665 2161 opitulari,
700 2127 732 2153 et
766 2123 798 2152 in
824 2126 975 2162 promptu
1007 2121 1126 2152 habere

156 2173 276 2194 novum
313 2164 465 2194 servandi
501 2163 642 2195 modum.
701 2165 813 2205 Neque
848 2165 933 2196 enim
969 2164 1059 2196 testis
1095 2168 1127 2194 et

156 2216 271 2245 praeco
295 2206 409 2237 salutis
430 2217 499 2238 esse
523 2212 649 2247 poterat
668 2208 730 2238 nisi
755 2214 886 2248 accepta
905 2207 1126 2248 promissione.

156 2249 271 2288 Itaque
306 2259 395 2280 snam
433 2250 582 2281 fiduciam
618 2260 636 2280 a
670 2251 805 2281 crimine
836 2250 1029 2282 temeritatis
1054 2260 1127 2290 pur-

158 2297 228 2332 gat:
259 2292 333 2331 quia
364 2292 445 2322 nihil
473 2293 606 2332 protulit
631 2294 693 2324 nisi
717 2293 801 2333 quod
826 2298 900 2325 antc
925 2293 1070 2324 audierat
1089 2303 1129 2323 ex

158 2345 212 2365 ore
236 2335 337 2375 ipsius
361 2335 432 2366 Dei.
480 2336 569 2366 Haec
592 2336 707 2367 verba:
736 2336 822 2375 Quid
847 2337 967 2368 clamas
991 2336 1031 2366 ad
1055 2334 1128 2366 me?

161 2377 292 2417 quidam
324 2378 517 2417 interpretes
551 2378 590 2409 ad
625 2384 729 2410 totum
761 2379 917 2420 populum
941 2378 1130 2414 extendunt,

161 2421 250 2451 euius
284 2431 455 2460 personam
491 2422 673 2453 sustinebat
709 2433 794 2453 nnus
830 2423 947 2459 Moses,
983 2421 1038 2453 sed
1073 2421 1132 2452 11οο

163 2463 258 2493 nimis
282 2469 329 2494 est
353 2470 510 2501 coactum,
534 2469 567 2495 et
589 2465 685 2505 paulo
709 2469 784 2496 ante
808 2465 962 2496 admonui
984 2469 1058 2495 vota
1076 2474 1131 2505 po-

163 2505 228 2544 puli
253 2506 291 2536 ad
317 2507 422 2537 Deum
448 2508 581 2538 minime
608 2508 707 2539 fnisse
738 2508 870 2540 directa.
923 2508 1036 2548 Itaque
1066 2517 1132 2538 non

250 2601 277 2631 1)
299 2600 428 2633 Princeps
435 2612 441 2624 :
460 2610 559 2626 secure.

1143 557 1144 564 1
1170 534 1305 566 fundum
1329 535 1422 566 siccis
1447 533 1580 574 pedibus
1604 533 1666 564 iter
1690 535 1809 565 faciant
1832 534 1891 565 filii
1915 534 2025 565 Israel.

870 747 997 778 Deinde
1020 758 1117 787 quum
1144 754 1145 758 ¹

712 139 1081 173 COMMENTARIUS
1106 141 1154 171 IN
1178 141 1326 173 EXODI
1351 140 1448 172 OAP.
1471 140 1564 171 XIV.
2076 141 2138 173 152

1170 235 1281 266 dubito
1305 236 1380 275 quin
1405 240 1534 266 sanctus
1562 235 1613 265 vir
1642 235 1675 265 in
1700 234 1800 274 plebis
1824 235 1966 266 tumultu
1990 245 2137 266 seorsum

1169 284 1319 319 precatus
1343 278 1393 309 sit.
1440 276 1534 316 Quod
1559 277 1686 316 pietatis
1710 278 1849 308 officium
1876 288 1938 308 non
1962 278 2138 318 reprehen-

1169 321 1258 352 ditur
1283 321 1342 352 hoc
1367 321 1449 352 loeo:
1476 320 1531 351 sed
1556 321 1664 358 potius
1688 319 1830 351 ostendit
1852 320 1941 351 Deus
1964 331 2038 351 eum
2062 331 2136 361 ope-

1170 374 1237 394 ram
1264 375 1325 394 non
1351 364 1472 398 lusisse,
1499 373 1556 393 nee
1581 363 1701 393 frustra
1715 363 1813 394 verba
1836 362 1958 394 fudisse
1973 364 2002 393 in
2018 370 2136 395 aerem.

1171 406 1297 438 Sensus
1328 417 1403 446 ergo
1435 412 1499 442 est,
1532 416 1572 435 110
1596 405 1765 436 clamando
1790 412 1820 436 te
1845 406 1982 444 amplius
2012 405 2137 446 fatiges,

1171 460 1203 480 re
1227 450 1296 489 ipsa
1315 450 1434 480 senties
1459 454 1488 479 te
1511 447 1611 479 fuisse
1634 447 1833 479 exauditum.
1879 448 2015 488 Virgam
2039 449 2138 489 igitur

1171 493 1298 523 attollas
1333 502 1396 532 qua
1429 491 1557 522 scindas
1592 501 1696 528 mare,
1740 496 1775 522 ut
1805 502 1861 531 per
1888 491 2028 522 medium
2067 491 2138 522 eius

2072 534 2138 565 Do-

1170 583 1217 609 cet
1250 578 1301 609 1110
1332 577 1419 609 100115
1450 584 1571 607 temore
1602 577 1706 608 facere
1736 577 1789 617 qui
1825 576 1864 608 de
1886 576 2139 616 particularibus

1172 621 1231 651 Dei
1253 621 1426 658 benefieiis,
1447 619 1567 658 absque
1587 620 1716 659 speciali
1737 620 1938 657 testimonio,
1964 619 2139 660 quidquam

1171 664 1231 695 sibi
1257 663 1303 694 vel
1329 663 1401 694 aliis
1426 662 1628 703 promittunt.

1258 706 1306 737 17.
1330 706 1397 746 Eyo
1420 705 1576 736 roborabo.
1623 705 1746 736 Iterum
1771 705 1913 735 affirmat
1936 705 2041 743 Deus,
2076 716 2139 745 quo

1173 749 1326 780 virtutem
1352 759 1444 780 suam
1469 748 1572 788 magis
1593 748 1744 785 illustret,
1764 760 1797 779 so
1816 748 2048 779 obduraturum
2069 759 2139 780 esso

1174 793 1367 832 Aegyptios,
1391 796 1426 822 ut
1458 802 1491 821 se
1515 794 1667 830 tanquam
1698 791 1796 821 exitio
1820 790 1944 827 devoti,
1969 791 2140 831 proiieiant

1171 835 1202 865 in
1240 834 1381 865 medium
1416 845 1514 865 mare.
1575 834 1669 872 Quod
1703 838 1788 864 certe
1820 844 1986 874 nunquam
2022 834 2139 866 facturi

1171 883 1262 908 erant
1291 878 1353 909 nisi
1378 888 1494 908 arcano
1524 882 1611 907 motu
1643 876 1855 917 gubernasset
1885 887 1995 907 eornm
2025 876 2138 908 corda:

1171 921 1245 960 quia
1270 931 1323 951 eos
1348 932 1409 951 non
1439 920 1559 950 latebat
1582 920 1741 959 singulari
1765 919 1847 950 dono
1870 925 2017 959 apertum
2042 920 2139 951 fuisse

1172 965 1345 995 transitum
1377 962 1550 999 Israelitis,
1591 962 1676 993 unde
1710 962 1862 1002 colligere
1896 967 2046 1002 poterant
2078 962 2140 994 sibi

1171 1017 1242 1037 eum
1267 1007 1436 1037 elementis
1459 1016 1528 1036 esse
1553 1005 1682 1036 belluni.
1714 1005 1828 1045 Itaque
1853 1015 2017 1045 nunqnam
2042 1016 2140 1043 mare,

1170 1049 1253 1089 quod
1282 1054 1442 1080 armatum
1478 1053 1591 1079 contra
1626 1059 1658 1079 se
1693 1047 1865 1086 videbant,
1902 1049 1970 1079 ausi
2004 1048 2142 1080 fuissent

1170 1091 1306 1132 ingredi,
1327 1092 1388 1123 nisi
1402 1091 1561 1122 divinitus
1576 1091 1739 1122 excaecati
1753 1096 1870 1122 essent.
1898 1091 1993 1122 Unde
2006 1096 2141 1131 apparet

1171 1146 1265 1175 quani
1296 1135 1403 1175 frigidi
1439 1135 1504 1165 sint
1527 1134 1745 1174 speculatores
1770 1134 1822 1173 (1111
1847 1134 1966 1164 nudam
1991 1134 2044 1166 hic
2068 1145 2140 1174 per-

1171 1178 1357 1208 missionem
1382 1178 1525 1217 fingunt,
1562 1176 1615 1207 ubi
1640 1177 1729 1207 Deus
1754 1177 1930 1216 potentiam
1955 1188 2046 1208 suam
2071 1177 2141 1208 vult

1172 1231 1240 1251 esse
1264 1222 1480 1260 conspieuani.
1512 1219 1600 1250 Satis
1620 1220 1751 1260 quidem
1772 1220 1891 1256 fuisset,
1916 1226 2084 1259 postquam
2105 1221 2140 1251 in

1172 1263 1344 1294 adversum
1366 1264 1455 1293 littus
1475 1263 1669 1293 traiecerant
1688 1262 1865 1299 Israelitae‚
1886 1263 1967 1293 mari
1987 1263 2020 1293 in
2045 1274 2140 1294 suum

1173 1307 1277 1338 locum
1313 1317 1458 1342 reverso,
1499 1305 1665 1346 prohiberi
1701 1306 1901 1347 Aegyptios:
1939 1305 1993 1336 sed
2036 1306 2141 1337 voluit.

1173 1350 1263 1380 Deus
1297 1350 1460 1389 geminato
1503 1349 1656 1379 miraculo
1697 1349 1863 1380 securitati
1916 1349 2021 1388 gentis
2063 1359 2141 1380 suae

1173 1392 1340 1424 consulere
1368 1392 1398 1422 in
1433 1392 1562 1431 longum
1597 1397 1734 1431 tenipus.
1781 1391 1874 1430 Quod
1899 1392 1996 1422 etiam
2022 1393 2140 1423 factum

1173 1440 1237 1466 est:
1258 1436 1331 1474 quia
1351 1435 1454 1465 deleto
1472 1435 1568 1465 totius
1589 1434 1730 1473 regionis
1750 1435 1837 1472 flore,
1858 1434 2028 1474 Aegyptiis
2048 1445 2142 1466 exer-

1173 1479 1272 1509 citum
1298 1479 1428 1509 reficere
1447 1488 1509 1508 non
1526 1477 1631 1508 licuit:
1657 1477 1846 1517 praesertim
1866 1488 1974 1517 quum,
2000 1478 2142 1510 esxtinc-

1174 1526 1205 1552 to
1230 1527 1303 1552 ante
1328 1521 1551 1561 primogenito,
1574 1531 1630 1551 rex
1650 1521 1718 1560 ipse
1739 1520 1869 1551 demum
1888 1520 2045 1560 periisset.
2071 1521 2143 1552 Hac

1174 1564 1298 1595 ratione
1335 1563 1451 1595 dicitnr
1489 1563 1627 1595 scituros
1662 1563 1842 1604 Aegyptios
1875 1563 1981 1594 Deum
2011 1563 2143 1595 Israelis

1174 1618 1242 1638 esse
1276 1606 1445 1637 Iehovam:
1487 1606 1561 1646 quia
1601 1607 1634 1637 in
1666 1605 1725 1637 1100
1761 1606 1874 1637 ultimo
1909 1610 1983 1637 actu
2016 1607 2142 1646 experti

1174 1656 1248 1681 sunt
1291 1649 1350 1680 sibi
1394 1660 1527 1690 prorsus
1567 1649 1691 1681 ablatas
1733 1659 1802 1680 esse
1843 1650 1928 1680 vires
1964 1648 2003 1680 ad
2040 1649 2143 1681 rebel-

1174 1692 1317 1723 landum.

1262 1778 1310 1809 19.
1336 1777 1494 1817 Profectus
1525 1781 1568 1809 est
1602 1778 1706 1817 itaque
1740 1778 1870 1817 aii-(selus
1892 1777 1955 1809 Dei
1977 1779 2032 1817 qui
2047 1789 2143 1818 prae-

1174 1821 1292 1853 cedebat
1319 1823 1422 1851 eastra
1454 1821 1570 1852 Israel:
1599 1821 1752 1860 coepitque
1775 1822 1821 1852 ire
1844 1832 1863 1851 α
1889 1823 1972 1862 teryo
1994 1821 2143 1860 ipsorum,

1174 1867 1200 1895 et
1218 1864 1357 1895 columma
1372 1863 1461 1894 nubis
1472 1875 1551 1903 qum
1563 1864 1767 1902 praecedebat
1783 1874 1840 1900 003,
1863 1864 1927 1903 fuit
1943 1864 2009 1895 illis
2020 1875 2040 1895 a
2052 1867 2143 1905 teryo.

1176 1907 1225 1938 20.
1248 1907 1295 1938 Ae
1320 1907 1475 1945 illyressus
1498 1912 1541 1937 est
1563 1907 1641 1937 inter
1663 1909 1767 1937 eastra
1783 1907 2006 1946 Aeyfftiorum
2028 1910 2055 1938 et
2065 1908 2145 1939 iuter

1175 1952 1277 1982 eastra
1301 1949 1412 1980 Israel.
1455 1949 1497 1979 Et
1517 1950 1581 1988 fuit
1602 1949 1695 1980 nubes
1717 1952 1742 1979 et
1765 1949 1879 1989 ealiyo:
1912 1952 1938 1980 et
1956 1949 2145 1982 illuminavit

1175 1995 1299 2028 noctem,
1335 2002 1385 2022 uec
1419 1992 1683 2031 appropinquavit
1716 1992 1794 2023 alter
1828 1992 1921 2023 alteri
1954 1995 2016 2024 tota
2055 1995 2144 2025 nocte.

1177 2036 1226 2067 21.
1261 2034 1359 2065 Porro
1388 2035 1520 2066 (attendit
1543 2034 1647 2065 Moses
1665 2044 1793 2065 inanum
1814 2045 1906 2065 suam
1928 2044 2022 2075 super
2043 2045 2146 2067 mare:

1177 2081 1203 2110 et
1227 2077 1339 2109 Iehova
1360 2078 1430 2116 feeit
1453 2088 1539 2108 mare
1561 2077 1647 2108 abire
1663 2087 1724 2116 per
1745 2080 1867 2108 ventum
1890 2077 2066 2108 orientalem
2094 2089 2145 2110 ve-

1178 2122 1339 2152 hementem
1360 2123 1421 2150 teta
1444 2123 1538 2151 noete:
1552 2120 1718 2159 posuitque
1730 2130 1817 2150 ‘tntu-e
1829 2120 1860 2150 in
1885 2120 2050 2151 siceitatem
2069 2122 2145 2160 quia

1178 2164 1298 2196 divisae
1320 2165 1407 2193 erant
1429 2174 1536 2202 aquae.
1581 2163 1631 2194 22.
1659 2163 1744 2193 Tune
1766 2163 1901 2203 inqressi
1922 2166 1996 2194 sunt
2010 2163 2072 2203 filii
2092 2165 2144 2196 Is-

1179 2206 1246 2238 rael
1271 2207 1299 2236 in
1323 2206 1459 2236 medium
1477 2206 1577 2236 maris
1593 2206 1710 2236 insieco
1726 2208 1752 2237 et
1762 2216 1862 2244 aquae
1874 2205 1940 2236 illis
1953 2209 2041 2237 erant
2051 2207 2147 2246 quasi

1179 2259 1288 2280 murus
1310 2259 1330 2279 a
1352 2248 1461 2279 ἆρα-ἵνα
1484 2251 1511 2279 et
1532 2249 1663 2279 sinistra
1684 2258 1796 2279 eorum.
1853 2248 1902 2278 23.
1928 2248 1971 2279 Et
1992 2249 2147 2289 insequuti

1180 2295 1251 2323 sunt
1273 2292 1436 2331 Aeyyptii,
1467 2294 1493 2322 et
1524 2293 1667 2322 venerunt
1687 2294 1760 2330 post
1788 2291 1857 2322 illos
1890 2293 1971 2323 totus
1993 2293 2147 2331 equitatus

1184 2334 1374 2370 Pharaonis,
1399 2344 1510 2365 currus
1532 2334 1607 2372 eius,
1630 2337 1656 2365 et
1677 2334 1790 2373 equites
1813 2334 1854 2364 ad
1872 2334 2007 2365 medium
2035 2336 2146 2368 maris.

1182 2377 1232 2409 24.
1257 2375 1300 2408 Et
1319 2377 1435 2416 factum
1458 2379 1500 2407 est
1521 2377 1659 2408 custodia
1682 2377 1836 2407 mat-unna
1859 2379 1891 2407 ut
1909 2378 2070 2416 respiceret
2098 2379 2147 2410 Ie-

1182 2421 1258 2451 hova
1281 2420 1323 2449 (ul
1340 2422 1443 2450 eastra
1456 2421 1677 2460 Aeyyptiorurn
1699 2420 1732 2450 in
1752 2419 1892 2451 columna
1910 2420 1994 2460 iynis
2012 2424 2037 2452 et
2055 2420 2148 2453 nube:

1183 2466 1208 2494 et
1230 2462 1363 2493 turbavit
1385 2465 1488 2494 eastra
1508 2463 1737 2503 Aeyyptiorum.
1783 2462 1832 2493 25.
1858 2462 1900 2493 Et
1921 2463 2046 2495 abstulit
2064 2466 2149 2496 rotas

1183 2516 1333 2537 curruum
1355 2506 1437 2543 eius,
1471 2508 1497 2535 et
1529 2505 1672 2536 violenter
1703 2506 1785 2536 verit
1817 2515 1894 2536 reum.
1955 2505 2039 2538 Unde
2065 2507 2148 2538 dixit

1159 2570 1161 2584 ,
1184 2549 1369 2589 Aegyssptius:
1393 2547 1527 2589 Fuyiarn
1546 2560 1565 2577 (ι
1585 2548 1665 2587 faeie
1676 2548 1796 2580 Israel:
1817 2549 1893 2588 quia
1906 2548 2148 2590 Iehovapuynat

1180 2602 1239 2631 pro
1262 2592 1306 2622 eis
1326 2594 1430 2622 eontra
1456 2592 1630 2631 Aeyyptios.
