2304 3034
179 188 241 219 479

492 276 555 307 EX
581 275 711 307 DEUT.
736 273 830 305 XIV.

266 365 313 396 22.
339 361 529 394 Decimando
560 359 728 391 decimabis
756 369 872 390 omnem
897 360 1081 398 proventum
1103 368 1146 389 se-

180 408 276 440 minis
297 406 350 437 tui.
375 404 454 444 quod
476 413 632 443 eyrcssnm
653 402 750 442 faerit
773 412 810 432 ea:
832 412 906 441 ayro
928 401 1100 432 annuatim.

438 574 501 605 EX
527 573 688 605 EODEM
713 572 889 604 GAPITE.

265 662 314 693 27.
340 661 476 691 Levitam
500 662 602 690 autem
625 659 679 698 qm·
705 659 785 689 intra
806 660 913 697 portas
935 659 1005 687 tuas
1028 655 1147 687 habita-

182 706 254 737 rerii
285 716 343 735 uon
366 704 572 742 derelinques:
602 702 675 741 qnia
702 711 759 732 non
782 703 825 732 est
847 701 874 731 ei
893 710 972 739 pars
995 701 1020 729 et
1045 698 1148 729 haere-

179 750 262 780 ditas
290 751 392 779 lecum.
437 746 487 777 28.
516 745 618 776 Tertio
647 747 749 775 autent
780 754 861 775 (mm)
884 742 1025 782 proferes
1048 751 1148 772 ornnes

179 792 315 823 decimas
344 792 510 830 proventus·
547 788 593 818 tua?
626 798 706 817 anno
737 787 818 825 ipso,
857 788 882 815 et
912 795 1035 824 repones
1066 784 1148 815 intra

175 837 283 874 portas·
313 836 390 863 111115.
437 831 485 862 29.
519 831 678 869 Venietqiie
704 830 810 861 Levita
842 828 929 869 (quia
959 838 1019 858 non
1049 830 1091 857 est
1121 827 1149 857 ei

175 878 278 917 portio
300 879 325 906 ,st
348 875 522 905 haereditas
544 872 661 914 iream),
686 876 712 903 et
729 873 926 912 pereqrinus,
950 873 975 901 ct
997 869 1147 912 pupillus,

181 923 270 959 atqew
300 919 408 953 vidua,
439 917 494 956 qni
524 919 594 947 suni
616 917 700 947 inira
720 918 845 954 portas:
874 916 899 945 ct
928 913 1093 949 comedent,
1123 914 1150 943 et

180 961 418 994 saturabuntur.
450 962 482 990 nt
511 959 664 990 benedicat
695 959 749 989 tibi?
774 957 886 988 [aliona
912 956 999 987 Dens
1021 958 1093 987 tuus
1116 955 1150 986 in

181 1006 261 1036 omni
283 1014 371 1043 opere
392 1013 506 1034 manns
530 1005 608 1039 inae,
632 1001 712 1041 qnod
733 1001 851 1041 feceris,

502 1173 565 1204 EX
588 1171 720 1203 DEUT.
743 1170 824 1202 XII.

267 1260 314 1291 19.
342 1258 420 1290 Cave
444 1261 544 1289 autem
568 1258 623 1289 tibi
646 1268 682 1288 nc
704 1257 902 1296 derelinquas
926 1256 1068 1287 Levita‘m
1090 1264 1150 1285 om-

180 1303 271 1334 wihus
294 1303 398 1333 dicbus
422 1302 485 1333 tuis
507 1311 603 1341 super
626 1303 742 1331 terram
764 1302 859 1330 tumn.

476 1472 541 1503 EX
566 1472 698 1504 DEUT.
724 1471 854 1502 XXVI.

270 1560 317 1591 1‘2.
352 1559 522 1597 Postquam
553 1558 748 1597 compleveris
771 1557 924 1588 decimare
947 1566 1049 1587 omncs
1071 1555 1150 1587 deci-

182 1614 251 1635 mas
279 1604 436 1642 fructuum
464 1603 586 1632 tuorum
610 1611 690 1632 anno
713 1600 815 1635 tertio,
846 1610 927 1631 anno
949 1599 1097 1636 decimae,
1125 1600 1151 1629 ei

182 1647 303 1678 dederis
327 1645 459 1681 Levitae,
479 1644 650 1684 pereyrino,
672 1643 800 1682 pupillo,
823 1646 849 1673 et
871 1643 992 1679 viduae,
1015 1644 1041 1673 ei
1059 1651 1148 1673 conie-

182 1690 284 1721 derint
307 1689 389 1719 intra
408 1690 519 1727 portas
542 1689 620 1724 inas,
644 1689 669 1717 ei
688 1686 824 1717 saturati
841 1686 968 1724 fuerint.
995 1685 1042 1716 13.
1066 1685 1151 1715 Tunc

182 1733 264 1763 dices
292 1741 395 1763 coram
427 1729 540 1761 Ieliova
572 1729 636 1760 Deo
660 1732 726 1760 tuo:
762 1728 905 1759 Subduaci
927 1727 1150 1767 sanctificatum

183 1786 197 1806 e
225 1775 325 1811 domo,
360 1777 387 1805 et
417 1773 509 1803 eiiam
539 1772 610 1803 dedi
642 1772 721 1803 illud
753 1772 890 1809 Levitae,
925 1774 950 1802 et
975 1771 1149 1811 pereyrino,

177 1818 301 1858 pupillo
325 1819 352 1848 et
373 1816 497 1853 viduae,
527 1815 692 1846 scczmdmn
727 1825 812 1846 omne
836 1817 1036 1854 praeceptum
1065 1816 1150 1844 inunt

183 1861 262 1900 quod
283 1859 468 1900 praecepisti
492 1858 584 1889 inihi:
609 1868 667 1888 non
690 1861 905 1898 zrcmsyressus
928 1868 998 1888 sum
1021 1867 1040 1887 α
1057 1866 1150 1895 prae—

183 1904 277 1942 ceptis
306 1903 383 1939 tuis,
413 1912 508 1940 neque
538 1901 649 1931 oblitas
678 1911 757 1931 sum.
806 1900 852 1931 14.
881 1900 951 1931 Non
974 1899 1087 1931 comedi
1116 1899 1149 1929 in

184 1946 311 1977 tristitia
331 1955 399 1976 mea
422 1955 459 1974 en
482 1955 523 1982 eo,
546 1954 641 1982 neque
662 1943 796 1974 subdat-21
818 1954 855 1974 ea·
873 1953 905 1974 eo
923 1943 956 1973 in
972 1942 1148 1982 pollutione,

184 1999 278 2028 neque
306 1988 374 2019 dedi
402 1987 571 2026 quidquam
601 1997 638 2016 ex
666 1997 697 2017 co
728 1987 758 2017 in
791 1986 913 2025 funere:
943 1985 1059 2016 obedivi
1086 1985 1150 2015 voci

188 2032 315 2062 Irlzomte
340 2030 400 2061 Dei
424 2031 498 2060 mei:
531 2030 590 2069 feci
614 2029 782 2060 secundnm
805 2029 909 2059 onznia
930 2039 1008 2068 qnae
1026 2037 1150 2067 praece-

179 2075 260 2113 pisti
283 2073 369 2104 milti.
396 2073 444 2104 15.
471 2072 600 2112 Respice
622 2073 658 2103 de
681 2072 853 2103 habitaculo
875 2072 1049 2103 sanctitatis
1070 2073 1150 2107 tuae,

186 2128 200 2147 e
223 2117 305 2151 coelo,
331 2119 357 2147 ei
380 2116 500 2146 benedic
520 2116 632 2154 populo
655 2118 705 2146 tuo
730 2115 860 2152 Israeli,
891 2117 917 2145 ct
938 2117 1037 2145 terrae
1059 2124 1152 2153 quani

186 2160 295 2190 dedisti
314 2159 409 2195 nobis,
433 2159 688 2197 quemadmodum
707 2158 854 2189 iuravisti
866 2158 1011 2197 patribus
1030 2157 1153 2193 nostris,

186 2206 283 2233 tarrae
302 2202 409 2240 [Inmiti
432 2202 506 2232 laete
528 2204 553 2231 ct
576 2201 670 2232 melle.

272 2287 368 2318 Num.
395 2287 442 2323 18,
466 2287 515 2317 20.
563 2286 656 2317 Diris
677 2289 778 2317 (intem
807 2286 914 2317 [elaova
949 2286 990 2316 ad
1015 2285 1150 2316 illiaron.

188 2331 249 2361 Hie
274 2336 400 2360 tantum
425 2331 454 2360 in
480 2340 598 2370 genero
631 2328 668 2359 de
691 2329 854 2359 solvendis
878 2329 1010 2360 decimis
1034 2329 1150 2369 agitur,

188 2385 267 2413 quae
293 2374 416 2404 Levitis
440 2372 589 2403 omnibus
613 2377 706 2402 erant
730 2382 924 2402 communes.
960 2371 1063 2402 Paulo
1084 2375 1153 2410 post

191 2416 369 2446 videbimus
400 2416 532 2446 Iis-vitas
562 2414 637 2445 inde
668 2415 886 2445 sacerdotibus
917 2414 1034 2445 alteras
1069 2414 1152 2444 deci-

189 2471 217 2489 111
232 2470 257 2489 is
280 2471 316 2489 ex
345 2460 402 2489 Dei
428 2459 579 2489 mandato
603 2457 737 2495 dedisse,
763 2457 899 2488 addetur
918 2463 950 2488 et
969 2457 1063 2488 tertia
1082 2467 1151 2496 spe-

189 2503 252 2531 eie-
279 2512 388 2531 earnm
416 2502 612 2531 decimarum
642 2512 722 2540 quac
758 2501 883 2531 nonnisi
909 2500 1002 2530 tertio
1031 2510 1153 2540 quoque

189 2556 271 2575 anno
295 2544 521 2574 otl'orebantur.
547 2543 639 2582 Quod
662 2543 698 2573 ad
721 2549 920 2583 praesentem
942 2543 1045 2574 locum
1065 2553 1152 2582 spec·
1177 2557 1179 2565 1

190 2594 252 2621 tat,
283 2588 382 2627 exigit
409 2588 494 2617 Deus
518 2599 534 2617 a
560 2586 673 2626 populo
697 2585 834 2617 decima.-
859 2585 898 2616 ad
922 2585 1073 2616 alendum
1096 2587 1152 2615 tri-

190 2631 265 2661 bum
297 2630 388 2660 Levi.
435 2630 568 2661 Certum
593 2629 721 2669 quidem
751 2634 816 2667 est,
847 2639 967 2659 morem
999 2629 1073 2660 olim
1105 2639 1152 2659 re-

873 178 1125 211 SECUNDUM
1149 178 1465 210 PRAEOEPTUM.

2102 180 2166 213 480

1198 278 1327 313 ceptum
1351 273 1450 305 fuisse
1473 274 1593 305 sanctis
1618 274 1761 314 patribus
1785 278 1859 304 ante
1883 273 2003 313 legem,
2035 278 2070 306 ut
2094 276 2163 307 Deo

1198 320 1357 347 voverent
1377 317 1425 347 vel
1447 317 1601 348 offerrent
1615 317 1770 347 decimas:
1795 316 1888 346 sicuti
1901 322 1989 356 patet
2001 327 2040 348 ex
2061 318 2165 350 Abra-

1197 358 1258 390 hae
1293 365 1323 389 et
1358 359 1454 391 Iacob
1490 359 1638 399 exemplo
1672 358 1769 400 (Gen.
1798 358 1850 393 14,
1881 359 1922 390 20
1952 365 1983 390 et
2013 360 2070 397 28,
2098 360 2162 403 22).

1198 401 1386 440 Quinetiam
1415 403 1576 442 apostolus
1607 401 1821 433 sacerdotium
1845 401 2084 434 Melchisedech
2118 404 2164 435 le·

1197 444 1261 485 gali
1293 447 1509 484 praestantius
1533 445 1633 476 fuisse
1657 444 1791 484 colligit,
1823 444 1898 483 quia
1921 444 1996 475 dum
2021 445 2050 476 ei
2080 445 2163 478 deci-

1197 497 1267 518 mas
1283 488 1398 518 obtulit
1417 487 1581 518 Abraham
1595 486 1804 519 decimaverit
1827 487 1932 526 ipsum
1945 487 2029 519 Levi
2047 487 2161 530 (Hebr.

1199 530 1226 567 7,
1254 530 1314 571 11).
1367 530 1491 561 Verum
1526 530 1622 561 huius
1657 529 1895 568 decimationis,
1927 529 1965 561 de
1989 541 2051 570 qua
2074 541 2164 571 prae-

1198 573 1282 612 cepit
1313 573 1402 604 Deus
1435 583 1492 612 per
1527 573 1653 609 Mosen,
1689 572 1817 603 diversa
1851 572 1910 603 fuit
1945 583 1982 603 ae
2015 574 2163 614 specialis

1198 615 1289 653 ratio,
1314 626 1413 655 eaque
1437 615 1564 655 duplex.
1611 615 1720 646 Primo
1750 625 1849 655 quum
1872 615 1987 646 semini
2011 616 2163 649 Abrahae

1198 658 1356 698 promissa
1386 658 1499 689 fuisset
1529 662 1630 694 terra,
1668 657 1803 698 legitimi
1839 662 1931 688 erant
1962 669 2163 691 successores

1199 711 1239 731 ex
1261 700 1449 732 duodecima,
1471 705 1562 741 parte
1586 701 1729 731 Levitae.
1768 699 1867 740 Atqui
1887 700 1951 732 illis
1969 702 2163 741 praeteritis,

1199 744 1370 783 posteritas
1399 744 1516 784 Ioseph
1545 745 1577 774 in
1608 743 1686 774 duas
1720 743 1825 774 tribus
1849 742 1952 775 divisa
1975 743 2046 776 fuit.
2092 745 2164 777 Nisi

1200 797 1277 827 ergo
1307 786 1435 817 aliunde
1470 787 1546 826 ipsis
1580 791 1784 827 prospectum
1815 790 1916 824 esset,
1950 786 2064 827 iniqua
2096 794 2166 819 erat

1201 829 1391 860 distributio.
1456 829 1582 860 Deinde
1623 839 1719 868 quum
1764 839 1894 869 operam
1941 829 2167 870 impenderent

1201 873 1402 909 sanctuario,
1453 873 1559 912 aliqua
1604 871 1750 902 mercede
1796 871 1912 912 dignus
1957 872 2015 903 fuit
2055 883 2167 905 eorum

1201 914 1304 945 labor:
1337 926 1393 946 nec
1424 915 1537 945 rationi
1574 920 1826 945 consentancum
1857 914 1935 953 fuit,
1967 916 2093 955 quando
2119 926 2167 948 sa-

1202 957 1263 988 cris
1298 958 1505 997 peragendis,
1540 962 1570 988 et
1602 956 1742 988 docendo
1769 957 1885 997 populo
1916 957 2035 989 addicti
2065 962 2166 998 erant,

1203 1001 1291 1031 victu
1316 1000 1467 1031 fraudari.
1506 1001 1598 1031 Duae
1622 1001 1729 1040 itaque
1753 1004 1922 1040 ponuntur
1945 1001 2086 1032 rationes
2109 1012 2167 1033 cur

1203 1042 1341 1074 decimas
1364 1053 1382 1073 a
1406 1043 1529 1083 reliquo
1553 1043 1669 1083 populo
1693 1043 1779 1083 ipsos
1803 1043 1946 1082 accipere
1959 1044 2049 1075 Deus
2071 1044 2165 1075 velit:

1203 1086 1352 1125 quoniam
1382 1086 1471 1117 nulla
1502 1086 1565 1116 illis
1596 1096 1670 1125 pars
1700 1090 1771 1116 erat
1800 1085 1834 1116 in
1864 1085 1999 1125 Israele,
2030 1091 2062 1117 et
2092 1088 2168 1127 quia

1202 1129 1379 1159 ministerio
1403 1128 1601 1159 tabernaculi
1627 1128 1792 1159 vacabant.
1839 1128 1942 1159 Porro
1966 1128 2056 1161 Deus
2082 1129 2165 1161 deei-

1202 1181 1271 1202 mas
1299 1171 1358 1202 sibi
1390 1176 1541 1211 tanquam
1573 1182 1628 1202 rex
1653 1182 1709 1202 suo
1738 1172 1806 1202 iure
1828 1171 2014 1209 vendicans,
2038 1183 2092 1204 eas
2115 1183 2164 1204 re-

1202 1214 1310 1254 signat
1329 1214 1463 1251 Levitis,
1487 1218 1519 1245 et
1542 1224 1594 1244 cos
1617 1214 1709 1253 quasi
1733 1215 1868 1246 vicarios
1891 1214 2066 1246 substituit.
2091 1214 2164 1254 Quo

1203 1257 1367 1296 pertinent
1389 1256 1469 1288 haec
1493 1257 1605 1288 verba:
1631 1256 1823 1288 Haereditas
1843 1262 1898 1288 tua
1917 1262 1965 1288 est
1978 1258 2067 1289 Deus
2086 1258 2163 1298 ipse.

1203 1299 1363 1338 Quisnam
1386 1310 1496 1330 earum
1522 1300 1617 1330 fuerit
1647 1310 1740 1336 usus,
1772 1305 1884 1340 postea
1915 1299 2076 1331 videbitur
2106 1312 2164 1333 suo

1202 1342 1278 1373 loco.
1328 1342 1423 1374 Nunc
1454 1347 1563 1373 tenero
1597 1342 1737 1374 sufficiat
1770 1342 1830 1373 hoc
1864 1342 1959 1374 modo
1994 1348 2165 1383 pensatum

1203 1385 1300 1416 fuisse
1323 1385 1405 1425 quod
1429 1385 1492 1416 illis
1516 1384 1692 1415 abstulerat
1716 1385 1814 1423 Deus,
1845 1385 2067 1417 duodecimam
2090 1396 2164 1426 par-

1203 1433 1265 1459 tem
1280 1427 1502 1459 transferendo
1523 1427 1562 1458 ad
1582 1428 1663 1459 filios
1677 1428 1803 1468 Ioseph,
1828 1432 1860 1459 et
1879 1429 2030 1468 quoniam
2050 1439 2069 1459 a
2087 1440 2165 1461 cura

1203 1471 1249 1502 rei
1290 1471 1481 1502 domesticae
1522 1470 1809 1509 abstrahebantur,
1852 1476 1888 1501 ut
1922 1471 2019 1502 totius
2052 1472 2166 1512 populi

1202 1513 1332 1544 nomine
1356 1513 1394 1544 ad
1423 1524 1514 1545 sacra
1536 1513 1704 1545 liberiores
1727 1518 1757 1544 et
1781 1514 1884 1554 magis
1908 1514 2025 1545 intenti
2049 1515 2163 1553 forent,

1202 1561 1396 1596 proventum
1421 1567 1481 1596 quo
1507 1556 1679 1594 alerentur,
1703 1556 1766 1587 illis
1789 1556 1887 1588 fuisse
1911 1556 2030 1588 datum.
2055 1557 2165 1596 Quare

1202 1599 1339 1639 insipido
1369 1604 1548 1630 commento
1584 1599 1723 1630 decimas
1756 1599 1815 1630 sibi
1849 1605 2002 1640 arrogant
2035 1600 2165 1641 papales

1202 1642 1346 1679 sacrifici,
1369 1642 1459 1682 quasi
1478 1641 1667 1672 sacerdotali
1687 1642 1756 1673 iure
1769 1642 1900 1674 debitas.
1927 1643 2058 1683 Alioqui
2077 1643 2165 1674 enim

1201 1685 1339 1725 probent
1360 1694 1489 1715 necesse
1512 1688 1569 1722 est,
1593 1695 1671 1724 quos
1694 1685 1857 1725 appellant
1880 1685 1977 1717 laicos
2000 1686 2061 1717 sibi
2080 1685 2165 1718 colo-

1201 1739 1259 1759 nos
1282 1738 1366 1764 csse,
1397 1737 1432 1759 ac
1461 1727 1487 1758 si
1513 1738 1552 1758 ex
1576 1731 1667 1767 parte
1690 1727 1876 1759 duodecima
1899 1728 2071 1760 fundorum
2095 1739 2164 1760 om-

1200 1771 1291 1802 nium
1315 1775 1423 1802 essent
1446 1769 1575 1800 domini.
1622 1770 1747 1801 Deinde
1770 1771 1975 1811 sacrilegium
1999 1775 2083 1803 esset
2110 1771 2164 1803 de-

1200 1815 1298 1845 cimas
1322 1814 1425 1844 facere
1448 1823 1531 1849 suas,
1556 1813 1633 1843 alios
1657 1823 1751 1852 agros
1774 1813 1947 1853 possidere,
1977 1825 2016 1846 ex
2048 1815 2163 1855 quibus

1200 1861 1393 1897 proventum
1417 1855 1580 1896 colligant.
1627 1855 1693 1886 Nec
1724 1866 1776 1887 eos
1806 1856 1896 1887 iuvat
1925 1857 2003 1888 illud
2028 1858 2163 1898 apostoli

1199 1899 1311 1940 (Hebr.
1332 1899 1360 1936 7,
1381 1898 1441 1939 12),
1460 1897 1543 1938 quod
1563 1908 1628 1929 non
1648 1899 1754 1929 minus
1773 1899 1916 1939 improbe
1935 1911 2029 1940 quam
2048 1901 2163 1932 inscite

1200 1941 1388 1977 obtendunt,
1414 1940 1570 1971 translato
1590 1941 1766 1972 sacerdotio
1785 1941 1834 1972 ius
1855 1943 1949 1973 simul
1969 1953 2038 1974 esse
2057 1948 2162 1975 trans-

1200 1985 1311 2016 latum.
1357 1983 1533 2016 Contendit
1567 1983 1632 2014 illic
1666 1984 1844 2024 apostolus,
1879 1996 1963 2017 nune
1997 1986 2029 2016 in
2059 1985 2163 2017 solum

1201 2028 1369 2058 Christum
1398 2030 1579 2066 competere
1602 2026 1755 2066 quidquid
1779 2027 1829 2057 lex
1854 2028 2033 2059 contulerat
2062 2039 2165 2060 sacer-

1202 2070 1329 2101 dotibus
1352 2069 1492 2100 Levitis:
1520 2079 1655 2108 quorum
1681 2069 1819 2109 dignitas
1843 2078 1875 2101 ot
1898 2081 2015 2101 munus
2038 2071 2072 2102 in
2095 2071 2164 2111 ipso

1202 2114 1300 2144 finem
1320 2112 1448 2151 aceepit.
1490 2111 1674 2142 Nebulones
1693 2112 1744 2142 isti
1766 2112 1919 2144 honorem
1940 2113 2072 2144 Christo
2091 2124 2163 2154 pro-

1203 2157 1317 2197 prium,
1342 2154 1473 2195 perinde
1497 2158 1593 2194 atque
1617 2164 1653 2185 eo
1677 2154 1822 2194 spoliato,
1847 2155 1886 2186 ad
1910 2166 1943 2186 se
1963 2156 2102 2196 rapiunt.
2128 2156 2165 2189 Si

1202 2200 1263 2230 rite
1286 2197 1390 2229 officio
1413 2198 1639 2237 fungerentur,
1671 2202 1767 2237 atquo
1801 2198 1927 2229 omissis
1951 2200 2088 2230 terrenis
2111 2210 2164 2230 ne-

1202 2242 1307 2283 gotiis,
1331 2245 1413 2271 totos
1436 2250 1469 2270 se
1493 2239 1637 2270 dicarent
1661 2239 1699 2270 ad
1723 2240 1865 2271 studium
1891 2241 2022 2272 docendi
2045 2242 2164 2282 populi,

1203 2291 1235 2316 ot
1258 2284 1335 2315 alias
1358 2283 1513 2314 bonorum
1537 2287 1569 2312 et
1592 2282 1735 2313 fidelium
1760 2288 1922 2322 pastorum
1947 2289 2054 2323 partes
2077 2295 2167 2316 exse-

1203 2326 1354 2367 quendas,
1374 2325 1460 2356 hand
1482 2325 1577 2355 dubie
1597 2325 1701 2355 alendi
1723 2332 1830 2356 essent
1849 2337 1887 2356 ex
1909 2327 2051 2366 publico:
2071 2327 2166 2359 sicuti

1202 2369 1325 2402 Paulus
1349 2374 1434 2399 recte
1457 2367 1580 2408 colligit
1602 2367 1643 2408 (1.
1665 2368 1737 2398 Gor.
1762 2369 1790 2404 9,
1812 2368 1873 2410 14),
1899 2369 1993 2400 hodie
2017 2380 2082 2401 non
2106 2371 2165 2401 mi-

1203 2424 1264 2444 nus
1293 2411 1399 2442 deberi
1431 2411 1549 2441 victum
1581 2411 1739 2450 evangelii
1771 2412 1936 2450 ministris,
1971 2424 2065 2452 quam
2090 2413 2168 2444 olim

1203 2453 1420 2487 sacerdotibus
1445 2453 1496 2493 qui
1522 2452 1561 2483 ad
1585 2453 1685 2483 altare
1717 2454 1951 2487 ministrabant.
1999 2455 2063 2487 Sed
2095 2467 2167 2496 per-

1203 2508 1313 2538 peram
1339 2496 1397 2527 hnc
1419 2499 1588 2535 praetextu
1614 2506 1727 2526 manus
1751 2497 1900 2528 iniicinnt
1919 2498 2060 2534 decimis,
2085 2509 2121 2530 ac
2140 2499 2167 2530 si

1203 2550 1315 2572 carum
1338 2543 1444 2569 essent
1468 2538 1596 2568 domini.
1623 2538 1735 2569 Maiori
1762 2539 1875 2571 deinde
1899 2541 2097 2581 impudentia
2121 2541 2167 2572 la-

1204 2583 1340 2615 tifunlia
1366 2587 1394 2611 ct
1420 2581 1497 2611 alios
1529 2588 1705 2620 proventus
1737 2584 1948 2614 accumulant.
1995 2584 2168 2615 Probabile

1204 2631 1260 2663 est,
1286 2635 1382 2665 quum
1403 2624 1495 2654 initio
1516 2623 1731 2664 Imperatores
1756 2627 1877 2657 romani
1898 2626 2028 2658 Christo
2048 2637 2169 2659 nomen
