2304 3034
156 170 197 200 55

157 265 314 304 aspicieus
338 263 501 294 lactabitur
524 263 555 293 in
578 262 667 293 corde
685 271 750 293 suo.
786 262 835 293 15.
861 262 1013 301 Loqueris
1032 265 1129 305 {qitzar

157 309 198 338 ad
222 317 303 343 cerni,
336 309 362 336 st
387 316 483 344 pones
517 305 606 336 rerba
638 306 669 335 in
699 315 732 335 03
755 305 838 343 eius,
867 308 894 335 et
916 316 966 345 eyo
989 317 1038 338 ero
1061 317 1129 338 eum

157 361 207 382 ore
230 353 279 380 tuo
301 352 327 379 tt.
350 359 416 378 snm
441 358 492 378 ore
515 348 595 386 eins,
627 350 652 378 et
674 348 829 378 ostendam
853 348 935 378 vobis
959 359 1037 387 quae
1058 351 1130 381 sitis

154 393 281 433 secturi.
335 391 383 421 16.
417 390 459 421 Et
488 390 627 430 loquetur
656 391 722 429 ipse
747 400 808 428 pro
842 393 867 421 ie
897 391 938 422 ad
965 393 1128 431 populum.

157 436 271 473 eritque
295 434 350 464 tibi
368 444 430 472 pro
453 444 518 469 ore,
544 436 570 464 cl
595 435 625 463 z‘u
651 433 713 464 eris
743 433 791 464 illi
810 443 869 472 pro
893 433 966 464 Deo.

158 477 298 508 baculam
323 476 403 507 1111110
432 476 566 515 accipies
596 476 630 506 in
659 485 755 507 manu
785 478 856 511 teta,
887 478 920 506 ut
948 477 1051 516 facias
1071 489 1131 518 per

157 530 225 552 eum
245 519 266 560 ¹)
289 520 388 560 signa.

246 606 294 636 io.
345 604 471 635 Obsecro
516 603 656 636 Domine.
722 603 845 635 Omnes
892 605 1128 645 tergiversandi

157 647 269 679 modos
286 652 391 687 captat
407 647 524 682 Moses,
545 652 580 677 ut
600 657 681 677 onus
701 646 760 677 sibi
780 646 965 687 impositum
986 654 1127 680 avertat:

158 701 223 721 11011
255 690 338 730 quod
367 690 540 729 imperium
571 689 751 720 detrectare
783 689 817 720 in
848 690 956 721 animo
985 691 1041 724 sit,
1073 692 1128 722 sed

158 733 232 774 quia
265 733 459 773 gravitatem
492 732 653 763 formidat.
699 732 830 763 Virium
864 733 963 773 igitur
996 745 1127 765 suarum

159 776 339 807 diffidentia
363 786 434 806 011111
460 775 504 804 ita
529 775 652 805 lentum
677 786 712 806 ac
737 775 897 814 trepidum
930 776 1042 807 reddit.
1088 777 1126 808 In

158 826 310 860 promptu
342 818 521 849 remedium
551 823 635 855 erat,
666 823 807 849 statuere
838 818 921 858 apud
954 829 1002 854 se,
1029 830 1128 860 quum

159 868 248 894 certo
272 862 366 893 sciret
391 860 473 891 1111111
497 871 529 891 50
554 865 675 892 temere
705 860 855 901 aggredi,
886 860 1010 900 Deum,
1039 864 1129 894 cuius

160 905 314 935 mandato
338 904 480 944 parebat.
505 909 662 943 quantum
688 905 766 934 satis
791 908 873 935 esset
898 904 1029 937 virtutis
1053 916 1127 946 sup-

159 947 387 988 peditaturum.
432 946 504 977 Hoc
527 957 603 987 ergo
634 946 786 978 vitiosum
818 947 877 977 fuit
907 958 969 978 non
998 949 1129 979 reiicere

160 992 192 1021 in
212 990 319 1021 Deum
339 1000 451 1020 omnes
470 1000 572 1026 curas,
597 994 628 1020 et
647 989 831 1029 posthabita
850 1000 907 1021 sua
930 991 1127 1027 infirmitate.

161 1043 292 1073 sperare
322 1038 449 1072 praeter
480 1043 570 1072 spem
603 1032 754 1063 Abrahae
785 1033 948 1072 exemplo,
980 1035 1032 1073 qui
1066 1045 1129 1065 non

162 1075 379 1108 consideravit
402 1086 516 1115 corpus
541 1086 633 1106 suum
659 1075 828 1113 effoetum,
860 1086 917 1106 nec
948 1081 1128 1107 emortuam

161 1119 294 1150 vulvam
320 1118 436 1153 Sarae,
467 1118 521 1149 sed
548 1119 651 1149 Deum
678 1129 770 1158 posse
799 1118 935 1149 eredidit
966 1124 1128 1159 praestare

158 1161 241 1202 quod
273 1162 464 1202 promiserat
489 1160 596 1202 (Rom.
621 1161 649 1196 4,
682 1162 743 1203 19).
789 1161 968 1192 Modestiae
998 1162 1128 1202 quidem

156 1206 269 1236 fuisset
294 1204 378 1234 1111110
397 1215 492 1244 quem
513 1204 657 1235 obtendit
678 1204 835 1236 defectum
857 1210 1016 1245 reputare,
1036 1204 1129 1236 modo

158 1252 286 1278 tantum
311 1247 474 1287 suppetias
498 1258 517 1278 a
541 1248 610 1278 Deo
634 1253 797 1288 rogasset:
827 1247 881 1279 sed
913 1258 1011 1288 quum
1043 1248 1130 1279 ultra

159 1290 381 1331 progreditur,
417 1296 452 1320 ut
487 1290 727 1321 immunitatem
757 1291 925 1330 impetret,
955 1290 1024 1322 Deo
1055 1291 1130 1322 facit

159 1333 330 1370 iniuriam⁷
366 1344 401 1363 ae
426 1333 451 1363 si
483 1334 584 1364 servis
614 1334 679 1364 suis
710 1333 781 1373 plus
811 1334 990 1373 imponeret
1022 1334 1129 1365 oneris

160 1387 254 1417 quam
280 1377 344 1405 sint
369 1375 514 1413 ferendo,
543 1376 591 1407 vel
616 1376 855 1407 inconsiderate
886 1376 1014 1416 quidvis
1038 1388 1128 1408 man-

161 1420 261 1450 daret.
299 1419 415 1449 Merito
435 1419 542 1458 itaque
563 1419 737 1449 damnatur
756 1419 834 1450 haec
854 1419 992 1450 sollicita
1014 1420 1128 1457 cautio,

161 1463 311 1503 quamvis
345 1461 465 1501 aliquid
505 1461 621 1492 habeat
656 1462 789 1493 virtutis
819 1462 1014 1493 admixtum:
1057 1463 1130 1503 quia

159 1515 371 1546 quaecunque
396 1504 487 1535 nobis
510 1512 657 1535 occurrat
680 1505 868 1542 difficultas,
893 1505 1041 1537 solatium
1073 1506 1132 1537 hoe

159 1549 306 1579 sufficere
326 1546 429 1583 debet,
453 1548 584 1578 formari
615 1554 646 1578 et
665 1548 782 1579 instrui
803 1558 820 1578 a
834 1548 912 1586 Deo,
936 1549 988 1588 qui
1009 1548 1131 1579 nullam

161 1591 199 1622 ad
239 1601 305 1621 rem
338 1589 444 1620 idonei
474 1595 551 1621 sunt
587 1591 712 1630 quoties
746 1602 798 1622 eos
833 1591 921 1631 eligit
955 1591 1129 1622 ministros.

160 1635 289 1665 Timere
313 1632 442 1672 quidom
467 1633 542 1664 licet
572 1634 605 1664 in
636 1633 730 1665 rebus
761 1634 941 1674 perplexis.
974 1633 1067 1665 modo
1093 1645 1132 1665 ne

159 1675 296 1717 parendi
324 1676 467 1706 studium
502 1676 656 1716 impediat
686 1677 852 1708 anxietas:
887 1677 942 1708 sed
977 1676 1131 1717 quidquid

160 1719 304 1759 iniungit
324 1719 415 1749 Deus
438 1729 588 1750 recusare
612 1730 777 1759 nunquam
802 1722 848 1751 fas
873 1725 920 1751 est
942 1728 1133 1760 'quocunque

160 1767 341 1803 praetextu.
377 1761 549 1793 Caeterum
571 1763 719 1793 videmus
745 1768 779 1793 ut
798 1773 879 1803 quac
903 1763 1034 1793 minime
1058 1767 1133 1803 apta

163 1806 315 1836 videntur
356 1806 590 1841 instrumenta,
631 1806 801 1845 praecipue
835 1806 867 1836 in
902 1817 995 1837 usum
1038 1816 1131 1836 snum

163 1849 310 1889 applicet,
330 1858 391 1888 quo
411 1848 526 1878 melius
546 1848 704 1889 refulgeat
723 1850 792 1880 eius
812 1850 965 1888 potentia.
1001 1849 1134 1879 Poterat

163 1893 287 1925 Mosen,
313 1891 339 1921 si
359 1901 394 1921 eo
419 1891 547 1922 volebat
571 1891 676 1932 legato
700 1892 756 1929 uti,
780 1891 954 1923 facundum
979 1891 1019 1922 ab
1041 1896 1133 1922 utero

164 1943 289 1966 creare:
314 1933 429 1964 saltem
450 1934 503 1965 ubi
528 1934 567 1964 ad
591 1945 672 1974 opus
691 1935 802 1971 mittit,
827 1940 970 1966 correcta
993 1934 1134 1965 balbutie

164 1978 304 2008 formare
329 1977 398 2006 eius
422 1976 578 2017 linguam.
617 1977 754 2008 Videtur
778 1988 854 2018 ergo
878 1988 934 2017 per
959 1977 1133 2008 ludibrium

164 2021 259 2051 balbo
283 2019 437 2050 mandare
461 2020 612 2060 loquendi
636 2025 761 2060 partes:
793 2021 847 2051 sed
877 2021 937 2052 hoc
968 2020 1062 2050 modo
1085 2019 1135 2061 (ut

165 2064 247 2103 dixi)
268 2074 299 2092 se
320 2073 382 2092 non
407 2062 538 2093 aliunde
558 2063 703 2094 adiutum
723 2064 831 2094 omnia
850 2074 943 2103 posse
962 2062 1135 2094 ostendens

165 2107 301 2147 gloriam
326 2115 418 2135 suam
442 2105 559 2136 elarius
583 2106 732 2137 illustrat.
778 2106 818 2137 In
844 2106 1014 2137 verborum
1039 2116 1136 2137 sensu

167 2149 293 2179 variant
317 2149 526 2187 interpretes:
553 2149 610 2180 1100
635 2149 829 2180 membrum:
856 2150 907 2180 Ex
938 2160 999 2189 quo
1023 2149 1135 2188 loquu-

165 2199 217 2222 tus
242 2202 275 2222 es·
300 2191 340 2221 ad
364 2202 493 2222 servum
520 2197 626 2222 tuum:
651 2192 783 2232 quidam
804 2191 1021 2232 amplificandi
1041 2201 1137 2222 causa

166 2235 311 2265 additum
337 2234 436 2264 fuisse
460 2240 584 2274 putant,
610 2235 701 2274 quasi
726 2240 797 2275 post
819 2236 972 2266 visionem
997 2235 1135 2265 oblatam

166 2277 350 2317 impeditior
384 2287 452 2307 esse.
486 2278 627 2317 eoeperit
657 2278 758 2308 Mosis
793 2278 916 2318 lingua:
951 2277 1005 2308 sed
1037 2287 1136 2317 quum

169 2320 325 2360 particula
356 2326 393 2351 Ξῖ.
424 2326 472 2350 ter
506 2326 685 2360 repetatur,
719 2321 910 2361 simpliciter
944 2321 1137 2360 interpretor

171 2364 280 2394 Mosen
307 2363 345 2393 ab
370 2364 507 2393 infantia,
532 2374 630 2403 usque
654 2374 819 2403 nunquam
844 2364 942 2394 fuisse
969 2363 1135 2399 disertum,

167 2417 273 2445 neque
297 2407 392 2436 etiam
419 2417 504 2437 nunc
528 2406 681 2437 donatum
708 2418 791 2437 nova
815 2406 1007 2445 eloquentia

256 2450 302 2479 11.
337 2449 414 2487 Quis
438 2450 545 2488 posuit
567 2460 600 2480 ος
623 2451 656 2479 'in
686 2450 831 2480 Inmane?
874 2449 937 2480 Hic
960 2459 1054 2479 cansa
1081 2458 1136 2478 ex-

167 2493 318 2531 primitur
358 2503 415 2522 cur
460 2492 711 2532 reprehensione
757 2492 855 2533 digna
900 2493 995 2523 fuerit
1036 2491 1137 2522 Mosis

168 2535 342 2565 cunctatio:
374 2545 489 2574 nempe
520 2535 601 2574 quod
628 2535 658 2565 in
691 2536 821 2576 propria
852 2535 1040 2565 infirmitate
1064 2533 1136 2564 sub-
1162 2542 1163 2549 ¹

238 2629 263 2657 1,
284 2628 317 2653 Ιιι
337 2629 472 2661 marqz'ne:
494 2629 553 2659 Vel,
574 2637 632 2653 cum
653 2638 691 2654 eo.

1015 435 1063 466 17.
1088 426 1157 466 Et*

746 168 1116 203 COMMENTARIUS
1141 170 1189 202 IN
1215 169 1361 200 EXODI
1384 168 1481 199 CAP.
1504 168 1563 199 IV.

2107 172 2148 201 56

1182 265 1299 295 sistens
1314 273 1378 293 non
1400 261 1572 301 respiceret
1589 261 1621 292 in
1636 262 1753 298 Deum,
1773 262 1827 301 qui
1846 262 1968 294 nullius
1988 263 2148 297 humanae

1181 307 1250 347 opis
1274 306 1420 346 indigus,
1448 315 1504 344 per
1528 315 1561 335 se
1586 304 1674 335 nullo
1699 304 1827 345 negotio
1851 305 1964 345 implet
1994 307 2148 348 quidquid

1182 349 1339 383 decrevit,
1376 353 1406 377 et
1441 347 1613 378 obstaculis
1647 358 1728 387 quae
1765 358 1821 378 nos
1853 351 1977 379 terrent
2000 350 2148 390 subactis,

1182 392 1369 422 adiumenta
1403 389 1463 421 sibi
1497 400 1554 429 pro
1584 389 1715 420 arbitrio
1748 389 1960 430 undecunque
1991 392 2146 425 adsciscit.

1183 435 1355 465 Reinoram
1376 444 1414 463 ex
1434 443 1492 463 sua
1513 433 1653 464 balbutie
1674 433 1733 464 sibi
1752 433 1858 464 obiicit
1872 434 1993 465 Moses:
2016 446 2148 475 respon-

1183 477 1228 507 dit
1253 478 1341 507 Deus
1365 486 1398 506 se
1422 486 1522 506 unum
1547 485 1615 507 esse
1640 476 1694 515 11111
1719 475 1848 515 linguas
1871 475 2038 508 hominum
2071 489 2149 518 quas

1182 520 1302 551 creavit
1323 518 1494 559 gubernet:
1519 519 1627 558 itaque
1646 518 1729 558 quod
1749 519 1803 549 alii
1827 523 1903 549 sunt
1922 519 2078 560 elingues,
2096 521 2150 552 vel

1182 563 1280 600 muti,
1302 562 1356 592 alii
1380 565 1488 592 autem
1512 561 1652 602 prompti
1676 561 1714 592 ad
1739 561 1950 601 loquendum,
1975 562 2149 595 discrimen

1182 616 1250 636 esse
1291 615 1330 635 ex
1365 614 1454 634 mero
1494 615 1552 635 suo
1595 604 1803 644 beneplacito.
1859 604 1953 636 Unde
1994 607 2149 646 sequitur,

1181 648 1292 679 subiici
1324 648 1392 678 eius
1420 647 1556 686 imperio
1587 652 1686 678 totam
1711 652 1859 678 naturam
1883 647 1932 689 (ut
1961 648 2150 691 loquuntur)

1182 696 1218 721 nt
1247 690 1352 721 media
1381 699 1462 730 quae
1493 689 1583 721 nulla
1613 694 1689 721 sunt
1722 690 1815 721 facile
1845 691 2005 722 inveniat:
2037 696 2151 723 eontra

1183 744 1259 765 vero
1299 743 1508 773 quaeeunque
1549 738 1734 773 repugnant
1779 732 2011 772 impedimenta
2055 734 2150 775 longe

1183 781 1318 811 avertat,
1340 776 1387 807 vel
1409 780 1502 815 cogat
1522 776 1620 806 etiam
1642 775 1700 806 sub
1719 775 1918 816 obsequium.
1954 776 2150 818 Quanquam

1182 830 1246 850 non
1271 824 1398 850 tantum
1423 819 1481 849 sibi
1506 819 1571 849 vim
1595 825 1627 849 et
1650 823 1839 858 potestatem
1865 819 2052 851 moderandi
2076 831 2151 852 ven-

1183 862 1267 893 dicat
1291 862 1324 892 in
1347 861 1492 902 generali
1523 867 1657 892 naturae
1680 872 1789 898 cursu,
1820 862 1874 892 sed
1900 862 1991 894 docet
2014 874 2053 894 ex
2077 874 2148 903 spe-

1182 905 1254 936 ciali
1290 915 1347 935 sna
1381 904 1487 944 gratia
1520 904 1621 935 fluere
1652 903 1734 944 quod
1765 904 1819 935 alii
1847 915 1945 945 supra.
1975 906 2054 937 alios
2084 906 2149 937 elo-

1182 948 1313 988 quentia
1336 948 1470 987 pollent:
1503 957 1606 986 neque
1630 946 1661 977 id
1685 947 1795 984 modo,
1825 947 1879 978 sed
1910 948 1942 978 in
1966 958 2064 980 manu
2088 949 2149 980 sibi

1183 1002 1252 1022 esse
1283 990 1380 1021 miras
1411 990 1652 1027 conversiones,
1684 994 1720 1020 ut
1750 990 1979 1022 disertissimos
2010 1002 2151 1032 quosque

1182 1034 1401 1064 obmutescere
1429 1033 1538 1068 faeiat,
1570 1033 1668 1063 mutis
1693 1037 1800 1063 autem
1831 1034 1975 1074 linguam
2000 1034 2151 1074 expediat:

1183 1077 1221 1107 ad
1246 1076 1447 1116 loquendum.
1495 1076 1577 1106 Nam
1602 1080 1635 1106 et
1657 1076 1856 1115 experientia
1879 1077 1939 1107 1100
1963 1076 2069 1115 docet,
2095 1077 2150 1118 qui

1182 1119 1314 1160 linguae
1337 1119 1482 1159 agilitate
1505 1123 1674 1159 praestant
1696 1118 1858 1150 interdum
1882 1130 2031 1150 sermone
2055 1120 2151 1152 desti-

1183 1164 1244 1193 tui:
1270 1172 1398 1193 rursum
1419 1160 1529 1192 balbos
1553 1166 1609 1192 aut
1628 1161 1736 1193 tardos
1756 1161 1935 1193 incredibili
1956 1162 2150 1194 dexteritate

1183 1216 1277 1245 agere
1301 1215 1428 1236 causam
1453 1215 1561 1241 unam,
1584 1215 1682 1244 quum
1703 1205 1737 1235 in
1760 1205 1831 1236 aliis
1851 1206 2000 1237 omnibus
2025 1206 2152 1238 deficiat

1183 1258 1236 1279 eos
1260 1248 1401 1278 facultas.
1449 1246 1558 1286 Quum
1584 1257 1660 1287 ergo
1690 1247 1722 1277 in
1744 1258 1842 1278 manu
1866 1248 1927 1279 Dei
1957 1249 1999 1279 sit
2022 1248 2151 1290 linguas

1183 1291 1318 1331 singulis
1341 1290 1513 1321 momentis
1536 1290 1586 1321 vel
1611 1290 1841 1331 constringere,
1857 1291 1906 1321 vel
1929 1291 2063 1330 solvere,
2077 1302 2150 1332 per-

1184 1344 1293 1374 peram
1326 1333 1432 1365 Moses
1461 1333 1551 1372 quasi
1583 1332 1802 1373 deprehensus
1831 1333 1951 1372 haesit,
1983 1334 2058 1374 quia
2085 1345 2151 1366 non

1184 1381 1371 1416 suppeteret-
1395 1376 1551 1406 naturalis
1574 1376 1739 1407 facundia:
1771 1387 1806 1407 ac
1829 1377 1854 1407 si
1879 1387 1977 1416 penes
2005 1383 2152 1408 autorem

1185 1425 1320 1450 naturae
1362 1429 1425 1450 non
1468 1423 1550 1450 esset
1591 1418 1689 1449 huius
1729 1419 1922 1450 incommodi
1963 1419 2153 1452 remedium.

1185 1462 1310 1492 Verum
1330 1462 1421 1493 sicuti
1441 1462 1633 1493 immensam
1647 1461 1710 1492 Dei
1728 1462 1906 1502 potentiam
1926 1473 2023 1503 supra
2041 1473 2154 1495 omnes

1184 1506 1237 1544 qui
1261 1505 1351 1536 nobis
1375 1504 1590 1535 adversantur
1612 1504 1717 1536 obices
1741 1505 1895 1536 extollere
1918 1506 2080 1544 convenit,
2105 1506 2152 1537 ita,

1184 1558 1296 1578 rursus
1319 1548 1500 1579 cavendum
1525 1558 1565 1578 ne
1589 1548 1770 1587 promiscue
1793 1554 1824 1578 ct
1847 1549 1915 1579 sine
1939 1548 2063 1580 delectu
2086 1549 2152 1581 huc

1184 1591 1260 1621 illuc
1280 1601 1350 1621 eam
1370 1590 1546 1627 trahamus
1573 1601 1608 1621 ac
1632 1591 1657 1621 si
1682 1590 1800 1621 nostris
1820 1591 1984 1631 figmentis
2008 1592 2153 1623 subiecta

1185 1638 1279 1664 esset.
1315 1633 1470 1664 Videmus
1490 1634 1575 1664 enim
1595 1633 1772 1673 plerosque,
1794 1633 1869 1664 dum
1891 1634 1987 1666 nimis
2000 1634 2153 1666 audacter

1185 1677 1366 1716 suscipiunt
1378 1675 1531 1716 quidquid
1545 1676 1619 1706 tulit
1631 1687 1740 1707 eorum
1762 1676 1869 1714 libido,
1890 1688 1929 1707 ne
1943 1677 2018 1717 quid
2037 1688 2150 1709 eorum

1184 1720 1340 1759 impetum
1367 1725 1525 1757 moretur,
1556 1719 1641 1750 1111110
1664 1719 1812 1760 clypeum
1845 1720 2002 1760 arripere,
2033 1721 2064 1751 in
2088 1719 2153 1751 Dei

1186 1773 1284 1792 manu
1320 1772 1388 1792 esso
1422 1762 1531 1792 omnia
1565 1762 1671 1793 media
1702 1767 1733 1792 et
1762 1767 1909 1794 eventus.
1962 1764 2062 1803 Atqui
2092 1762 2153 1795 hac

1186 1805 1339 1835 iactantia
1372 1804 1503 1844 indigne
1538 1806 1727 1845 profanatur
1760 1805 1824 1836 Dei
1859 1806 1978 1836 virtus:
2019 1805 2154 1846 ideoque

1186 1858 1250 1878 non
1274 1852 1379 1887 potest
1405 1848 1482 1878 haec
1505 1849 1665 1878 sententia
1689 1849 1748 1879 rite
1768 1848 2005 1880 accommodari
2024 1850 2057 1879 in
2076 1849 2155 1890 legi-

1187 1891 1299 1921 timum
1324 1891 1434 1927 finem,
1458 1891 1517 1921 nisi
1543 1891 1728 1930 praeluceat
1751 1892 1876 1922 vocatio
1900 1895 1931 1922 et
1954 1892 2153 1924 mandatum.

1186 1933 1299 1973 Itaque
1330 1933 1470 1964 notanda
1499 1938 1547 1964 est
1578 1934 1752 1965 connexio:
1784 1935 1993 1966 Proficiscere
2026 1945 2089 1974 quo
2121 1938 2153 1966 te

1187 1977 1332 2007 mittam:
1366 1987 1471 2007 nonne
1506 1987 1563 2017 ego
1598 1987 1668 2007 sum
1699 1977 1837 2015 Iehova,
1872 1977 1927 2017 qui
1962 1988 2153 2016 sermonem,

1187 2019 1292 2051 visum
1328 2022 1360 2049 et
1393 2018 1537 2049 auditum
1570 2019 1756 2051 hominibus
1787 2019 1930 2060 largior?
1966 2020 2057 2058 Quae
2092 2020 2154 2052 11110

1187 2061 1300 2099 tendit,
1321 2066 1353 2091 ut
1368 2062 1474 2092 Moses
1493 2062 1697 2093 liberalitatis
1718 2063 1845 2093 divinae
1870 2062 1985 2093 fiducia
2001 2063 2040 2094 ad
2060 2073 2152 2094 exse-

1188 2104 1353 2144 quendum
1377 2115 1494 2135 munus
1516 2116 1610 2135 suum
1633 2113 1763 2136 strenue
1786 2106 1960 2136 incumbat.

1276 2147 1323 2178 13.
1349 2146 1436 2177 Mitte
1451 2158 1507 2186 per
1528 2158 1663 2179 ottanum.
1699 2148 1793 2186 Quod
1816 2148 1902 2179 hunc
1926 2148 2030 2179 locum
2054 2148 2154 2179 inter-

1188 2194 1360 2230 pretantur
1384 2190 1528 2221 nonnulli
1553 2190 1591 2221 de
1615 2190 1759 2222 Christo.
1787 2192 1875 2230 qnasi
1900 2191 2020 2222 diceret
2044 2191 2154 2222 Moses

1189 2234 1258 2263 eius
1277 2232 1397 2262 virtute
1417 2243 1496 2272 opus
1515 2244 1583 2264 esse
1597 2233 1635 2263 ad
1656 2234 1737 2264 tanti
1758 2234 1863 2274 operis
1884 2233 2152 2273 magnitudinem,

1189 2280 1332 2307 coactum
1358 2280 1406 2305 est
1429 2282 1460 2305 ct
1483 2276 1576 2316 longo
1602 2277 1747 2316 petitum,
1772 2282 1803 2307 et
1826 2276 1984 2307 refellitur
2008 2278 2154 2316 proximo

1189 2323 1356 2349 contextu:
1388 2319 1461 2357 quia
1489 2319 1526 2348 ad
1553 2320 1635 2350 hanc
1658 2320 1875 2359 precationem
1899 2330 1961 2350 non
1987 2324 2154 2360 tantopere

1190 2360 1416 2392 cxcanduissot
1446 2361 1541 2392 Deus.
1595 2362 1645 2392 Dc
1679 2363 1828 2392 Aharone
1857 2373 1913 2393 cur
1947 2362 2000 2393 alii
2030 2362 2152 2394 dictum

1189 2404 1348 2443 accipiant
1368 2414 1429 2433 non
1451 2404 1556 2435 video:
1580 2405 1661 2435 nihil
1682 2406 1765 2435 enini
1786 2406 1816 2435 in
1838 2416 1946 2436 eorum
1967 2405 2153 2436 coniectura

1189 2448 1319 2477 firmum
1349 2452 1411 2481 est,
1444 2447 1527 2485 qnod
1559 2448 1664 2479 Moses
1697 2448 1754 2478 sibi
1791 2449 1923 2479 fratrem
1955 2448 2151 2487 praetulerit.

1189 2490 1319 2520 Tertius
1343 2500 1455 2519 sensus
1480 2492 1579 2529 inagis
1602 2498 1649 2521 est
1675 2491 1860 2527 tolerabilis,
1888 2496 1922 2521 nt
1948 2491 2034 2521 Deus
2057 2501 2153 2530 quem

1190 2532 1228 2562 ad
1250 2532 1310 2562 hoc
1329 2542 1408 2570 opus
1428 2532 1611 2569 destinavit,
1637 2534 1723 2564 velut
1743 2538 1890 2573 porrecta
1908 2543 2005 2563 manu
2023 2533 2152 2573 dirigat:

1189 2574 1272 2614 (111011
1308 2573 1497 2604 tantundem
1534 2576 1618 2605 valet
1659 2581 1753 2615 atque
1795 2576 1984 2607 necessariis
2026 2576 2153 2607 dotibus

1190 2628 1313 2648 ornare.
1367 2616 1430 2647 Sed
1461 2622 1537 2647 tunc
1570 2619 1740 2650 relativum
1774 2619 1966 2651 vertendum
2002 2623 2085 2650 esset
2119 2619 2152 2650 in
