2304 3034
179 194 240 224 559

179 296 283 328 ‹renus
303 285 360 315 fuit
373 282 540 324 lapidatio:
561 281 615 312 sed
636 280 802 321 probabile
821 284 870 311 est
883 280 953 311 Deo
974 281 1143 329 placuisse,

179 330 233 361 ubi
263 328 401 368 plurium
434 324 582 355 manibus
611 323 767 354 utendum
799 327 874 355 erat
922 323 993 355 Nisi
1025 324 1057 354 in
1082 335 1143 356 usu

179 372 293 403 fuisset
316 367 539 408 suspendium
568 367 689 397 flustra
711 367 858 398 iussisset
881 366 971 397 Deus
995 371 1070 398 ante
1094 378 1143 399 so-

178 415 217 445 lis
247 422 393 444 occasum
417 421 432 441 c
456 410 544 450 ligno
568 409 635 440 tolli
659 409 807 458 suspensi
830 409 972 440 hominis
996 409 1142 441 cadaver.

178 457 287 498 (Deut.
312 454 361 491 21,
388 463 416 484 v.
437 452 502 501 23.)
547 452 697 483 Fuerunt
726 452 825 493 igitur
855 452 936 483 aliae
966 462 1142 492 poenarum

178 479 364 538 capitaliuni
398 496 527 536 species.
579 494 645 526 Sed
680 478 756 526 ubis
766 495 834 526 eius
869 495 923 535 qui
958 501 1145 535 peccaverat

178 546 289 578 morte,
321 539 412 580 quasi
442 538 584 578 piaculo,
616 537 787 578 purganda
805 537 867 568 fuit
886 542 982 576 terra,
1006 538 1145 578 lapidari

885 187 1093 220 TERTIUM
1125 188 1444 222 PRAECEPTUM.

2101 192 2166 224 560

1196 284 1340 324 oportuit
1359 284 1460 315 totius
1484 285 1592 324 populi
1613 284 1779 316 manibus:
1804 285 1879 324 quia
1898 285 2027 316 crudele
2049 286 2164 318 fuisset

1196 326 1284 357 lenta
1304 332 1406 358 morte
1425 328 1579 365 consumi,
1607 327 1634 357 si
1661 327 1714 358 alii
1741 331 1813 366 post
1836 327 1914 359 alios
1938 339 2052 360 manus
2077 334 2163 360 attu-

1197 368 1319 400 lissent.
1370 369 1436 401 Cur
1467 375 1574 400 autem
1606 370 1713 401 iussus
1744 370 1842 400 fuerit
1870 371 2009 410 populus
2040 371 2163 411 lapides

1197 412 1350 451 proiicere
1371 422 1434 443 uno
1453 422 1623 449 consensu,
1649 413 1726 443 haec
1743 412 1802 442 fuit
1825 413 1915 451 ratio,
1940 418 1977 444 ut
2000 415 2164 454 specimen

1197 454 1305 485 ederet
1335 455 1393 485 zeli
1419 455 1484 493 sui,
1508 466 1570 495 quo
1595 459 1790 486 monstraret
1812 456 1927 495 quanti
1949 456 2073 488 faceret
2095 456 2165 488 vio-

1198 497 1350 528 lationem
1373 497 1479 529 cultus
1503 497 1575 529 Dei.

789 1000 1076 1047 TERTIUM
1110 1000 1556 1048 PRAECEPTUM.

497 1153 560 1184 EX
585 1153 735 1184 EXODI
756 1152 834 1184 XX.

263 1240 290 1270 7.
317 1239 389 1270 Non
411 1249 514 1270 sumes
536 1249 642 1270 nomen
656 1238 786 1270 Ielcovae
802 1238 865 1269 Det
887 1239 934 1269 tm
957 1239 991 1269 in
1014 1248 1146 1270 vanum:

177 1283 253 1321 quia
271 1292 333 1313 non
351 1282 481 1314 absolvet
499 1293 568 1313 eum
581 1282 694 1313 Iehova
717 1282 771 1321 qui
794 1291 900 1313 nomen
922 1291 1014 1312 suum
1038 1291 1145 1321 sump-

177 1326 251 1356 serit
273 1326 307 1356 in
331 1336 450 1356 vanum.

373 1496 634 1536 REPETITIO,
662 1496 727 1527 EX
751 1495 883 1527 DEUT.
910 1496 948 1526 V.

266 1584 312 1614 11.
340 1583 411 1614 Non
429 1593 532 1613 sumes
551 1581 797 1613 nomenlelmvae
809 1581 871 1613 Det
894 1582 940 1612 tm·
963 1582 995 1612 in
1014 1592 1147 1613 vanum:

177 1627 253 1667 quia
272 1637 331 1658 non
350 1626 481 1657 absolvet
499 1625 613 1656 Ielzova
639 1635 708 1655 eum
726 1625 781 1664 qui
799 1635 908 1656 nomen
926 1634 1019 1656 suum
1039 1635 1146 1664 sump-

178 1670 252 1701 serit
274 1670 308 1700 -ἱη
331 1679 454 1700 vanum.

265 1755 369 1785 Exodi
393 1755 444 1790 20.
469 1755 497 1785 7.
534 1754 605 1785 Non¹
627 1764 730 1785 sumes
752 1763 868 1785 nomen.

178 1809 211 1828 in
243 1798 302 1828 hoc
333 1805 502 1837 praecepto
531 1796 750 1838 synecdoche:
782 1807 857 1827 nam
882 1802 917 1827 ut
940 1796 1030 1827 Deus
1055 1807 1147 1828 reve·

178 1841 316 1872 rentiam
346 1841 497 1872 conciliet
525 1851 615 1871 sacro
646 1851 704 1870 suo
728 1840 851 1870 nomini
874 1839 978 1878 qualis
1002 1839 1145 1877 debetur,

178 1890 265 1914 vetat
286 1891 407 1914 temere
431 1884 525 1919 sumi,
550 1883 722 1922 praecipue
745 1882 779 1913 in
803 1883 1004 1913 iuramentis.
1052 1881 1145 1913 Unde

177 1927 340 1966 colligitur
367 1938 406 1957 ex
436 1927 582 1965 opposito
606 1925 839 1956 affirmativum
863 1931 1085 1964 praeceptum,
1112 1931 1145 1955 ut

1170 1991 1171 1996 ,
1196 1965 1412 2006 ingratitudo,
1443 1964 1528 2004 quod
1558 1976 1657 2004 quum
1689 1965 1779 1997 Deus
1810 1977 1927 1997 nomen
1951 1977 2047 1997 suum
2070 1967 2163 2007 quasi

177 1980 272 1999 omne
300 1969 525 2000 iusiurandum
555 1969 778 1999 testimonium
808 1969 850 1999 sit
879 1979 976 1999 verae
1005 1968 1143 2007 pietatis,

177 2013 211 2042 in
231 2023 293 2052 quo
318 2012 379 2043 Dei
404 2012 504 2051 ipsius
528 2012 679 2042 maiestas
703 2011 842 2050 gloriam
865 2021 959 2041 suam
990 2011 1143 2042 obtineat.

178 2055 280 2085 Porro
303 2063 428 2086 certum
453 2062 584 2085 estnon
609 2053 703 2084 modo
727 2065 826 2093 quum
851 2064 906 2093 per
930 2054 1038 2084 Deum
1060 2054 1144 2084 iura-

177 2109 264 2134 mus,

177 2141 302 2180 quoties
333 2142 369 2171 fit
393 2142 462 2172 eius
485 2141 617 2171 mentio.

178 2228 310 2264 profano
333 2233 521 2266 contemptu
544 2226 667 2256 asserit.
712 2225 824 2256 Iurare
849 2236 904 2265 per
934 2224 996 2255 Dei
1018 2235 1144 2259 nomen,

177 2270 315 2308 speciem
349 2281 418 2300 esse
455 2269 502 2299 vel
538 2275 664 2308 partem
699 2269 804 2299 cultus
839 2269 918 2304 eius,
956 2268 1051 2307 paulo
1075 2272 1172 2307 post⁴

178 2311 370 2349 videbimus,
397 2319 428 2342 et
452 2322 492 2342 ex
515 2312 618 2342 Isaiae
644 2312 749 2342 verbis
773 2311 857 2341 clare
885 2317 974 2351 patet
996 2310 1072 2350 (Isa.
1093 2310 1144 2346 45,

177 2355 264 2437 gigni
285 2409 401 2429 nornen
419 2398 524 2428 datur-1
516 2408 561 2437 as,
580 2398 625 2428 sie
645 2397 706 2427 ait:
729 2397 812 2427 Vivo
831 2407 899 2436 ego,
924 2395 1002 2426 dicit
1016 2396 1144 2443 Iehova,

178 2441 257 2471 mihi
287 2441 476 2472 curvabitur
499 2451 595 2470 omne
619 2450 713 2479 genu,
739 2445 770 2469 et
793 2439 898 2469 omnis
923 2439 1034 2477 lingua
1058 2439 1144 2469 iura-

180 2483 224 2512 bit
244 2494 299 2522 per
319 2494 377 2514 ine.
423 2484 520 2513 l'orro
539 2484 564 2514 si
590 2483 774 2521 genuflexio
798 2482 1018 2513 adorationem

179 2527 260 2562 licat,
281 2526 365 2557 istud
390 2527 496 2556 iurare
520 2526 602 2565 quod
628 2526 824 2556 coniunctim
847 2524 984 2559 additur,
1011 2530 1143 2554 tantun-

179 2568 251 2598 dem
282 2569 365 2598 valet
399 2577 492 2607 :itque
527 2569 630 2607 ipsum
663 2579 835 2605 :ignoscere
866 2578 923 2607 pro
949 2569 1027 2597 Deo.
1073 2566 1142 2596 Iam

179 2622 275 2649 quum
302 2612 381 2641 ratio
405 2612 498 2641 dictet
527 2613 664 2650 speeiem
690 2612 741 2641 hic
767 2611 839 2650 poni
864 2621 920 2649 pro
944 2620 1071 2649 genere,
1098 2610 1142 2638 vi—

181 2654 319 2684 dendum
351 2662 399 2683 ost
429 2654 505 2693 quid
536 2654 674 2693 intelligi
706 2654 819 2684 debeat
849 2663 906 2692 per
930 2663 1046 2683 nomen
1071 2652 1140 2687 Dei,

1200 1666 1343 1741 ξιιιὲιιίἓιιε
1378 1719 1494 1740 nomen
1529 1720 1598 1740 esse
1632 1709 1716 1748 quod
1748 1710 1869 1741 Paulus
1903 1709 2011 1751 (Rom.
2049 1710 2076 1747 1,
2113 1709 2166 1752 19)

906 1753 1080 1784 Manifesta
1098 1758 1148 1785 est
1172 1756 1174 1760 ’

1172 1801 1173 1812 ¹
1200 1795 1279 1831 Dei,

1170 2055 1171 2096 ]
1197 2052 1351 2092 terposito
1375 2050 1446 2081 fidei
1471 2050 1620 2098 pignore:

300 2104 488 2129 reverenter
521 2096 692 2128 colendum
727 2107 796 2127 esse
826 2098 897 2127 eius
929 2107 1057 2133 nomen,
1088 2096 1144 2127 sed
1170 2106 1171 2130 3

659 2140 710 2170 Ita
735 2140 785 2170 his
809 2140 915 2170 verbis
938 2140 1145 2170 sanctitatem
1170 2135 1172 2176 ’,

178 2195 285 2220 sunm,
317 2190 383 2214 tarn
414 2184 447 2214 in
471 2183 570 2213 verbo
594 2193 689 2222 quam
713 2183 864 2222 operibus
887 2182 963 2217 suis,
995 2182 1034 2212 ab
1058 2182 1145 2212 omui
1171 2204 1173 2227 l

286 2338 371 2386 Nani
403 2355 456 2385 ubi
488 2355 643 2394 praedicit
674 2361 787 2393 (rentes
811 2365 923 2384 omnes
948 2364 1046 2392 purae
1071 2353 1144 2383 reli·
1170 2383 1171 2389 ,

1042 2481 1143 2520 signi·
1169 2482 1170 2516 J

1197 1159 1228 1184 et
1258 1163 1314 1192 per
1342 1153 1533 1184 adverbium
1557 1155 1649 1186 ΝἹΨὉ.
1695 1153 1850 1194 Ineptum
1873 1164 1909 1186 ac
1933 1154 2055 1194 puerile
2077 1164 2165 1186 com-

1198 1201 1344 1227 mentum
1357 1201 1406 1227 est
1420 1196 1615 1236 restringere
1634 1196 1693 1228 hoc
1713 1197 1753 1228 ad
1773 1207 1890 1228 nomen
1903 1197 2054 1235 1ehovae,
2078 1208 2114 1229 ac
2137 1198 2166 1229 si

1197 1239 1230 1269 in
1261 1238 1363 1269 literis
1394 1238 1445 1270 vel
1476 1239 1609 1279 syllabis
1637 1239 1761 1271 inclusa
1789 1245 1874 1271 esset
1905 1240 1966 1271 Dei
1996 1240 2164 1272 maiestas:

1197 1281 1252 1312 sed
1271 1281 1344 1321 quia
1357 1281 1529 1313 invisibilis
1548 1287 1599 1313 est
1616 1283 1685 1313 eius
1703 1283 1853 1320 essentia,
1874 1293 1991 1314 nomen
2010 1289 2167 1323 tanquam

1198 1325 1303 1364 imago
1334 1324 1425 1355 nobis
1455 1325 1662 1364 proponitur,
1697 1332 1859 1365 quatenus
1889 1335 1923 1357 se
1952 1325 2044 1357 nobis
2073 1325 2166 1357 Deus

1198 1367 1365 1407 patefacit,
1399 1372 1431 1397 et
1464 1367 1530 1398 suis
1561 1368 1645 1398 notis
1667 1378 1702 1398 se
1734 1368 1915 1408 insigniens
1944 1369 2165 1408 cognoscitur:

1198 1411 1292 1442 sicuti
1306 1409 1450 1441 homines
1470 1421 1511 1440 ex
1531 1421 1588 1440 suo
1612 1410 1748 1450 quisque
1772 1411 1911 1442 nomine.
1948 1411 2019 1442 Hac
2041 1411 2167 1443 ratione

1199 1452 1353 1484 Christus
1382 1452 1471 1483 docet
1502 1463 1619 1483 nomen
1648 1453 1708 1484 Dei
1732 1452 1960 1494 comprehendi
1983 1454 2043 1485 sub
2066 1454 2162 1490 coelo,

1198 1500 1302 1533 terra,
1333 1495 1467 1535 templo,
1496 1495 1606 1526 altari:
1645 1496 1719 1535 quia
1741 1496 1807 1527 illic
1830 1497 2003 1536 conspicua
2025 1502 2076 1528 est
2096 1496 2167 1528 eius

1198 1538 1300 1579 gloria
1320 1537 1427 1579 (Matt.
1452 1538 1480 1575 5,
1501 1536 1564 1579 34).
1611 1538 1705 1570 Unde
1729 1539 1885 1579 sequitur,
1916 1539 2081 1579 profanari
2103 1538 2167 1571 Dei

1200 1591 1318 1612 nomen
1349 1581 1472 1620 quoties
1512 1591 1657 1612 summae
1691 1582 1759 1613 eius
1790 1582 1983 1622 sapientiae,
2017 1582 2167 1614 infinitae

1199 1624 1329 1661 virtuti,
1376 1623 1533 1661 iustitiae,
1575 1624 1720 1661 veritati,
1762 1624 1952 1656 clementiae
1995 1630 2028 1656 et
2073 1625 2167 1656 recti-

1355 1665 1543 1697 detrahitur
1605 1666 1642 1698 Si
1682 1667 1806 1706 placeat
1848 1667 1975 1699 brevior
2011 1667 2166 1705 definitio,

1201 1758 1291 1783 vocat
1326 1751 1357 1781 τὸ
1391 1751 1528 1790 γνωστὸν.
1586 1751 1733 1783 Inaniter
1762 1763 1839 1784 vero
1873 1753 2013 1784 sumitur
2045 1763 2167 1784 nomen

1320 1805 1384 1825 non
1424 1800 1549 1825 tantum
1587 1795 1640 1826 ubi
1671 1795 1743 1834 quis
1772 1806 1809 1826 eo
1849 1795 1993 1827 abutitur
2023 1795 2064 1826 ad
2097 1806 2168 1836 per-

1198 1838 1296 1875 iuria,
1327 1837 1382 1868 sed
1417 1838 1471 1868 ubi
1504 1837 1620 1868 leviter
1653 1848 1689 1868 ac
1722 1839 1933 1878 contemptim
1967 1839 2091 1878 rapitur
2124 1837 2165 1870 ad

1198 1880 1381 1921 probandas
1400 1890 1450 1911 res
1473 1879 1606 1910 frivolas
1629 1890 1665 1911 ac
1689 1881 1891 1920 nugatorias:
1917 1881 2029 1920 loquor
2053 1881 2092 1912 de
2113 1881 2163 1912 iu-

1198 1923 1363 1954 ramentis.
1408 1922 1448 1953 In
1479 1932 1515 1952 eo
1539 1928 1648 1953 autem
1672 1923 1770 1954 nimis
1793 1934 1902 1954 crassa
1924 1929 1973 1955 est
1995 1923 2164 1955 hominum

1196 2009 1338 2049 precario
1362 2008 1514 2039 concedat
1537 2007 1577 2038 ad
1600 2007 1672 2038 lites
1696 2008 1906 2055 dirimendas,
1935 2014 2089 2056 tanquam
2112 2009 2163 2040 in-

1653 2052 1832 2090 promiscue
1867 2062 1932 2081 non
1962 2051 2032 2082 sine
2063 2052 2163 2082 mani-

1198 2095 1279 2125 festo
1308 2099 1494 2133 contemptu
1522 2093 1556 2123 in
1586 2093 1730 2133 ipsorum
1762 2104 1817 2123 ore
1849 2094 1969 2124 volitat.
2014 2094 2164 2125 Periuria

1198 2139 1315 2168 iterum
1347 2135 1513 2167 damnabit
1541 2135 1631 2166 Deus
1661 2147 1693 2166 111
1717 2136 1830 2175 quinto
1854 2140 2024 2175 praecepto
2048 2146 2163 2168 secun-

1198 2179 1257 2210 dae
1281 2179 1425 2216 tabulae,
1448 2189 1564 2218 nempe
1588 2184 1747 2218 quatenus
1767 2179 1922 2217 proximis
1942 2178 2086 2210 nocendo
2109 2189 2164 2210 ca—

1198 2223 1328 2253 ritatem
1359 2220 1491 2252 laedunt
1521 2231 1557 2252 ac
1589 2221 1718 2252 violant.
1764 2221 1872 2251 Huius
1897 2222 2057 2261 praecepti
2081 2222 2164 2253 alius

1197 2271 1245 2296 est
1263 2269 1426 2304 respectus
1451 2263 1500 2294 vel
1524 2264 1615 2300 finis,
1640 2270 1676 2294 ut
1698 2264 1767 2294 Deo
1790 2274 1870 2294 suus
1893 2263 1994 2294 honos
2018 2264 2163 2296 illibatus

1197 2314 1334 2345 maneat,
1359 2317 1421 2337 non
1442 2306 1503 2336 nisi
1529 2306 1676 2345 religiose
1696 2306 1735 2336 dc
1759 2306 1826 2345 ipso
1849 2305 2030 2346 loquamur,
2054 2307 2163 2348 vigeat

1197 2352 1282 2381 inter
1306 2361 1364 2380 nos
1383 2359 1464 2389 quae
1485 2348 1594 2384 debet,
1622 2349 1692 2379 eius
1712 2349 1889 2379 veneratio.
1930 2350 2012 2382 ww&
2032 2350 2162 2390 quidem

1198 2394 1279 2424 verti
1309 2396 1432 2432 posset:
1463 2391 1512 2422 Ad
1537 2391 1757 2429 mendacium,
1781 2398 1814 2421 et
1838 2392 1897 2423 hoc
1920 2402 2018 2423 sensu
2042 2392 2163 2424 videbi-

1196 2447 1269 2467 mus
1288 2435 1358 2466 aliis
1377 2434 1454 2466 locis
1474 2434 1572 2464 sumi:
1597 2433 1650 2465 scd
1675 2435 1751 2473 quia
1773 2445 1869 2474 saepe
1889 2434 2083 2466 tantundem
2107 2446 2162 2466 va-

1196 2479 1240 2509 let
1271 2489 1306 2509 ac
1338 2483 1397 2509 mn
1422 2476 1504 2517 quod
1529 2483 1577 2507 est
1600 2478 1700 2515 gratis
1725 2477 1775 2507 vel
1800 2477 1929 2514 frustra,
1955 2478 2034 2509 hacc
2062 2489 2161 2518 expo·

1195 2522 1268 2553 sitio
1299 2520 1413 2551 melius
1443 2519 1601 2558 quadrare
1633 2520 1701 2550 visa
1731 2525 1794 2550 est:
1822 2520 1854 2550 in
1885 2530 1947 2560 qua
1972 2521 2070 2551 etiam
2094 2521 2160 2560 ple-

1196 2565 1266 2595 nior
1302 2571 1332 2593 et
1369 2562 1496 2592 uberior
1533 2562 1679 2592 doctrina
1716 2562 1908 2598 continetur,
1945 2574 1984 2593 ne
2013 2563 2161 2594 homines

1195 2606 1285 2646 quasi
1318 2617 1372 2645 per
1402 2605 1515 2635 ludum
1546 2611 1578 2634 et
1608 2605 1712 2635 iocum
1746 2605 1804 2635 Dei
1833 2616 1948 2635 nomen
1973 2605 2098 2637 levibus
2121 2605 2160 2637 de

1194 2649 1299 2681 causis
1318 2648 1491 2687 arripiant:
1515 2647 1600 2687 quod
1625 2658 1688 2677 non
1713 2648 1747 2677 fit
1771 2648 1839 2678 sine
1863 2649 1932 2678 eius
1955 2648 2160 2686 contumelia,
