2304 3034
182 198 241 228 195

179 291 241 322 Dei
266 289 496 330 praescriptum
523 290 600 316 erat.

181 345 243 364 non
278 331 364 363 aliud
399 330 560 369 significat
589 338 684 368 quam
715 333 808 358 extra
842 334 946 358 castra
981 339 1147 368 egressum

181 387 258 411 esse,
282 382 315 405 ut
340 373 446 413 procul
473 371 566 402 turba
591 376 623 401 et
642 371 730 400 omni
751 378 959 401 avocamento
979 371 1012 401 in
1032 382 1149 402 arcana

181 419 286 458 quiete
314 416 532 447 sciscitaretur
565 413 718 453 quidnam
745 412 815 443 Deo
839 413 989 452 placeret.
1034 414 1148 454 Neque

181 462 274 492 enim.
306 459 355 499 (ut
379 458 483 488 solent
509 455 739 496 superstitiosi)
769 455 871 486 locum
897 456 1059 487 excelsum
1084 458 1147 488 ele—

181 505 242 543 git,
277 503 329 532 ubi
359 501 427 531 Deo
458 505 544 530 esset
567 499 713 539 propior:
749 498 804 529 sed
828 500 867 528 ab
891 500 980 529 omni
1005 500 1148 530 tumultu

181 556 213 576 se
244 544 414 581 subduxit,
448 548 482 573 nt
517 553 632 573 sensus
663 552 774 572 omnes
809 551 884 572 suos
913 542 1079 582 colligeret
1108 542 1149 573 ad

179 588 322 619 studium
348 586 502 617 discendi.
549 585 669 615 Postea
692 588 799 615 tamen
825 583 984 625 adiungit,
1019 585 1091 624 plus
1115 597 1148 616 se

179 631 330 670 adeptum
353 639 447 668 quam
472 633 676 667 speraverat:
700 627 775 666 quia
804 627 908 664 Deus,
934 633 1061 667 praeter
1083 629 1148 659 usi-

181 680 283 703 tatum
318 682 455 707 morem,
501 670 540 701 de
574 669 759 700 renovando
794 680 853 700 suo
887 670 1016 701 foedere
1051 672 1149 702 verba

180 716 265 747 fecit.
310 718 414 754 Atque
452 714 516 744 hue
546 718 669 752 spectat
700 713 868 752 praefatio:
907 712 961 744 Sic
984 713 1070 745 dices
1094 713 1148 744 de-

181 760 248 789 mui
273 757 375 791 Iacob,
402 756 615 787 annunciabis
638 755 713 787 filiis
746 755 855 786 Israel.
905 756 969 787 Ubi
1000 757 1148 796 repetitio

182 807 213 832 et
238 801 405 832 verborum
431 799 602 830 diversitas
626 798 810 838 emphatica
834 804 891 836 est,
926 804 1079 839 tauquam
1110 800 1148 830 tle

181 855 216 875 re
240 845 380 874 maxime
404 842 488 872 seria
512 841 670 873 disserere
695 842 781 877 velit,
817 852 879 881 quo
902 842 975 881 plus
999 843 1147 873 attentio-

184 888 233 918 nis
258 887 316 917 sibi
342 890 513 924 comparet.

267 930 296 960 4.
326 928 384 959 Vos
408 929 538 959 vidistis
586 927 658 965 Quo
690 926 855 957 Israelitas
889 927 1003 958 blande
1034 928 1150 959 invitet

183 972 222 1003 ad
256 972 461 1010 obsequium,
504 970 607 1010 primo
650 969 849 1000 liberationis
891 969 1080 1002 beneficium
1116 971 1149 1001 in

183 1015 369 1046 memoriam
395 1018 542 1049 revocat,
572 1012 687 1044 deinde
712 1023 776 1042 non
801 1013 927 1043 minora
947 1014 977 1044 in
1003 1013 1149 1044 futurum

182 1064 308 1097 tempus
333 1057 503 1096 promittit,
528 1057 553 1087 si
577 1067 671 1086 suum
696 1056 755 1095 ipsi
782 1055 984 1086 liberatorem
1006 1057 1149 1088 vicissim

182 1111 244 1140 qua
268 1100 358 1130 decet
382 1101 503 1139 pietate
527 1104 558 1129 et
581 1098 782 1139 gratitudine
814 1099 930 1130 colant.
977 1099 1069 1130 Duas
1098 1110 1150 1130 au-

182 1149 245 1173 tem
270 1143 500 1173 beneficentiae
524 1152 600 1172 suae
624 1148 733 1181 partes
756 1146 912 1179 recenset,
937 1142 1020 1182 quod
1043 1143 1151 1173 formi-

183 1186 320 1216 dabilem
345 1196 435 1216 suam
461 1185 640 1225 potentiam
672 1185 852 1216 exseruerit
883 1191 995 1215 contra
1021 1186 1150 1227 Aegyp—

183 1229 258 1265 tios,
291 1228 406 1259 deinde
434 1228 517 1268 quod
549 1228 749 1267 redemptum
782 1228 935 1267 populum
960 1229 1150 1259 mirabiliter

182 1282 240 1311 per
274 1282 361 1302 mare
392 1278 424 1302 et
453 1276 560 1302 vastas
592 1270 800 1305 solitudines,
836 1271 927 1310 quasi
961 1281 1016 1310 per
1051 1271 1150 1302 nubes

183 1322 213 1345 et
237 1321 343 1346 aerem
366 1315 504 1345 vexerit.
549 1314 639 1344 Haec
663 1314 750 1344 enim
774 1313 1022 1345 inaestimabilis
1045 1314 1151 1344 fuerat

183 1359 296 1398 gratia,
322 1358 404 1397 quod
429 1357 548 1388 bellum
574 1362 762 1396 susceperat
788 1367 861 1387 eum
897 1367 972 1397 rege
995 1357 1150 1397 potentis-

183 1401 278 1434 simo,
323 1407 452 1440 gentem
499 1400 760 1430 florentissimam
805 1400 985 1436 afflixerat,
1031 1405 1149 1430 terram

183 1454 309 1474 summa
332 1443 498 1474 fertilitate
521 1443 683 1483 insignem
711 1448 904 1478 vastaverat,
930 1449 965 1473 ut
987 1450 1150 1482 contemp-

183 1487 224 1517 tis
261 1486 432 1526 mancipiis
466 1496 558 1525 opem
594 1486 702 1517 ferret.
760 1485 858 1515 Nulla
893 1486 977 1516 enim
1009 1486 1149 1525 primum

183 1530 216 1559 in
242 1530 443 1569 alienigenis,
478 1528 594 1560 deinde
616 1528 753 1560 sordidis
777 1533 808 1558 et
832 1529 988 1568 pecuariis
1013 1529 1150 1559 homini-

185 1572 259 1610 bus,
290 1579 321 1603 et
349 1573 433 1612 turpi
465 1571 680 1612 pudendoque
710 1571 845 1602 servitio
876 1571 1011 1602 addictis
1046 1572 1151 1602 fuerat

184 1615 326 1656 dignitas
348 1626 409 1655 qua
435 1616 525 1646 Deus
548 1615 581 1645 in
603 1615 731 1645 illorum
756 1615 893 1654 gratiam
923 1619 1152 1654 provocaretur

184 1659 223 1689 ad
249 1659 427 1699 Aegyptios
452 1657 621 1694 delendos,
654 1658 708 1697 qui
731 1658 850 1697 gloria,
882 1658 1011 1697 opibus,
1046 1662 1152 1688 terrae

184 1702 424 1739 foecunditate,
470 1707 500 1731 et
546 1701 673 1740 imperii
718 1700 889 1740 splendore
934 1700 1150 1740 praestabant.

185 1744 295 1783 Quare
326 1744 528 1775 detestabilis
559 1744 758 1784 ingratitudo
782 1743 914 1779 fuisset,
950 1754 1011 1774 non
1036 1754 1151 1783 agnos-

183 1831 252 1862 loco
283 1830 386 1867 addit,
422 1841 455 1861 se
490 1830 561 1861 illos
595 1835 740 1869 gestasse
771 1830 863 1860 sicuti
894 1829 996 1860 solent
1028 1829 1152 1868 aquilae

184 1874 290 1914 pullos
314 1884 396 1910 suos,
432 1873 470 1903 ad
496 1874 684 1904 continuum
711 1879 866 1912 paternae
889 1882 984 1903 curae
1008 1877 1153 1902 tenorem

186 1923 317 1955 spectat.
346 1916 468 1946 Eadem
493 1923 600 1955 postea
626 1915 838 1946 similitudine
863 1920 971 1946 utetur
995 1915 1101 1946 Moses
1119 1914 1153 1944 in

187 1960 327 1990 cantico:
352 1966 381 1989 et
408 1959 492 1998 apud
518 1959 691 1998 prophetas
715 1959 842 1998 saepius
867 1958 1014 1989 occurrit.
1054 1957 1152 1996 Aqui·
1181 1968 1182 1971 ¹

188 2003 249 2033 lam
278 2012 352 2032 vero
376 2009 481 2040 potius
506 2003 650 2032 nominat
674 2011 768 2041 quam
795 2001 874 2031 alias
897 2011 983 2037 aves,
1013 2011 1082 2030 meo
1106 2011 1154 2030 ιιι-

190 2099 265 2119 suae
290 2088 612 2118 commendationem.

189 2141 246 2170 per
277 2131 377 2161 ardua
409 2131 586 2165 extollunt,
618 2136 649 2160 et
681 2130 899 2161 assuefaciunt
935 2129 972 2160 ad
1002 2129 1154 2159 intuitum

190 2174 274 2204 solis.
321 2174 370 2203 Ita
396 2174 532 2213 populus
558 2184 620 2203 non
646 2184 738 2203 secus
763 2184 798 2204 ac
822 2183 919 2212 supra
943 2172 1044 2202 nubes
1064 2182 1154 2201 evec—

192 2260 291 2290 derat.
324 2259 405 2289 Nam
431 2260 513 2299 quod
538 2260 660 2298 aquilas
684 2259 813 2298 quidam
840 2258 952 2288 volunt
977 2257 1114 2288 discerni
1140 2268 1158 2286 a

192 2346 344 2375 frivolum
365 2352 411 2375 est
437 2356 473 2375 ae
497 2356 572 2375 vere
599 2345 796 2375 rabbinieum
823 2350 1049 2375 commentum.

278 2389 305 2418 ἵ),
333 2388 425 2418 func
448 2399 524 2428 eryt).

196 2517 342 2546 bcratori.
392 2518 494 2546 ⁸N‘imul
528 2518 625 2546 ctiam
658 2516 809 2546 admont-t
834 2525 985 2555 quorsum
1012 2521 1074 2543 tam
1108 2513 1160 2543 be—

196 2562 316 2589 neli‹·us
342 2560 403 2588 illis
436 2560 544 2594 fuerit,
581 2566 615 2589 ut
650 2570 777 2598 semper
811 2559 848 2588 ad
879 2557 1053 2587 vocationis
1085 2567 1161 2585 suae

197 2604 291 2632 tinem
318 2603 471 2641 aspirent.
520 2603 631 2641 Neque
655 2603 738 2632 enim
771 2612 835 2631 uno
865 2606 988 2630 tantuin
1024 2599 1160 2629 liba-:Ni-

198 2646 271 2674 tatis
296 2652 367 2675 aetu
393 2645 521 2685 ‹lctungi
549 2645 692 2675 voluerat
717 2656 792 2684 erga
817 2645 909 2683 ipsos,
930 2643 982 2672 sed
1005 2648 1038 2672 ut
1059 2642 1089 2671 in
1113 2653 1161 2680 pe·
1188 2659 1189 2676 ;

743 190 1113 223 COMMENTARIUS
1138 192 1185 223 IN
1213 191 1358 223 EXODI
1384 191 1481 223 CAP.
1506 180 1602 222 XIX.

658 285 759 315 Porro
787 295 940 315 ascensus
975 285 1015 316 ad
1041 286 1145 317 Deum
1174 301 1176 310 v

571 2389 715 2418 Eundem
744 2400 777 2416 st·
808 2394 959 2426 perpetuo
984 2389 1049 2415 fore
1073 2386 1157 2415 at'fir-

194 2438 259 2460 mat
287 2431 384 2466 nem,
409 2442 444 2461 ac
469 2436 656 2461 constanter
679 2436 975 2470 pot->evoraturum,
1002 2427 1094 2458 inodo
1120 2439 1159 2457 ne
1186 2440 1187 2456 ι

194 2474 360 2503 Israelitav
385 2473 599 2510 dvm-nerent,
631 2475 685 2505 scd
719 2473 836 2504 addit-ti
868 2478 1013 2501 maneant
1041 2482 1097 2501 suo
1123 2471 1158 2500 li-
1186 2487 1188 2504 i

1187 2511 1188 2547 ἶ
1216 2514 1348 2546 nox-tris,
1381 2526 1433 2543 vos
1462 2514 1521 2545 sibi
1547 2514 1613 2544 fore
1638 2515 1669 2544 in
1696 2523 1829 2552 regnum
1856 2512 2062 2543 sacerdotale.

2107 192 2166 223 196

1202 286 1356 316 culiarem
1381 286 1443 316 sibi
1467 285 1621 325 populum
1646 285 1835 324 acquireret.
1882 285 1975 315 Hane
2010 286 2168 318 excellen-

1203 329 1280 359 tiam
1302 328 1365 359 illis
1385 329 1535 368 proponit
1565 328 1625 358 sub
1652 338 1726 358 voce
1749 319 1828 359 ³530
1858 337 1939 367 quae
1973 330 2167 368 pretiosissi-

1203 382 1271 401 nias
1295 382 1437 411 quasque
1462 382 1512 400 res
1534 371 1693 411 signifieat
1719 376 1756 400 ut
1778 370 1931 409 quidquid
1956 371 1988 401 in
2016 371 2168 403 thesauro

1202 414 1398 445 reconditur.
1446 413 1640 453 Quanquam
1671 424 1731 443 nou
1765 412 1848 443 male
1878 413 2015 452 quadrat
2050 426 2167 446 nomen

1203 457 1330 496 peculii,
1354 457 1435 496 quod
1459 455 1598 486 reddidit
1618 460 1710 486 vetus
1734 455 1908 494 interpres:
1933 457 2007 495 quia
2032 467 2071 488 ex
2095 469 2168 498 pro-

1203 500 1290 530 ximo
1325 505 1479 530 contextu
1516 499 1617 538 liquet
1654 498 1752 528 huius
1786 498 1896 538 populi
1931 500 2167 539 separationem

1202 542 1307 572 notari
1338 542 1377 572 ab
1407 542 1478 572 aliis
1508 541 1666 571 omnibus.
1713 541 1868 579 Sequitur
1898 542 1984 572 enim
2015 543 2169 574 continuo

1203 591 1288 624 post:
1326 584 1488 623 Quoniam
1513 594 1584 614 mea
1607 590 1653 613 est
1679 584 1831 614 universa
1853 589 1949 620 terra,
1975 585 2034 621 vel,
2059 596 2169 625 quam-

1203 629 1264 658 vis:
1286 627 1442 667 particula
1462 627 1547 656 enim
1569 633 1598 658 *2
1618 636 1712 665 saepe
1732 626 1938 658 adversative
1957 629 2090 667 eapitur,
2111 640 2169 660 nec

1203 670 1337 701 dubium
1362 676 1410 700 est.
1434 670 1508 709 quin
1530 674 1658 709 gentem
1685 679 1781 699 unam
1806 680 1878 700 eum
1903 675 1969 701 toto
1988 671 2064 702 orbe
2083 682 2169 702 com-

1204 723 1323 752 parans
1348 714 1445 747 Deus,
1474 713 1611 751 gratiam
1636 722 1726 742 suam
1753 713 1855 750 magis
1879 713 2023 744 extollat.
2067 713 2170 746 Sicuti

1202 756 1235 786 in
1249 757 1387 787 cantico:
1409 754 1516 793 Quum
1539 760 1625 784 sorte
1646 754 1805 785 divideret
1826 755 1983 787 Excelsus
1997 764 2119 797 gentes,
2139 764 2171 788 et

1203 804 1369 839 separaret>
1392 798 1476 827 tilios
1500 797 1678 833 hominum,
1702 798 1868 828 constituit
1893 800 2047 830 terminos
2071 810 2169 840 popu-

1203 842 1305 872 lorum
1338 841 1377 871 ad
1411 851 1582 870 numerum
1617 840 1757 870 filiorum
1782 841 1892 872 Israel.
1946 841 2032 880 Quia
2066 844 2170 882 portio

1203 885 1344 915 Iehovue
1368 889 1415 913 est
1438 882 1577 922 populus
1602 883 1688 918 eius,
1719 888 1750 913 et
1781 883 1942 915 funiculus
1966 885 2034 916 eius
2058 885 2170 917 Israel.

1203 927 1339 957 Summa
1363 926 1463 966 igitur
1483 931 1539 961 est,
1565 936 1664 965 quum
1685 926 1723 955 ad
1744 926 1916 966 imperium
1932 928 1991 958 Dei
2012 929 2171 967 pertineat

1204 975 1290 1000 totus
1314 969 1408 1002 orbis,
1434 979 1536 1008 genus
1560 973 1667 999 tamen
1688 969 1789 999 Israel
1813 970 1852 1000 ab
1871 981 1907 1000 eo
1931 981 2000 1001 esse
2023 971 2170 1010 electum,

1204 1012 1287 1052 quod
1308 1012 1477 1051 praecellat
1491 1012 1616 1042 eunetis
1629 1012 1789 1051 gentibus.
1815 1012 1908 1044 Unde
1922 1019 2056 1053 apparet
2072 1025 2172 1054 quum

1204 1055 1346 1094 aequalis
1370 1055 1412 1085 sit
1435 1055 1579 1085 omnium
1604 1055 1753 1091 conditio,
1780 1066 1842 1085 non
1868 1055 2007 1087 discerni
2030 1057 2108 1088 alios
2132 1058 2171 1089 ab

1205 1098 1275 1128 aliis
1300 1106 1425 1134 natura,
1450 1097 1502 1127 sed
1527 1098 1668 1137 gratuita
1691 1098 1871 1137 adoptione.
1918 1099 2040 1130 Verum
2073 1106 2107 1130 ut
2137 1100 2171 1131 in

1206 1141 1406 1180 possessione
1430 1141 1511 1170 tanti
1538 1140 1609 1171 boni
1635 1146 1796 1177 maneant,
1829 1147 1940 1172 mutua
1964 1153 2040 1183 erga
2064 1142 2172 1174 Deum

1206 1183 1283 1214 fides
1303 1184 1453 1223 exigitur.
1502 1185 1548 1213 Ac
1578 1183 1681 1222 primo
1713 1184 1842 1222 quidem
1874 1184 2029 1215 iubentur
2060 1186 2172 1216 audire

1205 1227 1273 1257 eius
1297 1237 1422 1257 vocem:
1452 1225 1617 1265 (quoniam
1648 1226 1773 1257 nullum
1802 1227 1871 1257 Deo
1902 1228 2026 1267 gratius
2049 1229 2172 1260 sacrifi-

1205 1270 1289 1300 cium
1325 1280 1419 1308 quam
1455 1268 1636 1299 obedientia
1669 1270 1711 1307 [1.
1739 1269 1827 1301 Sam.
1862 1270 1910 1307 15,
1938 1270 2021 1312 22D:
2056 1271 2171 1302 deinde

1206 1313 1336 1343 additur
1360 1311 1561 1342 obedientiae
1586 1312 1748 1349 definitio,
1779 1323 1893 1353 nempe
1925 1320 1961 1344 ut
1984 1314 2097 1346 foedus
2120 1315 2173 1346 ob-

1205 1361 1344 1386 servent.

1290 1398 1318 1428 6.
1343 1398 1385 1428 Iit
1406 1407 1459 1428 vos
1481 1398 1568 1429 eritis
1590 1397 1677 1428 milei.
1724 1398 1852 1428 Clarius
1877 1402 1908 1428 et
1932 1399 2076 1438 pluribus
2101 1410 2173 1430 vcr-

1205 1441 1252 1471 bis
1276 1441 1423 1481 designat
1446 1440 1605 1480 quomodo
1629 1441 1762 1480 pretiosi
1776 1441 1845 1471 Deo
1865 1442 1966 1472 futuri
1989 1443 2056 1473 sint
2068 1442 2171 1473 Israe-

1205 1484 1280 1514 litae
1304 1494 1417 1523 nempe
1441 1484 1515 1522 quia
1534 1488 1630 1514 erunt
1653 1483 1686 1514 in
1707 1494 1842 1524 regnum
1864 1485 2061 1516 sacerdotale
2085 1490 2115 1516 et
2138 1486 2173 1516 in

1205 1532 1334 1566 gentem
1359 1534 1514 1557 sanctam.
1562 1526 1688 1565 Quibus
1713 1527 1820 1557 verbis
1843 1527 2014 1566 signifieat,
2045 1528 2172 1568 praedi-

1206 1576 1253 1600 tos
1283 1570 1348 1599 fore
1380 1575 1444 1599 tam
1475 1569 1664 1600 sacerdotali
1690 1580 1787 1609 quam
1811 1571 1898 1610 regio
1923 1570 2060 1602 honore:
2090 1582 2125 1602 ac
2146 1571 2172 1602 si

1206 1613 1340 1649 diceret,
1373 1623 1436 1642 non
1467 1613 1560 1643 morlo
1590 1612 1708 1643 liberos
1731 1614 1798 1643 fore
1827 1614 1851 1643 si
1884 1613 1917 1643 in
1942 1613 2004 1644 fide
2029 1619 2061 1644 et
2083 1614 2173 1645 obse-

1206 1656 1279 1695 quio
1303 1660 1455 1694 perstent,
1480 1655 1534 1686 sed
1559 1655 1688 1696 regibus
1713 1656 1848 1686 similes:
1873 1657 1948 1696 quia
1972 1656 2096 1687 nullum
2117 1667 2173 1696 op-

1206 1698 1334 1728 tabilius
1370 1698 1418 1729 vel
1462 1698 1587 1729 felicius
1623 1709 1760 1738 regnum
1799 1704 1848 1729 est
1881 1710 1976 1739 quam
2012 1710 2070 1730 nos
2104 1700 2174 1730 Deo

1178 1776 1179 1781 ¹
1206 1742 1370 1772 subiicere.
1397 1742 1497 1771 Porro
1521 1741 1673 1781 quoniam
1699 1749 1775 1772 tune
1798 1742 1932 1781 profana
1950 1748 2043 1773 erant
2061 1742 2175 1773 mundi

184 1798 254 1818 cere
274 1794 474 1827 quantopere
497 1787 564 1817 Deo
585 1792 692 1818 essent
711 1786 864 1817 obstricti.
897 1786 992 1825 Quod
1012 1785 1152 1817 seeundo
1178 1784 1180 1788 ’

1206 1784 1350 1823 imperia,
1374 1794 1509 1824 regnum
1535 1784 1593 1815 hoe
1617 1795 1742 1815 sacrum
1766 1789 1867 1815 vocat.
1893 1785 2067 1816 Grcnitivus
2087 1786 2174 1816 enim

1207 1828 1276 1857 vire
1300 1827 1434 1865 epitheti
1459 1828 1594 1866 capitur,
1621 1837 1678 1866 pro
1702 1828 1865 1858 communi
1890 1828 2020 1868 linguae
2044 1839 2117 1859 usu:
2139 1838 2175 1859 ac

1208 1870 1233 1899 si
1259 1871 1384 1904 diceret,
1411 1881 1474 1900 non
1499 1870 1594 1900 modo
1619 1876 1747 1901 terrena
1767 1876 1797 1901 et
1817 1871 1938 1901 caduca
1957 1871 2176 1901 dominatione

1208 1913 1370 1949 fruituros⁷
1394 1912 1449 1943 sed
1474 1913 1571 1943 etiam
1596 1923 1685 1944 saera
1711 1919 1741 1943 et
1771 1914 1911 1944 coelesti.
1957 1913 2022 1944 Alii
2048 1914 2175 1954 passive

1208 1956 1378 1994 accipiunt,
1403 1956 1509 1986 Deum
1535 1956 1598 1987 illis
1624 1957 1688 1986 fore
1713 1967 1830 1996 regem,
1856 1967 1955 1996 quum
1980 1957 2051 1987 aliis
2074 1956 2177 1997 genti-

1181 2013 1183 2035 L
1209 1999 1267 2029 bus
1291 1999 1442 2029 mortales
1467 2004 1497 2029 et
1522 2004 1556 2029 ut
1580 1999 1755 2038 plurimum
1788 2000 1933 2030 crudeles
1965 2000 2092 2037 tyranni
2121 1999 2176 2029 do-

189 2046 282 2079 dieio,
319 2051 355 2075 ut
385 2045 500 2075 melius
531 2045 737 2075 difficultates
766 2044 942 2083 amplificet
969 2043 1007 2074 ad
1032 2044 1155 2083 gratiae
1182 2045 1183 2055 ¹

662 2087 798 2127 Aquilae
831 2087 917 2117 enim
948 2087 1051 2117 foetus
1081 2096 1156 2116 suos
1182 2093 1183 2098 ¹

1183 2137 1184 2141 ¹
1211 2138 1267 2157 nos
1292 2127 1418 2158 deducit
1444 2128 1563 2158 Petrus
1586 2127 1627 2168 (1.
1654 2127 1722 2157 Pet.
1748 2129 1776 2166 2,
1801 2127 1842 2167 9).

1183 2195 1185 2202 ,
1211 2170 1290 2203 daci,
1320 2171 1373 2209 qui
1398 2170 1568 2210 repudiato
1593 2170 1725 2201 Christo
1757 2181 1774 2199 a
1807 2169 1930 2200 foedere
1963 2170 2175 2206 desciverant,

191 2223 242 2247 tus
268 2217 326 2247 alis
355 2218 427 2251 Uei,
458 2217 598 2246 maxima
622 2227 766 2256 quaeque
796 2215 960 2247 obstacula
991 2221 1155 2244 transeen-
1183 2208 1185 2230 ³

1210 2042 1420 2072 minarentur.
1454 2041 1546 2080 Quod
1571 2042 1629 2071 etsi
1655 2052 1717 2071 non
1743 2052 1873 2081 prorsus
1894 2042 2013 2078 reiicio,
2038 2043 2176 2081 priorem

1211 2091 1316 2114 tamen
1348 2096 1476 2115 sensum
1512 2085 1616 2124 magis
1647 2084 1839 2123 amplector:
1874 2085 1912 2115 ad
1948 2095 2042 2124 quem
2078 2085 2176 2115 etiam

1890 2127 1972 2157 Nam
1999 2138 2096 2167 quum
2121 2127 2176 2157 Iu-

1210 2213 1315 2243 adliue
1339 2214 1398 2243 hoc
1423 2213 1518 2243 tit-ulo
1542 2214 1660 2243 frustra
1686 2213 1918 2252 gloriarentur,
1954 2213 2028 2243 solis
2052 2213 2177 2244 Christi

1184 2278 1185 2296 3
1212 2255 1363 2286 membris
1389 2256 1540 2287 honorem
1568 2256 1652 2286 liunc
1676 2266 1831 2293 asserens,
1857 2267 1927 2293 vos,
1956 2256 2074 2295 iuquitv
2100 2256 2178 2287 estis

192 2303 325 2341 reliquis
360 2302 488 2337 avilius,
524 2303 597 2342 quia
633 2302 719 2332 solae
751 2302 854 2341 pullos
889 2301 947 2331 alis
977 2298 1185 2330 sustincant³

1212 2309 1313 2337 §Aenus
1337 2299 1483 2337 electum,
1507 2299 1613 2339 regale
1638 2298 1860 2335 sacerdotium,
1885 2304 1916 2329 et
1939 2304 2031 2329 cat-tt.
2079 2299 2177 2338 Atqui

1214 2353 1274 2371 non
1307 2342 1479 2380 quadraret
1513 2343 1562 2373 liis
1594 2341 1699 2372 verbis
1731 2342 1878 2380 passivus
1909 2352 2032 2379 sensus,
2068 2342 2178 2372 fideli-s

1213 2384 1342 2414 subesse
1379 2384 1438 2415 Dei
1481 2385 1667 2416 sacerdotio.
1732 2385 1897 2415 Concinne
1935 2391 2042 2414 autem
2079 2384 2178 2415 verba

1215 2429 1366 2457 transm-t
1392 2429 1555 2467 apostolus
1591 2429 1627 2458 ad
1655 2427 1832 2458 tollendum
1867 2428 2022 2457 novitatis
2051 2427 2176 2457 odium:

1214 2470 1305 2509 quasi
1341 2471 1475 2501 diceret:
1512 2471 1599 2502 Olim
1636 2470 1795 2510 pollicitus
1829 2477 1878 2500 est
1906 2470 1996 2500 Deus
2031 2470 2179 2509 patribus

2110 2513 2180 2543 Hoc

1215 2555 1353 2592 elogium
1387 2558 1463 2586 salso
1495 2557 1533 2587 ad
1565 2568 1598 2587 se
1627 2556 1757 2596 rapiunt
1789 2556 1972 2595 quicunque
2001 2566 2019 2585 a
2048 2555 2179 2586 Christo

1215 2604 1316 2637 capite
1349 2599 1511 2635 ‹l‹›ficiunt,
1547 2600 1601 2639 qui
1636 2600 1721 2629 solus
1758 2610 1814 2628 nos
1838 2599 1936 2629 efficit
1965 2598 2179 2629 sacerdotium

1217 2641 1331 2681 regale.
1358 2642 1490 2673 interim
1516 2643 1613 2679 docet,
1640 2644 1671 2672 in
1693 2642 1747 2672 illa
1771 2642 1874 2681 specie
1898 2641 2086 2672 mutationis
2107 2652 2181 2671 vere
