2304 3034
164 191 226 222 587

166 284 275 316 Moses
308 280 429 312 nullam
464 277 656 308 oblationem
693 276 742 306 ius
777 274 943 314 acquirere
978 284 1131 313 agrorum

167 325 312 360 dominis,
338 328 371 353 ut
395 320 546 361 privatim
572 319 632 350 sibi
657 317 868 349 vendicarent
891 315 975 356 quod
1000 317 1032 346 in
1057 316 1130 347 viti-

166 370 225 400 bus
258 372 370 398 natum
405 368 489 398 erat,
520 372 651 401 nempe,
687 361 762 400 quia
793 359 964 400 plausibile
993 364 1063 389 erat
1091 370 1131 390 ex

167 409 338 442 vindemiis
366 405 524 446 primitias
555 404 671 435 offerre
696 404 778 434 Deo:
812 408 845 432 et
877 402 963 432 hunc
993 401 1129 441 colorem

167 453 322 484 obducere
356 448 484 479 Iudaeis
519 452 706 487 promptum
746 452 834 482 erat,
879 443 1062 476 consecrari
1097 444 1131 475 in

167 494 315 536 primitiis
350 496 452 522 totum
487 495 690 531 proventum.
738 488 838 528 Atqui
872 487 988 518 cavillo
1022 487 1132 517 obviat

167 539 271 571 Deus,
303 544 471 575 perperam
503 533 588 563 trahi
612 532 651 562 ad
682 541 804 562 annum
835 528 1131 561 extraordinarium

166 578 369 614 cessationis,
401 575 484 616 quod
514 575 552 605 de
584 575 728 615 legitima
758 574 886 605 cultura
908 572 1029 603 dictum
1053 577 1130 603 erat.

166 623 290 653 Verum
310 620 385 660 quia
405 629 519 650 nomeu
543 624 599 650 Ἤ)
622 618 859 657 separationem
877 615 1047 656 significat,
1068 625 1130 646 non

166 665 259 697 video
283 673 340 695 cur
362 668 524 692 mutemus
547 659 633 700 quod
662 659 783 699 optime
813 658 976 690 convenit.
1022 657 1132 696 Quan-

166 718 261 748 quam
285 705 389 737 adhuc
412 705 444 735 iu
469 714 565 734 sensu
595 702 791 734 dissentiunt
820 702 1029 740 interpretes:
1060 700 1134 740 quia

167 751 221 782 alii
245 749 408 788 accipiunt
432 757 488 787 pro
511 746 730 783 derelictione,
753 744 836 784 quod
860 753 1024 784 possessor
1047 742 1133 783 quis-

167 804 228 834 que
252 803 284 823 se
307 791 437 832 proprio
460 790 530 820 iure
560 788 742 825 abdicabat,
775 792 810 818 ut
840 786 1020 817 communis
1051 792 1134 816 esset

166 835 339 867 vindemia.
386 833 453 864 Alii
482 837 667 872 exponunt,
698 830 773 871 quia
803 840 836 860 se
867 828 1087 860 abstinuerint
1117 838 1135 859 a

167 879 293 910 cultura
323 876 410 907 illius
439 875 525 906 anni.
571 875 642 914 Ego
673 884 750 904 vero
775 878 810 904 ut
834 874 897 903 iam
922 871 988 902 dixi
1011 871 1135 911 simpli-

167 923 248 953 citer
281 919 431 951 existimo
464 917 701 958 separationem
736 915 844 947 vocari
879 915 928 946 ius
962 914 1134 954 peculiare,

168 963 251 1004 quod
275 962 412 993 habebat
436 971 613 1001 possessor,
644 964 680 991 ut
704 969 767 990 non
792 959 903 989 liceret
927 957 1041 988 alienis
1065 957 1136 988 vin·

170 1006 308 1038 demiam
340 1004 515 1044 attingere,
553 1006 687 1042 excepto
725 1001 888 1033 sabbatho.
944 999 1009 1042 [Ita
1046 1009 1137 1040 sepa-

169 1049 251 1081 ratio
285 1047 457 1087 opponitur
492 1046 577 1087 agris
612 1044 837 1078 communibus
867 1047 899 1075 et
927 1042 1052 1083 publice
1082 1054 1138 1073 ex-

169 1091 282 1134 positis
297 1089 344 1132 ’)].

255 1134 361 1165 Levit.
387 1132 436 1169 25,
461 1132 510 1163 20.
539 1131 626 1171 Quod
644 1131 672 1162 si
690 1130 844 1162 dixeritis.
881 1128 1056 1168 Nunquam
1076 1127 1139 1158 Dei

170 1176 348 1218 praeceptis
382 1175 532 1215 morigeri
569 1179 666 1205 erunt
706 1173 854 1204 homines
896 1172 957 1202 nisi
997 1176 1139 1202 correcta

172 1220 369 1252 diffidentia:
401 1225 433 1248 et
462 1228 590 1257 semper
613 1217 773 1256 ingeniosi
799 1220 875 1246 suut
898 1214 938 1245 ad
962 1212 1139 1254 captandos

171 1267 368 1304 praetextus,
392 1271 432 1292 ne
455 1265 598 1300 pareant.
645 1259 722 1290 Fuit
744 1262 853 1289 autem
877 1257 1019 1297 speciosa
1042 1266 1138 1287 excu-

171 1306 253 1338 satio
276 1304 405 1335 Iudaeis
429 1313 447 1334 a
470 1302 677 1334 difficultate:
701 1302 774 1342 quia
798 1301 923 1331 duobus
948 1299 1041 1331 annis
1065 1309 1139 1330 con—

171 1350 266 1381 ficere
283 1357 336 1379 eos
358 1350 485 1387 poterat
503 1346 634 1383 esuries,
658 1355 756 1384 quum
777 1354 862 1375 anno
881 1343 1018 1383 septimo
1037 1352 1140 1381 neque

172 1395 331 1428 sererent,
363 1399 467 1429 neque
497 1392 672 1420 meterent:
703 1387 743 1418 ad
773 1385 957 1418 metendum
984 1395 1059 1416 vero
1084 1396 1139 1416 ex-

172 1433 368 1475 spectandus
403 1441 485 1463 esset
519 1432 593 1462 finis
623 1431 700 1462 anni
729 1430 844 1461 octavi.
889 1429 958 1459 Iam
983 1427 1068 1459 unde
1091 1438 1139 1458 se-

172 1477 291 1508 mentis
314 1475 414 1516 copia,
439 1481 607 1515 postquam
631 1478 719 1504 terra
742 1483 864 1504 annum
889 1472 1053 1511 integrum
1076 1481 1141 1502 ces-

173 1518 322 1552 saverat?
365 1518 437 1549 Non
473 1517 528 1548 abs
564 1528 598 1548 re
627 1526 704 1556 ergo
735 1516 823 1546 Deus
853 1515 912 1546 hac
941 1513 1141 1545 dubitatione

174 1564 259 1603 ipsos
281 1561 410 1597 liberat,
443 1560 691 1592 foecunditatem
715 1558 909 1599 promittens
932 1568 965 1588 se
990 1556 1141 1588 daturum

174 1615 259 1637 anno
283 1611 390 1640 sexto,
421 1614 501 1644 quae
532 1603 688 1634 exuberet
711 1603 743 1632 in
768 1601 847 1632 alios
870 1600 949 1631 duos
971 1604 1141 1640 sequentes

174 1658 284 1679 annos
319 1648 367 1678 Ae
391 1646 531 1677 notanda
554 1652 602 1677 est
621 1645 782 1685 loquutio:
808 1645 917 1675 Deum
936 1653 1026 1674 suam
1046 1642 1141 1673 bene—

176 1690 349 1722 dictionem
375 1689 527 1720 mandare
556 1688 714 1729 singulari
744 1686 837 1718 modo
862 1692 892 1717 et
916 1691 1045 1726 praeter
1068 1696 1142 1717 con-

176 1739 302 1765 suetum
326 1743 464 1769 morem,
496 1737 532 1763 ut
562 1737 649 1762 terra
677 1730 773 1770 duplo
797 1730 848 1761 vel
874 1728 968 1769 triplo
991 1730 1033 1760 sit
1054 1728 1143 1759 ferti-

176 1777 244 1807 lior.
291 1774 385 1807 Unde
412 1774 503 1806 nobis
533 1774 719 1815 suggeritur
750 1784 814 1804 non
839 1772 985 1812 vulgaris
1010 1771 1144 1802 materia

177 1819 312 1850 fiduciae
336 1818 374 1849 ad
399 1828 516 1858 panem
540 1823 686 1848 nostrum
712 1815 934 1856 quotidianum
959 1813 1142 1854 petendum.

178 1861 243 1893 sed
264 1861 343 1892 haec
362 1860 509 1900 specialis
530 1860 589 1891 suit
609 1860 789 1900 promissio,
811 1869 874 1889 non
895 1857 1003 1888 defore
1015 1857 1144 1887 Iudaeis

178 1905 333 1935 alimenta
364 1908 493 1943 propter
527 1902 738 1933 sabbathum:
774 1901 865 1933 cuius
900 1901 945 1931 rei
980 1900 1143 1940 specimen

178 1947 269 1978 Deus
298 1947 362 1977 iam
394 1951 467 1976 ante
495 1946 529 1976 in
562 1945 688 1976 deserto
720 1944 881 1980 ediderat,
913 1954 1010 1983 quum
1041 1942 1144 1982 pridie

178 1989 327 2021 sabbathi
361 1993 548 2028 suppeteret
582 1988 810 2028 colligentibus
848 1986 968 2026 duplex
1009 1995 1144 2016 mannae

179 2032 288 2072 portio.
325 2031 430 2062 Hodie
449 2031 507 2062 hoc
527 2031 765 2062 incommodum
785 2031 907 2061 vitatur
930 2028 1144 2069 agricolarum

179 2075 354 2111 industria,
390 2074 442 2114 qui
474 2074 518 2105 sic
551 2084 703 2114 agrorum
729 2075 841 2113 iugera
865 2072 977 2112 partiti
1001 2075 1085 2109 sunt,
1110 2076 1146 2100 ut

181 2128 346 2158 nunquam
371 2118 401 2147 in
427 2121 528 2147 totum
554 2117 656 2147 otiosa
681 2117 720 2147 sit
747 2123 845 2151 terra,
878 2115 954 2145 dum
986 2125 1058 2153 pars
1082 2124 1146 2144 uua

180 2161 307 2200 supplet
349 2160 484 2190 alterius
519 2159 689 2190 defectum.
750 2160 796 2190 Ea
837 2157 1020 2189 distributio
1061 2155 1144 2196 apud

181 2202 316 2233 ludaeos
340 2202 447 2233 loeum
471 2213 536 2233 non
562 2202 683 2232 habuit.

182 2332 388 2367 assuefacere,
410 2342 449 2360 ue
469 2331 719 2370 intemperantia
738 2335 770 2361 et
789 2330 869 2360 luxu
890 2329 1046 2368 dissipent
1065 2326 1147 2367 quod

184 2374 304 2413 largius
335 2374 485 2409 eontulit,
517 2378 552 2403 ut
584 2374 615 2402 in
647 2373 725 2404 duos
757 2383 856 2403 annos
884 2370 1049 2402 redundet.
1100 2369 1145 2400 Ad

186 2417 243 2446 hoc
269 2424 471 2455 praeceptum
496 2415 611 2446 alludit
636 2416 741 2452 Deus,
774 2426 871 2455 quum
897 2425 953 2455 per
976 2413 1148 2453 prophetas
1173 2436 1175 2452 ,

185 2458 356 2489 denunt-iat
380 2466 499 2489 terram
525 2459 698 2489 fruituram
718 2459 783 2489 suis
803 2457 978 2493 sabbathis,
1004 2456 1055 2486 ubi
1076 2466 1149 2486 suos
1174 2464 1175 2467 ¹

187 2502 305 2532 incolas
340 2502 518 2532 evomuerit
554 2502 595 2541 (ἱ).
633 2502 705 2532 Par.
742 2502 791 2538 36,
825 2500 888 2541 21).
945 2498 1030 2538 Quia
1064 2498 1149 2528 enim

187 2544 376 2574 sabbathum
402 2544 550 2575 violando
579 2545 681 2584 ipsam
713 2544 910 2585 polluerant,
944 2548 977 2572 ut
1009 2545 1149 2581 gemeret

275 2638 299 2667 1)
322 2640 394 2670 (guae
415 2647 490 2664 antis
511 2638 675 2664 includimus
693 2637 792 2664 desunt
812 2646 838 2662 ιη
858 2637 896 2662 (ιῖ.
919 2635 991 2661 1563.

873 180 1099 219 QUARTUM
1122 180 1442 213 PRAECEPTUM.

729 2202 816 2242 Ergo
845 2200 1000 2241 penuriae
1025 2204 1146 2229 metum
1171 2213 1173 2222 ι

181 2246 244 2277 illis
271 2245 389 2276 ademit
422 2245 510 2276 Deus
541 2255 641 2284 usque
675 2245 714 2275 ad
746 2255 883 2275 messem
915 2243 990 2273 anni
1025 2242 1145 2273 octavi:
1171 2238 1173 2256 ³

182 2299 365 2328 quanquam
403 2288 532 2318 videtur
568 2288 662 2317 simul
700 2298 753 2318 eos
788 2287 827 2317 ad
861 2286 1018 2326 frugalem
1053 2294 1173 2316 usum*

2094 179 2156 211 588

1185 275 1244 306 sub
1268 275 1359 315 gravi
1384 285 1488 312 onere,
1513 273 1589 305 dicit
1613 274 1707 314 longa
1732 277 1763 304 et
1787 273 1939 304 contiuua
1963 274 2045 305 serie
2067 274 2155 314 quie-

1185 323 1308 355 turam,
1341 322 1375 348 ut
1407 317 1541 349 cessatio
1571 322 1758 357 compenset
1786 316 1962 347 multorum
1994 327 2155 348 annorum

1184 360 1337 392 laborem.

1478 528 1542 560 EX
1567 529 1716 561 LEVIT.
1741 528 1852 560 XXV.

1269 615 1297 646 8.
1336 615 1522 646 Numerabis
1554 624 1669 654 quoque
1702 613 1756 645 tibi
1796 616 1909 654 septem
1949 613 2154 646 hebdomadas

1186 668 1347 695 annorum,
1372 659 1404 689 id
1427 660 1469 689 est
1492 659 1603 697 septem
1621 667 1718 688 annos
1740 659 1850 696 septem
1861 657 1988 694 vicibus,
2007 657 2062 696 qui
2085 658 2154 696 qui-

1184 701 1252 731 dem
1274 701 1341 732 dies
1363 703 1474 740 septem
1505 699 1720 731 sabbatlzoram
1755 709 1907 731 annorum
1935 699 2065 739 efficient
2097 699 2154 730 tibi

1185 743 1395 784 quadrayinta
1429 753 1532 774 novem
1562 752 1666 774 annos.
1719 742 1747 773 9.
1781 743 1866 774 Tunc
1892 742 2028 773 transire
2055 742 2153 781 facies

1186 786 1290 817 tubam
1321 786 1512 817 iubilationis
1539 795 1640 816 mense
1669 785 1797 824 septimo
1820 785 1869 816 die
1891 785 2023 820 decimo,
2052 784 2086 815 id
2113 786 2156 816 est
2191 783 2201 793 ¹

1186 828 1236 860 die
1258 829 1483 869 expiationum.-
1506 829 1649 863 transire,
1674 829 1813 867 inquam,
1833 827 1956 866 facietis
1978 827 2081 858 tubam
2094 837 2155 866 per

1186 872 1364 903 universam
1402 874 1517 903 terram
1555 873 1697 902 vestram.
1762 871 1809 902 10.
1858 869 2156 910 Sanctificabitisque

1187 924 1301 945 annum
1320 914 1616 954 qainquayesimum.
1639 916 1666 944 et
1684 913 1919 953 proclamabitis
1937 912 2103 944 libertatem
2122 913 2155 943 in

1187 959 1269 988 terra
1291 957 1407 989 cunctis
1429 956 1651 988 habitatoribus
1673 957 1757 987 eius:
1781 956 1864 987 Iohel
1885 956 1952 995 ipse
1974 956 2032 987 erit
2053 955 2156 987 vobis:

1188 1002 1215 1030 et
1236 1001 1427 1031 revertemini
1448 1000 1577 1039 quisque
1600 999 1641 1030 ad
1658 999 1883 1038 possessione-m
1901 1009 2001 1036 suam,
2025 1001 2052 1029 et
2070 998 2156 1038 quis-

1189 1052 1245 1082 que
1273 1043 1314 1073 ad
1340 1042 1497 1082 familiam
1526 1051 1617 1073 suam
1645 1042 1845 1073 revertemini.
1900 1041 1948 1072 11.
1979 1040 2063 1072 Iohel
2091 1041 2157 1080 ipse

1190 1095 1290 1117 annus
1313 1086 1535 1125 quinquaqinta
1556 1095 1708 1116 annorum
1732 1085 1791 1115 erit
1820 1084 1919 1115 vobis:
1949 1094 2010 1115 non
2038 1083 2155 1121 seretis,

1190 1138 1282 1167 neque
1294 1129 1409 1159 metetis
1420 1138 1498 1167 quae
1509 1130 1614 1167 sponte
1628 1128 1815 1166 produxerit
1827 1130 1930 1158 terra:
1949 1137 2044 1166 neque
2054 1127 2158 1158 vinde-

1190 1171 1327 1201 miabitis
1345 1172 1554 1210 separationes
1573 1171 1647 1201 eius.
1685 1170 1733 1201 12.
1758 1170 1841 1209 Quia
1860 1170 1944 1201 Iohel
1962 1172 2013 1207 est,
2032 1171 2158 1201 sanctus

1191 1214 1247 1244 erit
1268 1214 1366 1251 vobis,
1396 1214 1467 1254 aqri
1495 1213 1654 1244 comedetis
1683 1213 1828 1252 fructum.
1877 1212 1925 1244 13.
1958 1213 2050 1244 Anno
2074 1211 2158 1243 Iohel

1191 1257 1247 1287 isto
1269 1257 1463 1288 revertemini
1485 1256 1600 1296 sinyuli
1623 1256 1665 1287 ad
1682 1256 1910 1295 possessionem
1928 1265 2027 1286 suam.

1277 1341 1304 1372 8.
1330 1341 1518 1372 Numerabis
1537 1351 1662 1381 quoque.
1697 1341 1878 1373 Subiieitur
1901 1341 2032 1372 tertium
2057 1351 2160 1381 genus

1192 1384 1340 1415 sabbathi
1354 1384 1436 1424 quod
1457 1385 1625 1415 conficitur
1644 1394 1683 1414 ex
1703 1384 1796 1415 annis
1816 1383 2160 1424 quadragintanovem,

1195 1426 1245 1457 vel
1263 1438 1302 1457 ex
1323 1432 1444 1466 septem
1465 1438 1622 1458 annorum
1643 1427 1843 1466 septenariis.
1874 1427 1947 1458 Hoc
1966 1425 2159 1458 sabbathum

1194 1469 1438 1501 celeberrimum
1469 1475 1552 1507 erat,
1584 1470 1658 1510 quia
1688 1474 1755 1500 tam
1779 1470 1812 1500 in
1837 1469 1983 1510 personis
2006 1479 2101 1509 quam
2124 1468 2160 1500 in

1194 1512 1324 1543 aedibus
1343 1517 1374 1543 et
1393 1523 1544 1552 agrorum
1564 1511 1672 1543 fundis
1692 1511 1909 1543 renovabatur
1921 1511 2032 1553 populi
2043 1515 2159 1543 status.

1195 1555 1388 1595 Quanquam
1413 1560 1520 1586 autem
1545 1555 1604 1586 hoc
1627 1555 1722 1586 modo
1746 1555 1893 1596 publicae
1925 1554 2061 1586 utilitati
2083 1564 2161 1586 con·

1195 1598 1294 1629 suluit
1319 1598 1423 1634 Deus,
1453 1598 1645 1637 pauperibus
1676 1598 1852 1638 opitulatus
1883 1602 1947 1635 est,
1977 1608 2018 1629 ne
2047 1607 2160 1628 eorum

1195 1642 1431 1682 opprimeretur
1454 1641 1595 1678 libertas,
1619 1640 1766 1671 ordinem
1786 1651 1912 1681 quoque
1931 1650 1949 1671 a
1968 1650 2001 1672 se
2020 1640 2161 1680 positum

1195 1684 1354 1715 servavit:
1380 1683 1513 1714 minime
1537 1688 1645 1714 tamen
1670 1683 1802 1714 dubium
1826 1690 1875 1715 est
1898 1683 1976 1724 quin
2000 1682 2161 1714 addiderit

1195 1727 1293 1758 alium
1314 1726 1482 1757 stimulum
1496 1737 1557 1766 quo
1571 1725 1683 1756 Iudaei
1702 1725 1742 1756 ad
1765 1726 1888 1757 cultum
1911 1725 2060 1758 sabbathi
2083 1725 2162 1757 inci-

1196 1774 1350 1801 tarentur.
1397 1769 1475 1799 Fuit
1498 1770 1583 1800 enim
1607 1769 1735 1809 insigne
1759 1768 1888 1809 aliquod
1912 1773 2161 1800 monumentum

1195 1823 1304 1844 sacrae
1327 1812 1450 1852 quietis,
1475 1811 1584 1843 videre
1608 1822 1717 1842 servos
1740 1812 1936 1849 manumitti,
1961 1817 1993 1843 et
2018 1811 2088 1843 fieri
2110 1822 2161 1842 re—

1197 1862 1290 1895 pente
1321 1855 1452 1891 liberos,
1485 1854 1612 1885 aedium
1644 1859 1676 1884 et
1700 1865 1851 1894 agrorum
1876 1854 2096 1894 possessiones
2121 1853 2162 1885 ad

1196 1899 1348 1938 pristinos
1372 1897 1516 1928 dominos
1540 1897 1593 1936 qui
1618 1896 1847 1934 vendiderant,
1872 1897 1996 1928 redire:
2021 1897 2161 1937 denique

1197 1941 1329 1981 proferri
1344 1950 1460 1971 novam
1474 1950 1581 1970 rerum
1596 1940 1739 1970 omnium
1754 1939 1876 1971 faciem.
1897 1939 1986 1971 Iobel
1999 1939 2162 1971 vocabant

1196 1984 1281 2015 hunc
1300 1993 1419 2014 anuum
1440 1993 1458 2013 a
1477 1983 1583 2013 sonitu
1604 1993 1702 2013 cornu
1727 1982 1864 2019 arietini,
1890 1992 1951 2022 quo
1976 1982 2107 2013 libertas
2131 1987 2162 2013 et

1198 2037 1348 2067 agrorum
1368 2025 1530 2056 restitutio
1550 2025 1834 2064 promulgabatur:
1855 2035 1968 2056 verum
1988 2025 2071 2056 sicut
2084 2024 2161 2062 dixi,

1197 2070 1317 2109 primas
1340 2074 1447 2108 partes
1471 2068 1600 2098 tenebat
1627 2067 1820 2105 solennitas,
1844 2078 1883 2098 ex
1908 2078 1971 2107 qua
1994 2067 2162 2098 discebant

1170 2144 1172 2149 χ
1197 2123 1230 2143 se
1255 2123 1272 2142 a
1304 2111 1434 2151 reliquis
1464 2110 1614 2150 gentibus
1646 2116 1811 2149 separatos
1841 2120 1926 2146 esse,
1959 2115 1993 2140 ut
2025 2109 2161 2150 populus

1197 2158 1306 2186 essent
1336 2154 1506 2194 peculiaris
1535 2160 1567 2183 et
1593 2163 1683 2183 sacer
1716 2153 1800 2184 Deo:
1836 2153 1898 2183 imo
1929 2152 2162 2192 redintegratio

1197 2197 1260 2229 huc
1279 2196 1458 2237 spectabat,
1484 2202 1521 2226 ut
1545 2206 1662 2235 magno
1681 2195 1837 2226 sabbatho
1867 2196 1984 2226 iterum
2006 2194 2164 2235 redempti

1198 2251 1232 2271 se
1256 2239 1325 2270 Deo
1349 2238 1511 2270 liberatori
1537 2239 1666 2278 penitus
1690 2237 1883 2269 addicerent.

1491 2408 1553 2439 EX
1578 2408 1725 2439 LEVIT.
1751 2408 1882 2439 XXIII.

1288 2496 1314 2525 1.
1359 2494 1515 2533 Loqnutus
1556 2496 1597 2524 est
1633 2493 1745 2524 Iehova
1785 2494 1826 2523 ad
1860 2493 1984 2526 Mosen.
2026 2494 2170 2526 dicendo:

1202 2539 1230 2569 2.
1256 2538 1420 2576 Alloqaere
1435 2537 1517 2575 filios
1539 2536 1646 2573 Israel,
1667 2539 1694 2566 et
1712 2537 1762 2567 dic
1783 2536 1861 2567 illis.-
1886 2537 1955 2568 Hae
1978 2540 2049 2568 sun!
2070 2537 2169 2576 feriae

1176 2598 1177 2609 i
1203 2591 1281 2620 qaas
1304 2579 1448 2611 vocabitis
1471 2580 1693 2610 convocationes
1715 2582 1845 2615 sanctas,
1871 2579 1927 2610 hae
1949 2583 2020 2611 sunt
2039 2580 2170 2611 solenni—

1177 2648 1178 2651 ,
1203 2627 1277 2655 tates
1301 2633 1391 2653 meae.
1427 2623 1454 2652 4.
1484 2622 1550 2652 Hae
1574 2625 1644 2652 sant
1666 2623 1765 2660 seriae
1788 2632 1867 2661 queis
1885 2622 2089 2654 celebrabitis:
2112 2622 2170 2654 hae
