2304 3034
202 166 265 199 663

204 261 279 294 Hac
308 261 433 292 ratione
463 258 601 295 Paulus,
631 268 693 298 quo
721 257 827 289 acrius
850 257 1009 288 incestum
1033 256 1196 305 privigni.

205 315 280 336 eum
304 313 441 334 noveica
464 301 616 341 exagitet,
650 301 727 332 dicit
757 299 822 331 tale
853 299 1039 339 exemplum
1063 310 1104 330 ne
1127 299 1178 330 in-

206 354 256 378 ter
280 352 392 387 gentes
416 344 546 384 quidem
570 343 676 374 audiri
700 341 960 384 (1.Co1·.5,1).
1007 341 1043 373 Si
1067 341 1177 374 obiici-

207 397 274 425 tur,
309 398 373 419 non
397 386 561 427 prohiberi
586 397 643 418 nos
663 387 697 416 in
721 396 807 417 novo
830 385 1040 416 Testamento
1063 394 1082 415 a
1105 385 1177 416 tali-

206 432 265 463 bus
298 430 471 470 coniugiis:
507 429 694 468 respondeo,
729 439 833 468 neque
867 429 952 459 inter
986 433 1113 467 patrem
1146 433 1179 459 et

206 474 306 505 filiam
336 472 522 513 coniugium
553 472 675 509 vetari,
711 482 814 519 neque
837 471 933 501 matri
956 470 1108 502 interdici
1137 481 1178 502 ne

206 517 271 548 filio
302 526 359 546 suo
389 516 506 546 nubat:
537 525 579 545 an
608 514 678 546 ideo
709 514 889 554 promiscue
912 512 1019 545 licebit
1041 524 1177 545 consan—

205 559 332 600 guineis
360 558 444 589 inter
473 567 508 588 se
535 557 643 588 coire?
689 557 789 597 Atqui
813 557 963 596 quamvis
985 566 1084 587 unam
1105 567 1177 596 spe-

204 602 285 633 eiem
309 602 450 632 incestus
469 600 630 640 exprimat
644 600 776 637 Paulus,
801 599 939 631 dedecus
958 604 1067 630 tamen
1085 599 1177 630 nobis

205 645 318 676 statuit
348 644 382 674 in
407 643 554 683 exemplo
578 643 742 683 gentium
777 649 814 673 ut
836 642 952 673 saltem
977 652 1034 673 nos
1057 642 1177 690 pudeat

205 687 232 718 si
262 687 334 727 plus
363 687 395 717 in
427 686 490 716 illis
518 686 732 717 verecundiae
763 690 795 716 et
823 685 1001 716 modestiae
1023 685 1175 716 cernitur.

205 730 250 761 Et
273 734 359 761 certe
383 728 421 759 ad
452 729 536 760 hanc
564 740 632 759 rem
654 728 756 760 altera
779 728 924 759 eiusdem
948 727 1043 758 Pauli
1066 727 1176 759 admo-

205 773 288 803 nitio
312 772 393 803 mihi
416 771 545 810 sufficit,
579 772 633 811 qui
657 772 697 802 ad
716 771 945 811 Philippenses
965 770 1007 812 (4,
1043 770 1075 812 8)
1098 771 1176 802 scri-

205 816 299 846 bens:
332 815 570 854 Qua7ecunque
594 815 710 862 inquit
741 820 820 845 sunt
845 824 933 850 vera
966 824 1177 854 quaecunque

205 858 351 894 honesti,
375 868 586 897 quaecunque
609 858 704 895 iust.,a
728 867 938 897 quaecunque
961 867 1051 905 pura,
1081 867 1176 896 quae-

205 912 350 940 cunque
343 900 556 935 accommoda,
571 910 782 940 quaeeunque
802 900 878 931 boni
898 899 1048 937 nominis,
1064 900 1091 931 si
1115 910 1177 947 qua

205 945 309 975 virtus
322 950 354 973 et
378 946 403 973 si
427 954 489 983 qua
504 944 583 980 laus,
604 943 682 974 haec
702 944 852 984 cogitate.
877 942 971 982 Quod
991 942 1031 973 ad
1051 953 1104 973 eos
1123 942 1177 982 qui

205 987 384 1017 ascendunt
404 986 454 1016 vel
480 969 680 1017 descendunt
703 997 760 1026 per
779 991 900 1017 rectam
921 986 1049 1023 lineam,
1071 985 1177 1025 prodi-

205 1031 294 1069 giosa
317 1029 517 1060 obscoenitas
536 1030 570 1059 in
590 1029 761 1069 complexu
776 1029 877 1068 patris
891 1033 922 1058 et
935 1028 1029 1067 filiae,
1045 1028 1096 1060 vel
1110 1039 1176 1059 ma-

205 1073 262 1102 tris
287 1078 317 1101 et
342 1072 409 1110 filii,
433 1073 511 1103 satis
536 1078 677 1112 apparet.
717 1073 876 1103 Lascivus
900 1078 994 1111 poeta
1018 1072 1175 1102 furiosum

203 1114 361 1155 Myrrhae
372 1115 532 1146 incestum
546 1115 666 1146 referre
678 1115 807 1146 volens:
831 1115 910 1145 Dira
922 1124 1045 1151 canam,
1059 1114 1175 1154 inquit,

202 1157 313 1197 procul
337 1157 412 1188 hine
438 1164 542 1195 natae,
578 1158 686 1197 procul
712 1164 780 1188 este
804 1163 956 1197 parentes
972 1156 1002 1199 ¹).
1047 1157 1116 1188 Iam
1141 1157 1175 1187 in

202 1201 287 1231 linea
312 1206 497 1232 transversa
521 1207 655 1240 patruus
674 1207 705 1231 et
724 1200 904 1232 avunculus
923 1206 1058 1240 patrem,
1077 1200 1176 1231 amita

202 1250 233 1273 et
259 1250 433 1274 matertera
458 1250 594 1275 matrem
620 1248 882 1283 repraesentant:
917 1243 1003 1274 unde
1022 1244 1175 1283 sequitur,

203 1297 220 1316 a
251 1286 490 1318 cohabitatione
522 1287 651 1318 excludi
681 1297 761 1326 quae
793 1287 831 1317 ad
856 1286 995 1317 similem
1027 1286 1176 1317 deformi-

203 1334 304 1359 tatem
327 1329 458 1360 accedit.
506 1330 628 1360 Eadem
653 1336 700 1360 est
725 1330 893 1360 affinitatis
918 1329 1013 1367 ratio,
1047 1330 1121 1369 quia
1144 1334 1175 1359 et

203 1382 341 1403 noverca
377 1373 427 1403 vel
463 1383 573 1404 socrus
609 1373 722 1403 matris
758 1373 838 1409 loco,
873 1378 905 1403 et
940 1373 1090 1413 privigna
1123 1372 1174 1403 vel

203 1425 306 1445 nurus
341 1415 427 1446 filiae
461 1416 528 1446 loeo
564 1422 748 1455 reputatur:
792 1426 874 1446 uxor
907 1426 1032 1455 quoque
1067 1415 1174 1454 patrui

202 1458 253 1487 vel
289 1459 443 1489 avunculi
478 1469 535 1498 pro
570 1466 673 1489 matre
709 1458 857 1489 habenda
891 1463 948 1489 est.
1000 1459 1043 1488 Et
1074 1468 1173 1498 quan-

202 1511 296 1540 quam
333 1512 397 1531 non
433 1503 469 1532 fit
503 1512 655 1541 expressa
689 1512 799 1532 eorum
835 1502 972 1537 mentio,
1003 1512 1042 1531 ex
1067 1501 1175 1531 simili-

202 1544 314 1574 tudine
345 1551 452 1575 tamen
477 1544 632 1576 iudiciuin
655 1544 761 1576 facere
785 1546 937 1576 convenit
967 1544 1042 1584 quid
1070 1544 1174 1575 liceat.

202 1586 332 1618 Diserte
373 1587 423 1618 hic
463 1598 527 1618 non
565 1593 694 1618 vetatur
729 1593 863 1627 patruus
905 1587 954 1619 vel
996 1586 1174 1618 avunculus

202 1636 332 1669 neptem
364 1641 455 1661 suam
480 1630 598 1661 ducere
633 1631 664 1660 in
690 1640 839 1661 uxorem:
865 1630 921 1661 sed
945 1641 1042 1670 quum
1067 1630 1174 1669 nepoti

200 1673 405 1704 interdicitur
428 1678 620 1704 materterae
642 1674 690 1703 vel
711 1674 831 1704 amitae
851 1674 1045 1714 coniugium,
1066 1673 1175 1704 valere

202 1715 296 1746 debet
319 1725 430 1747 mutua
452 1717 566 1747 relatio
587 1716 704 1755 gradus
725 1717 885 1747 inferioris
906 1716 946 1747 ad
965 1716 1174 1756 superiorem.

203 1758 297 1797 Quod
321 1760 348 1789 si
372 1760 442 1798 quis
467 1760 596 1790 differre
616 1759 799 1795 contendat,
825 1760 948 1790 ratione
961 1758 1046 1799 apud
1060 1759 1175 1789 Mosen

202 1801 312 1832 addita,
343 1802 501 1833 refellitur
531 1802 701 1834 cavillum:
739 1802 856 1833 dicitur
887 1803 992 1833 enim:
1029 1802 1174 1833 Consan-

202 1845 320 1885 guinea
344 1845 445 1884 patris
470 1845 517 1876 tui
541 1852 597 1881 est,
625 1845 673 1876 vel
698 1845 813 1876 matris
837 1850 921 1876 tuae.
951 1845 1045 1877 Unde
1069 1845 1173 1884 sequi-

203 1892 265 1920 tur.
291 1896 430 1926 neptem,
453 1888 481 1919 si
505 1888 669 1919 avunculo
695 1888 746 1918 vel
771 1896 886 1928 patruo
910 1889 1018 1926 nubat,
1049 1888 1174 1919 incestu
1200 1921 1201 1924 Ἰ

203 1930 313 1970 pollui.
338 1930 506 1969 Quantum
531 1931 569 1962 ad
595 1942 766 1971 germanos
791 1932 916 1968 fratres,
940 1931 1067 1962 etiamsi
1086 1940 1175 1961 soror
1200 1929 1202 1934 '

204 1984 267 2003 non
292 1974 333 2004 sit
357 1975 500 2011 uterina,
537 1975 605 2005 eius
636 1981 745 2004 tamen
779 1975 908 2014 nuptias
934 1975 1022 2005 Deus
1046 1973 1175 2004 illicitas

204 2027 273 2046 esse
297 2017 506 2056 pronunciat:
536 2028 638 2056 neque
668 2017 754 2047 enim
792 2023 879 2048 vetat
902 2017 1006 2048 solum
1032 2016 1175 2047 revelare

204 2059 439 2098 turpitudinem
464 2061 583 2091 sororis
607 2071 686 2100 quac
710 2060 750 2090 sit
776 2061 883 2100 patris,
909 2059 963 2091 sed
984 2061 1080 2091 etiam
1094 2069 1175 2098 quae
1200 2079 1202 2090 i

1201 2120 1203 2130 .
1229 2100 1337 2132 fratris
1360 2100 1515 2140 germani.

204 2102 245 2132 sit
267 2103 379 2133 matris
400 2103 475 2133 filia.

294 2146 341 2175 16.
369 2145 729 2185 Turpitudinemaforis
746 2146 870 2186 fratris.
896 2145 1175 2177 Malisuntinter-

206 2194 313 2226 pretes
348 2189 401 2227 qui
437 2188 475 2219 de
510 2188 569 2219 hoc
602 2189 668 2220 loco
692 2191 949 2220 controversiam
980 2192 1110 2219 movent
1141 2197 1176 2217 ac

207 2237 384 2270 exponunt,
415 2242 479 2261 non
504 2242 573 2262 esse
598 2232 785 2271 rapiendam
811 2242 827 2261 e
852 2233 946 2263 thoro
970 2231 1078 2262 fratris
1101 2240 1175 2261 con-

206 2273 324 2313 iugem,
348 2274 410 2308 vel,
435 2275 460 2304 si
484 2274 654 2314 repudiata
674 2275 780 2310 fuerit,
805 2276 934 2306 illicitas
959 2285 1027 2305 esse
1047 2273 1177 2313 nuptias

207 2316 336 2346 vivente
368 2317 472 2348 adhuc
504 2318 630 2348 marito.
677 2317 788 2357 Neque
819 2319 904 2348 enini
930 2317 1082 2347 convenit
1113 2320 1176 2345 tor—

206 2369 303 2397 quere
328 2360 359 2389 in
385 2359 528 2390 diversos
553 2371 665 2390 sensus
700 2372 781 2400 quae
814 2372 875 2391 uno
906 2361 938 2390 in
970 2360 1036 2390 loco
1065 2358 1176 2389 iisdem

208 2403 314 2431 verbis
340 2404 606 2441 pronunciantur.
652 2403 750 2434 Vetat
785 2403 873 2434 Deus
903 2408 1048 2442 retegere
1077 2400 1177 2440 turpi-

208 2444 352 2474 nulnum
378 2447 487 2476 uxoris
513 2447 623 2485 patris,
649 2452 678 2476 et
704 2447 820 2486 patrui,
850 2452 880 2477 ct
905 2446 976 2476 filii:
1011 2455 1108 2484 (pium
1141 2443 1178 2473 de

207 2488 316 2517 fratris
333 2499 433 2518 uxore
457 2489 590 2519 eandem
606 2489 803 2520 sententiani
821 2489 952 2519 totidem
968 2488 1084 2527 profert
1107 2496 1178 2516 ver—

210 2529 274 2561 bis,
306 2530 481 2561 absurdum
507 2538 554 2561 est
580 2532 724 2562 diversos
748 2543 862 2563 sensus
887 2532 1018 2571 fingere.
1064 2529 1179 2568 Itaque

296 2623 323 2654 1)
345 2627 423 2649 Ocni.
445 2625 545 2650 Metam
565 2626 597 2650 X„
616 2624 675 2651 300.

910 162 1152 195 SEPTIMUM
1175 163 1498 196 PRAEOEPTUM.

1201 1714 1202 1718 ’
1228 1726 1292 1746 non
1324 1720 1407 1746 recte
1439 1715 1536 1746 fuisse
1571 1726 1675 1746 usum.

2137 162 2201 194 664

1232 257 1260 288 si
1282 257 1332 289 fas
1355 268 1419 289 uon
1442 262 1492 289 est
1514 257 1616 298 patris
1640 258 1689 289 vel
1709 256 1776 295 filii,
1811 257 1917 296 patrui
1942 257 1993 288 vel
2018 257 2142 297 nepotis
2165 257 2200 288 in

1231 300 1438 331 matrimonio
1461 311 1597 332 uxorem
1620 300 1757 332 habere:
1783 309 1884 330 unum
1907 303 1939 330 et
1960 299 2045 330 idem
2070 299 2108 331 de
2137 300 2201 331 fra-

1232 343 1291 374 tris
1305 354 1405 374 uxore
1418 344 1539 375 sentire
1555 343 1715 380 convenit,
1736 341 1774 373 de
1788 352 1852 382 qua
1874 341 1989 373 similis
2002 353 2134 382 prorsus
2147 343 2201 374 lex

1231 397 1295 417 uno
1325 391 1480 418 contextu
1510 392 1540 417 et
1569 394 1680 417 tenore
1713 385 1838 425 perlata
1871 390 1929 416 est.
1984 385 2053 417 Nec
2085 385 2200 426 ignoro

1231 428 1316 460 unde
1329 429 1529 461 occasionem
1550 428 1680 460 errandi
1700 427 1893 468 sumpserint
1909 428 1963 467 qui
1976 427 2023 458 ita
2040 428 2198 460 sentiunt:

1231 482 1306 503 nam
1330 472 1404 512 quia
1427 472 1489 503 alio
1513 472 1580 504 loco
1603 472 1692 503 iubet
1715 470 1816 509 Deus,
1839 471 1865 501 si
1889 470 1960 511 quis
1982 471 2102 511 absque
2121 470 2200 502 libe-

1231 514 1275 546 ris
1305 514 1492 553 decesserit,
1524 515 1656 546 fratrem
1685 514 1740 554 qui
1768 519 1934 553 superstes
1962 514 2039 551 erit,
2066 512 2200 545 viduam

1230 557 1384 597 accipere,
1408 563 1443 588 ut
1467 569 1506 589 ex
1531 568 1568 589 ea
1591 568 1700 589 semen
1724 563 1851 587 mortuo
1875 556 2024 587 suscitet:
2049 556 2109 588 hoe
2130 567 2201 597 per-

1230 611 1340 640 peram
1365 605 1397 631 et
1419 600 1534 632 inscite
1558 600 1797 631 restrinxerunt
1821 598 1860 629 ad
1879 609 2050 639 germanos
2068 600 2200 631 fratres:

1229 654 1326 683 quum
1342 642 1431 674 Deus
1451 643 1529 674 alios
1548 643 1749 683 cognationis
1772 641 1893 682 gradus
1916 642 2032 691 potius·
2042 642 2199 683 designet.

1230 686 1315 717 Nota
1338 690 1387 717 est
1412 686 1541 726 phrasis
1566 686 1696 726 linguae
1723 684 1901 722 hebraicae,
1924 686 2057 725 quaein
2080 695 2200 726 genere

1230 729 1486 769 consanguineos
1509 739 1620 760 omnes
1651 729 1788 759 fratrum
1813 728 1943 759 nomine
1966 728 2200 768 complectitur,

1229 772 1307 811 quin
1334 772 1431 803 etiam
1456 772 1567 803 Latini
1590 772 1667 802 olim
1701 771 1746 802 sic
1780 777 1939 803 vocarunt
1972 771 2136 820 patrueles
2168 776 2200 802 et

1229 814 1391 846 amitinos.
1448 815 1517 846 Lex
1561 825 1637 855 ergo
1671 814 1764 845 cuius
1799 824 1886 845 nunc
1919 814 1955 845 fit
1989 814 2125 852 mentio,
2160 814 2200 846 de

1230 868 1330 888 uxore
1359 858 1468 888 fratris
1491 858 1610 888 mortui
1644 856 1805 893 ducenda,
1835 856 1875 887 ad
1899 867 1952 888 eos
1976 860 2103 888 tantum
2124 867 2198 897 cog-

1230 905 1324 931 natos
1348 900 1500 941 dirigitur
1521 901 1575 940 qui
1599 899 1718 939 alioqui
1749 910 1813 930 non
1838 899 2061 939 impediuntur
2090 910 2108 931 a
2143 899 2200 931 tali

1230 943 1391 983 coniugio:
1416 945 1489 983 quia
1514 944 1582 974 Deo
1606 943 1807 983 propositum
1832 943 1993 980 non-fuit,
2025 953 2066 974 ne
2097 942 2199 974 inter-

1229 986 1314 1017 cidat
1337 996 1455 1017 nomen
1479 986 1607 1022 mortui,
1631 986 1814 1017 incestuosa
1833 986 1981 1026 coniugia
2000 987 2198 1026 permittere,

1229 1040 1309 1069 quae
1344 1029 1419 1060 alibi
1461 1029 1680 1060 damnaverat.
1737 1028 1847 1067 Quare
1888 1028 1968 1060 haec
2001 1028 2063 1060 duo
2097 1029 2198 1068 probe

1229 1071 1325 1102 simul
1359 1072 1564 1109 conveniunt,
1598 1082 1789 1112 germanum
1821 1071 1954 1102 fratrem
1988 1071 2152 1112 prohiberi
2179 1082 2199 1102 a

1229 1115 1377 1155 coniugio
1408 1115 1524 1145 viduae
1555 1114 1679 1151 fratris,
1715 1119 1747 1145 et
1776 1120 1883 1145 tamen
1907 1116 2105 1155 propinquos
2128 1115 2198 1146 iure

1229 1158 1430 1198 cognationis
1460 1157 1618 1197 obstringi
1649 1156 1688 1188 ad
1725 1167 1835 1188 semen
1869 1158 2004 1188 mortuis
2038 1158 2197 1189 suscitan-

1230 1200 1320 1231 dum:
1346 1201 1399 1231 ubi
1424 1200 1558 1231 liberum
1583 1200 1701 1239 alioqui
1728 1212 1767 1231 ex
1791 1200 1990 1241 praescripto
2018 1200 2099 1241 legis
2122 1211 2198 1232 con·

1229 1244 1352 1284 iugiuni
1378 1249 1435 1274 est.
1480 1243 1551 1274 Hac
1575 1244 1698 1274 ratione
1722 1243 1809 1274 Booz
1832 1254 1965 1274 uxorem
1989 1243 2083 1274 duxit
2105 1243 2198 1275 Ruth

1229 1297 1310 1326 quae
1334 1293 1408 1317 ante
1440 1292 1540 1325 nupta
1571 1286 1675 1317 fuerat
1705 1287 1775 1317 eius
1804 1286 2063 1327 consanguineo:
2093 1292 2126 1317 et
2156 1297 2197 1318 ex

1229 1329 1363 1359 historia
1386 1329 1463 1360 satis
1487 1335 1581 1369 patet„
1613 1330 1716 1369 legem
1742 1329 1781 1360 ad
1805 1339 1917 1360 omnes
1939 1330 2198 1370 consanguineos

1229 1377 1399 1411 spectasse.
1424 1371 1517 1410 Quod
1537 1372 1563 1402 si
1583 1372 1653 1411 quis
1667 1372 1771 1403 adhuc
1785 1372 1966 1409 contendat,
1989 1372 2106 1403 fratres
2125 1383 2198 1413 ger-

1229 1426 1340 1445 manos
1364 1415 1397 1445 in
1421 1415 1477 1446 hoc
1501 1426 1634 1446 numero
1657 1415 1901 1455 comprehendi,
1930 1415 2042 1446 eadem
2073 1415 2198 1447 ratione

1229 1457 1373 1489 ducenda
1397 1468 1505 1488 socero
1528 1458 1560 1487 in
1594 1468 1728 1489 uxorem
1761 1457 1874 1490 fuisset
1903 1468 2020 1495 nurus,
2053 1464 2086 1489 et
2115 1469 2199 1489 uxor

1229 1501 1355 1541 nepotis
1374 1506 1500 1540 patruo,
1521 1501 1583 1531 imo
1605 1507 1637 1531 et
1657 1501 1806 1540 privigno
1826 1511 1980 1532 noverca:
2006 1501 2088 1540 quod
2109 1501 2198 1533 dictu

1228 1543 1413 1583 pudendum
1439 1548 1496 1574 est.
1538 1543 1572 1574 Si
1597 1544 1666 1583 quis
1689 1544 1819 1575 obiiciat
1841 1543 1924 1575 filios
1947 1543 2047 1575 Iudae
2066 1544 2145 1583 Her,
2167 1550 2199 1575 et

1227 1587 1356 1622 Houan,
1388 1594 1419 1616 et
1444 1586 1534 1623 Sela,
1566 1587 1663 1617 fuisse
1693 1597 1881 1627 germanos,
1915 1586 2059 1618 Thamar
2087 1592 2197 1618 tamen

1228 1629 1352 1660 duobus
1376 1630 1540 1669 nupsisse:
1565 1630 1681 1660 solutio
1704 1630 1737 1659 in
1762 1635 1914 1670 promptu
1938 1635 1995 1666 est,
2019 1630 2135 1662 Iudam
2157 1641 2197 1662 ex

1228 1672 1390 1703 communi
1426 1677 1456 1702 et
1493 1677 1617 1712 recepto
1651 1672 1798 1712 gentium
1841 1683 1929 1703 more
1967 1672 2028 1704 hac
2066 1673 2198 1705 licentia

1722 1715 1811 1747 Satis
1834 1720 1923 1755 patet
1945 1716 2091 1747 omnium
2115 1722 2197 1748 tem-

1227 1769 1341 1798 porum
1365 1757 1517 1795 historiis,
1546 1759 1629 1797 apud
1653 1764 1765 1798 gentes
1788 1759 1961 1790 orientales
1983 1758 2091 1790 foedas
2113 1760 2197 1790 mix-

1228 1806 1325 1838 turas,
1357 1800 1502 1841 neglecto
1533 1800 1670 1840 pudore,
1703 1802 1801 1833 fuisse
1829 1802 1862 1832 in
1893 1801 2062 1842 coniugiis.
2109 1802 2198 1834 Mala

1200 1845 1202 1878 ἶ,
1227 1844 1328 1884 igitur
1350 1843 1582 1874 consuetudine
1606 1843 1655 1884 (ut
1679 1845 1747 1875 fieri
1772 1844 1864 1886 solet)
1889 1850 2009 1875 tractus
2032 1845 2092 1876 fuit
2115 1845 2198 1877 Iuda

1228 1894 1263 1917 ut
1286 1886 1421 1917 eandem
1446 1885 1538 1917 daret
1568 1898 1699 1917 uxorem
1733 1888 1797 1918 filio
1822 1887 1981 1926 secundo,
2013 1899 2095 1928 quae
2122 1893 2198 1919 ante

1228 1929 1332 1960 fuerat
1364 1940 1444 1959 uxor
1474 1930 1689 1969 primogeniti.
1742 1931 1786 1961 Et
1817 1931 1876 1962 hoc
1906 1931 2005 1962 etiam
2035 1931 2197 1971 flagitium

1228 1973 1312 2003 inter
1335 1978 1447 2012 gentes
1472 1979 1654 2012 grassatum
1678 1984 1747 2004 esse
1771 1974 1925 2013 exprimit
1948 1974 2046 2010 Deus,
2071 1974 2125 2005 ubi
2148 1974 2198 2004 in-

1228 2020 1334 2046 cestus
1359 2014 1499 2045 damnat.
1530 2015 1600 2045 Hoc
1623 2016 1721 2055 igitur
1745 2021 1899 2056 tanquam
1924 2016 2094 2047 indubium
2120 2017 2197 2048 reti-

1229 2069 1305 2095 ne0,
1341 2058 1410 2097 lege
1436 2058 1534 2088 Mosis
1559 2059 1693 2089 vetitum
1716 2070 1785 2090 csse
1804 2060 1987 2100 coniugium
2007 2069 2079 2090 cum
2098 2060 2198 2090 vidua

1316 2143 1363 2173 18.
1388 2143 1552 2173 Mum—rem
1576 2154 1690 2183 quoqne
1713 2155 1780 2175 cum
1804 2155 1913 2176 sorore.
1939 2145 2010 2175 Hoc
2033 2145 2102 2176 loco
2122 2144 2198 2176 freti

1229 2185 1357 2225 quidam
1393 2187 1532 2226 protervi
1568 2187 1730 2225 homines,
1774 2187 1871 2218 licere
1905 2187 2032 2226 volunt,
2067 2188 2092 2219 si
2127 2187 2199 2227 quis

1231 2240 1330 2259 uxore
1355 2230 1499 2268 privatus
1522 2230 1571 2260 sit.
1604 2241 1791 2268 germanam
1815 2230 1883 2261 eius
1907 2241 2047 2261 sororem
2073 2231 2198 2268 ducere,

1231 2272 1305 2311 quia
1329 2271 1488 2302 restrictio
1513 2271 1621 2302 addita
1644 2278 1707 2303 est:
1754 2273 1802 2303 Ne
1834 2273 1908 2303 viva
1931 2273 2037 2313 priore
2061 2274 2198 2304 alteram

1231 2315 1374 2354 accipiat.
1413 2314 1507 2345 Unde
1531 2315 1689 2353 colligunt
1712 2327 1776 2346 non
1802 2316 1965 2356 prohiberi
1989 2316 2066 2355 quin
2090 2327 2199 2348 succe-

1232 2357 1341 2387 datin
1367 2357 1551 2387 demortuae
1584 2357 1695 2389 locum.
1740 2359 1864 2389 Verum
1896 2359 2080 2399 expendere
2109 2359 2199 2390 dece-

1233 2401 1283 2430 bat
1308 2399 1502 2439 legislatoris
1531 2401 1716 2438 vonsilium,
1752 2412 1790 2432 ex
1823 2401 1949 2432 disertis
1973 2402 2041 2433 eius
2077 2402 2198 2433 verbis:

1232 2444 1304 2482 quia
1326 2454 1387 2472 non
1409 2448 1535 2472 tantum
1558 2443 1713 2477 nutemusv
1748 2445 1793 2474 vel
1817 2444 2029 2484 turpitudinis
2052 2445 2089 2475 fit.
2109 2455 2198 2476 men—

1232 2486 1285 2521 tio,
1310 2485 1363 2515 sed
1388 2485 1567 2525 zelotypiae
1599 2492 1630 2515 et
1659 2486 1803 2517 rixarum
1831 2498 1910 2527 quae
1942 2487 2016 2519 inde
2040 2488 2198 2519 oriuntur.

1233 2529 1267 2558 >¹1
1292 2533 1418 2558 tantuin
1445 2528 1564 2558 dietum
1589 2535 1688 2559 esset:
1716 2529 1762 2559 Ne
1787 2529 1999 2570 discooperias
2023 2530 2200 2571 turpitudi-

1205 2578 1207 2594 1
1233 2582 1316 2607 nem,
1338 2582 1399 2600 non
1421 2571 1490 2601 sine
1509 2571 1614 2601 colore
1634 2571 1859 2603 obtenderent:
1885 2573 2043 2604 viduitate
2062 2574 2200 2604 liberum

1233 2614 1300 2644 fieri
1320 2614 1471 2644 maritum
1493 2613 1530 2644 ad
1554 2613 1732 2645 ducendam
1752 2615 1884 2646 alteram
1910 2626 2061 2648 uxorem:
2087 2627 2200 2648 verum
