2304 3034
243 174 284 203 43
828 170 1196 204 COMMENTARIUS
1220 172 1268 203 IN
1294 172 1440 203 EXODI
1465 171 1562 203 CAP.
1588 172 1647 203 III.
2187 174 2229 205 44

243 268 422 301 accessione
457 265 539 305 signi
575 274 728 295 crescere.

243 313 328 344 cium
364 310 451 340 Deus
495 306 669 347 amplificat
715 316 799 337 novo
844 307 907 338 alio
952 310 1209 348 superveniente,

243 366 279 386 ac
313 354 339 384 si
372 350 535 383 cumulum
565 360 736 380 mensurae
770 350 1010 389 superadderet.
1056 351 1099 382 Et
1133 362 1210 382 sane

241 395 362 436 insigni
409 393 599 424 documento
644 393 769 423 sancita
820 392 881 423 fuit
927 394 1052 424 vocatio
1100 394 1210 432 Mosis,

243 449 340 480 quum
375 436 485 467 eodem
522 436 553 465 in
589 435 656 466 1000
697 434 749 465 001
796 440 875 466 tunc
915 436 1040 473 stabat,
1073 437 1238 476 populus'

242 483 311 513 eius
344 489 441 520 opera
470 488 633 517 manuque
670 477 804 509 eductus
845 477 978 509 solenne
1018 479 1211 510 sacrificium

242 523 369 556 obtulit.
426 521 598 552 Caeterum
636 520 724 551 Deus
758 520 864 551 medio
898 526 1041 560 tempore
1079 532 1210 552 servum

243 576 339 598 suum
358 564 537 605 suspendit,
562 574 597 594 ac
621 564 646 594 si
671 563 800 599 diceret,
824 563 894 594 sine
913 574 964 594 me
983 564 1066 603 quod
1086 564 1212 596 decrevi

243 610 413 650 perficere:
437 608 515 638 satis
539 606 732 646 tempestive
755 616 929 646 cognosces
953 617 1016 636 non
1040 606 1161 637 frustra
1182 613 1212 638 te

243 654 342 684 fuisse
355 651 499 687 missum,
514 650 567 680 ubi
580 649 732 689 populum
745 648 939 680 incolumem
953 648 1016 679 huc
1029 649 1212 681 adduxeris.

331 695 380 725 13.
405 693 490 730 Eece,
523 692 574 723 ubi
605 702 655 732 eyo
681 702 788 722 venero
818 692 861 722 ad
892 692 975 731 filios
1009 691 1121 723 Israel.
1176 692 1212 723 Si

243 738 405 770 credimus
429 736 541 767 Mosen
572 734 740 774 loquutum
775 745 844 765 esse
877 745 917 764 ex
951 735 1078 774 proprio
1107 745 1213 772 sensu,

245 786 340 821 negat
364 790 397 811 se
421 788 512 819 posse
537 777 634 808 verba
658 777 719 807 rite
743 776 848 808 facere
873 777 911 808 de
940 777 1103 817 incognito
1126 777 1212 808 Deo:

244 823 330 864 quod
360 822 493 853 minime
522 824 776 852 consentaneum
813 819 951 851 videtur.
1014 819 1096 858 Quis
1130 822 1215 851 enim

245 867 408 898 existimet
444 865 476 894 10
500 869 609 894 sancto
638 862 803 902 Propheta
827 863 873 893 sic
896 863 1094 893 exinanitam
1119 863 1216 894 fuisse

246 910 341 941 fidem
366 914 401 938 ut
425 907 492 938 veri
518 906 587 944 Dei⁷
612 916 708 946 quem
732 916 771 936 ex
795 905 902 936 animo
919 906 1072 941 coluerat,
1096 905 1215 937 oblitus

246 951 350 984 foret?
377 950 465 989 Quin
488 949 597 989 potius
619 950 652 979 in
679 949 809 979 nomine
823 948 1031 989 primogeniti
1050 948 1106 979 filii
1126 949 1216 979 testi-

246 995 391 1026 monium
415 991 599 1023 reddiderat
622 991 725 1022 seriae
749 992 939 1027 memoriae,
970 1001 1070 1031 quum
1102 997 1217 1030 sponte

246 1037 443 1078 inquilinum
467 1046 501 1066 se
525 1035 732 1074 profiteretur
756 1034 788 1064 in
809 1040 897 1065 terra
920 1033 1062 1065 Madian.
1108 1034 1218 1064 Nihilo

246 1081 307 1112 hoc
331 1079 435 1119 magis
459 1084 642 1118 competere
659 1076 790 1107 videtur
814 1077 846 1107 in
870 1076 952 1108 filios
966 1076 1078 1113 Israel,
1102 1076 1219 1116 quibus

247 1133 374 1163 semper
396 1123 430 1152 in
454 1131 508 1151 ore
532 1125 601 1151 erat
624 1119 735 1150 foedus
758 1131 830 1150 cum
855 1120 1000 1160 patribus
1020 1129 1216 1159 percussum.

247 1166 282 1197 Si
313 1166 507 1201 dixerimus,
542 1162 638 1194 fidem
663 1168 729 1193 tam
754 1163 855 1193 Mosis
875 1173 969 1202 quam
996 1162 1216 1193 Israelitarum

248 1209 337 1240 velut
359 1213 524 1240 contracta
546 1206 695 1246 rubigine
719 1205 887 1236 obscuram
920 1206 1034 1242 fuisse,
1069 1215 1132 1235 non
1156 1205 1217 1234 erit

248 1262 265 1282 a
289 1250 444 1292 probabili
470 1250 594 1280 ratione
618 1248 768 1279 alienum.
814 1249 895 1279 Erat
926 1249 993 1288 ipse
1022 1248 1106 1287 apud
1131 1257 1216 1278 soce-

248 1305 320 1326 rum
344 1304 460 1334 expers
483 1293 588 1323 omnis
613 1291 785 1327 doctrinae,
810 1302 892 1331 quae
914 1292 947 1321 10
961 1291 1116 1331 peculiari
1128 1290 1217 1321 cultu

248 1348 323 1368 eum
348 1337 517 1372 retineret,
552 1346 588 1366 ac
622 1335 736 1365 notitia
769 1335 824 1365 illa
858 1345 953 1374 quam
985 1333 1156 1364 imbiberat
1185 1333 1216 1363 in

249 1381 408 1421 Aegypto.
460 1379 561 1408 Totus
591 1388 668 1407 vero
699 1377 836 1417 populus
870 1378 965 1417 longe
997 1377 1171 1407 deflexerat
1200 1386 1218 1406 a

249 1431 379 1464 patrum
405 1422 593 1452 imitatione.
641 1421 723 1450 Nam
748 1421 806 1451 etsi
833 1430 896 1450 non
920 1421 952 1450 10
978 1424 1079 1449 totum
1104 1419 1218 1449 obruta

250 1471 319 1498 erat
338 1476 434 1496 verae
457 1470 488 1495 et
512 1464 663 1502 antiquae
688 1463 852 1503 religionis
865 1463 1002 1497 claritas,
1029 1462 1083 1492 vix
1109 1467 1215 1492 tamen

250 1509 411 1540 micabant
441 1513 555 1537 tenues
586 1506 756 1538 scintillae.
802 1505 961 1544 Quamvis
994 1511 1101 1536 autem
1124 1515 1217 1535 suam

249 1551 466 1592 ignorantiam
496 1550 592 1580 tacite
616 1550 755 1579 fateatur
778 1549 900 1585 Moses,
936 1548 1020 1588 quod
1045 1559 1108 1578 1100
1140 1548 1218 1578 satis
1244 1554 1245 1560 ¹

249 1595 453 1625 familiariter
477 1592 673 1623 exercitatus
698 1592 797 1622 fucrit
822 1592 855 1622 in
886 1591 1031 1622 doctrina
1057 1601 1075 1621 a
1098 1590 1219 1621 sanctis
1244 1589 1246 1594 ¹

249 1636 441 1678 patriarchis
466 1635 600 1665 tradita:
632 1636 705 1675 quia
736 1641 842 1665 tamen
871 1640 1032 1665 venturus
1056 1633 1094 1664 ad
1119 1644 1218 1673 popu-

248 1680 318 1711 lum
342 1686 410 1710 erat
435 1685 587 1718 tanquam
612 1684 786 1709 extraneus
810 1678 977 1718 quispiam,
1008 1687 1041 1707 se
1070 1676 1218 1715 repudia-

248 1728 319 1754 tum
336 1723 375 1753 iri
399 1722 530 1762 colligit,
551 1721 613 1752 nisi
638 1726 746 1751 notam
771 1726 926 1751 tesseram
951 1720 1074 1750 afferat.
1099 1719 1219 1750 Narra·

250 1766 298 1802 bo,
323 1765 438 1805 inquit,
467 1764 550 1804 quod
575 1764 666 1795 iubes
690 1774 740 1794 me
764 1774 782 1794 a
806 1763 876 1794 Deo
900 1767 1029 1803 patrum
1054 1772 1122 1793 esse
1142 1762 1219 1792 mis-

250 1818 342 1840 sum:
368 1807 518 1838 ridebunt
539 1817 575 1837 ac
599 1812 752 1847 spernent
776 1806 981 1846 legationem,
1017 1806 1077 1836 nisi
1101 1805 1220 1836 certius

250 1852 379 1892 aliquod
399 1850 581 1891 symbolum
601 1850 775 1889 protulero,
810 1861 849 1880 ex
870 1859 931 1889 quo
956 1849 1080 1880 discant
1105 1858 1220 1878 nomen

250 1901 343 1926 tuum
379 1904 397 1924 a
430 1904 481 1924 me
517 1903 582 1923 non
617 1898 739 1923 temere
772 1892 927 1932 praetexi.
984 1892 1110 1922 Nomen
1143 1900 1220 1931 ergo

251 1937 377 1977 quaerit
401 1935 485 1976 quod
510 1936 548 1966 ad
574 1942 684 1966 notam
705 1935 899 1966 discriminis
920 1934 1038 1965 valeat:
1063 1934 1137 1974 quia
1156 1943 1221 1964 non

252 1980 290 2011 de
312 1979 444 2020 syllabis
469 1986 524 2009 aut
548 1989 625 2009 voce
649 1979 764 2019 agitur,
789 1977 845 2008 sed
870 1977 908 2008 de
931 1977 1125 2013 testimonio,
1159 1985 1221 2016 quo

251 2021 442 2063 persuadeat
468 2022 640 2058 Israelitis,
673 2027 803 2061 propter
833 2020 944 2051 foedus
968 2025 1096 2060 patrum
1124 2019 1221 2050 fuisse

252 2065 429 2097 exauditos.

340 2108 388 2138 14.
415 2108 491 2138 Sam
513 2107 566 2146 qai
588 2117 665 2137 sum.
694 2107 857 2137 Futurum
883 2106 971 2137 verbi
996 2111 1123 2145 tempus
1146 2105 1220 2145 legi-

253 2158 307 2182 tur
341 2151 522 2181 Hebraice:
556 2151 619 2180 Ero
663 2150 716 2189 qui
751 2159 824 2180 ero:
858 2149 912 2179 sed
945 2148 1029 2188 quod
1061 2148 1221 2187 praesenti

253 2194 455 2234 aequipollet,
475 2193 536 2223 nisi
561 2192 643 2232 quod
668 2193 816 2232 designat
836 2199 1028 2232 perpetuum
1045 2191 1222 2222 durationis

253 2245 409 2268 tenorem.
456 2236 526 2266 Hoc
545 2236 673 2274 quidem
699 2235 777 2266 satis
802 2235 916 2274 liquet.
949 2235 1056 2265 Deum
1086 2234 1145 2264 sibi
1166 2233 1220 2263 uni

254 2290 397 2311 asserere
422 2279 601 2309 divinitatis
625 2278 771 2318 gloriam,
795 2279 870 2317 quia
893 2279 933 2308 sit
958 2288 976 2308 a
995 2288 1028 2308 se
1047 2277 1116 2316 ipso
1135 2276 1220 2307 idco-

254 2333 314 2362 que
335 2328 500 2353 aeternus:
526 2328 557 2352 et
581 2322 625 2351 ita
648 2321 797 2351 omnibus
821 2320 978 2352 creaturis
1002 2320 1055 2350 det
1073 2330 1149 2356 esse,
1172 2318 1221 2349 vel

254 2366 438 2396 subsistere.
468 2364 579 2403 Neque
602 2364 689 2394 enim
710 2364 843 2403 vulgare
867 2363 1040 2403 quidquam
1063 2362 1112 2393 vel
1136 2371 1220 2392 com-

256 2419 352 2439 mune
382 2408 453 2438 aliis
477 2407 515 2437 (le
538 2417 571 2437 se
595 2407 772 2446 praedicat,
806 2405 861 2437 sed
889 2406 1114 2436 aeternitatem
1143 2415 1220 2435 ven-

256 2451 340 2482 dicat
364 2450 524 2490 propriam
550 2450 649 2480 solius
674 2450 743 2484 Dei,
779 2449 874 2488 idque
898 2455 933 2479 ut
956 2459 1013 2489 pro
1036 2459 1094 2479 sua
1118 2447 1221 2487 digni-

256 2499 321 2524 tate
345 2493 533 2525 celebretur.
567 2492 707 2523 Proinde
732 2493 882 2523 eontinuo
905 2498 979 2531 post
1003 2491 1147 2531 neglecta
1171 2500 1221 2520 ra·

256 2537 342 2567 tione
371 2536 616 2575 grammaticae.
653 2535 738 2565 idem
763 2535 896 2565 verbum
921 2535 1044 2574 primae
1068 2543 1222 2572 personae

255 2579 323 2610 loco
347 2576 543 2609 substantivi
567 2587 716 2617 usurpat,
749 2584 780 2608 et
812 2578 907 2608 verbo
932 2577 1044 2607 tertiae
1068 2586 1222 2615 personae

258 2622 416 2652 annectit:
448 2629 481 2651 ut
511 2620 680 2651 admiratio
711 2621 825 2651 subeat
850 2621 988 2656 animos,
1019 2619 1143 2658 quoties
1172 2618 1222 2648 in·
1246 2632 1249 2643 ι

1244 1745 1246 1754 1
1270 1719 1352 1751 ‘robis
1380 1720 1495 1758 factum
1523 1719 1617 1757 fuerit
1641 1719 1670 1748 in
1696 1718 1841 1758 Aqufflto.

782 264 931 304 Denique
965 275 1059 296 suum
1091 266 1209 297 benefi-
1234 270 1236 298 ἰ
1261 265 1559 305 comprehensibilis
1573 266 1731 296 essentiae
1755 266 1790 296 fit
1813 266 1942 297 mentio.
1968 266 2038 298 Etsi
2061 272 2169 298 autem
2189 267 2228 298 de

1262 309 1322 340 hac
1347 309 1539 339 aeternitate
1572 308 1741 348 magnifice
1771 308 1934 339 disserunt
1965 309 2162 349 philosophi,
2197 316 2229 340 et

1263 351 1356 382 Plato
1380 354 1565 382 constanter
1589 351 1736 386 affirmet,
1761 351 1866 382 Deum
1890 352 2017 391 proprie
2040 362 2109 383 esse
2131 351 2162 382 τὸ
2187 351 2227 390 ὅν,

1264 395 1323 425 hoe
1353 399 1461 424 tamen
1491 394 1630 433 elogium
1663 404 1726 423 non
1757 394 1851 428 scite.
1876 404 1977 433 neque
2003 398 2038 424 ut
2058 394 2163 431 decet,
2194 395 2228 426 in

1264 447 1357 468 suum
1383 447 1476 467 usum
1509 437 1768 474 accommodant,
1803 447 1917 475 nempe
1948 443 1983 467 ut
2006 437 2135 468 unicum
2160 447 2228 468 esse

1265 480 1325 511 Dei
1366 479 1535 510 absorbeat
1569 489 1776 518 quascunque
1808 479 2026 519 imaginamur
2058 480 2227 511 essentias:

1264 522 1379 553 deinde
1410 528 1444 553 ut
1467 521 1597 553 accedat
1621 521 1716 552 simul
1738 532 1901 552 summum
1925 522 2096 562 imperium
2120 527 2152 553 et
2175 532 2229 562 po-

1264 570 1363 596 test-as
1387 564 1589 605 gubernandi
1610 565 1725 595 omnia.
1760 564 1855 596 Unde
1878 565 1964 595 enim
1981 564 2134 595 falsorum
2149 564 2231 596 Deo-

1264 619 1335 638 rum
1358 608 1462 647 turba,
1487 608 1548 638 nisi
1579 606 1660 646 quod
1687 607 1794 646 pravis
1822 608 1986 645 figmentis
2010 607 2150 638 divisum
2172 618 2234 638 nu-

1264 661 1338 681 men
1362 651 1396 681 in
1420 655 1526 690 partes
1548 650 1646 689 impie
1670 649 1853 680 laceratur?
1878 650 1966 690 Ergo
1991 655 2026 680 ut
2049 650 2148 681 solide
2178 660 2234 690 ap-

1265 693 1503 733 prehendamus
1532 703 1633 723 unum
1669 693 1788 728 Deum,
1823 693 1905 724 scire
1934 693 2074 733 primum
2105 702 2235 724 necesse

1265 741 1324 775 est,
1357 735 1510 776 quidquid
1545 737 1578 766 in
1612 735 1709 766 coelis
1743 740 1791 766 est
1814 735 1866 766 vel
1893 736 1926 766 in
1953 739 2057 773 terra,
2092 735 2234 775 precario

1266 789 1356 810 suam
1381 779 1554 809 essentiam
1578 779 1630 809 vel
1655 778 1895 809 subsistentiam
1920 778 1959 809 ab
1983 788 2046 809 uno
2069 778 2124 818 qui
2147 778 2236 810 solus

1267 832 1344 852 vere
1367 826 1423 859 est,
1454 821 1604 852 mutuari.
1651 821 1704 851 Ex
1727 821 1781 851 illo
1805 826 1912 851 autem
1936 831 2006 852 esse
2029 821 2174 852 nascitur
2203 825 2236 851 et

1267 875 1377 905 posse:
1401 865 1475 904 quia
1498 864 1524 894 si
1549 863 1638 894 Deus
1662 864 1770 894 omnia
1790 864 1909 894 virtute
1932 864 2079 900 sustinet,
2103 863 2235 894 arbitrio

1268 918 1391 947 quoque
1415 918 1473 938 suo
1497 908 1587 947 regit.
1618 906 1662 937 Et
1684 906 1762 946 quid
1786 906 1959 946 profuisset
1976 906 2060 937 Mosi
2083 916 2234 937 arcanam

1269 950 1329 981 Dei
1358 949 1531 981 essentiam
1561 949 1650 989 quasi
1682 949 1770 980 coelo
1802 949 1961 980 inclusam
1991 949 2148 989 speculari
2172 948 2235 980 nisi

1269 992 1307 1023 de
1336 993 1404 1023 eius
1438 993 1669 1032 omnipotentia
1693 992 1797 1023 factus
1830 992 1948 1023 certior
1971 992 2117 1032 clypeum
2151 991 2236 1023 fidu-

1268 1036 1336 1066 ciae
1359 1035 1419 1066 sibi
1443 1035 1517 1065 inde
1541 1034 1686 1065 fecisset?
1734 1035 1838 1066 Docet
1860 1045 1937 1075 ergo
1963 1035 2051 1066 Deus
2076 1045 2109 1066 50
2134 1045 2236 1065 unum

1268 1089 1337 1109 esse
1371 1082 1574 1109 sacrosancto
1608 1078 1739 1108 nomine
1770 1078 1919 1117 dignum,
1951 1077 2035 1118 quod
2065 1086 2234 1118 perperam

1269 1120 1308 1151 ad
1337 1121 1415 1152 alios
1447 1121 1641 1151 translatum
1665 1121 1875 1160 profanatur:
1905 1120 2019 1151 deinde
2043 1121 2236 1151 immensam

1268 1174 1359 1194 suam
1390 1164 1545 1194 virtutem
1574 1163 1791 1200 commendat,
1828 1174 1867 1194 00
1896 1163 2021 1194 dubitet
2045 1163 2152 1194 Moses
2175 1163 2236 1194 sub

1268 1207 1335 1237 eius
1358 1206 1510 1246 auspiciis
1534 1216 1567 1237 se
1589 1205 1656 1236 fore
1679 1206 1823 1237 omnium
1849 1206 2012 1236 victorem.
2043 1205 2093 1236 De
2105 1205 2235 1236 nomine

1269 1249 1398 1286 Iehova,
1421 1248 1503 1288 quod
1527 1260 1566 1279 ex
1589 1248 1649 1280 hac
1663 1249 1769 1279 radice
1790 1248 1960 1279 deductum
1975 1253 2031 1285 est,
2057 1247 2236 1279 videbimus

1269 1299 1360 1323 sexto
1383 1293 1497 1331 capito.

1357 1378 1403 1408 15.
1428 1376 1470 1407 Et
1491 1377 1572 1407 dixit
1595 1387 1723 1407 rursum
1745 1375 1832 1407 Dens
1854 1376 1894 1406 acl
1918 1375 2041 1407 11103611,-
2074 1375 2125 1406 Sic
2154 1375 2236 1407 dices

1268 1420 1346 1460 filiis
1372 1420 1475 1451 Israel
1483 1445 1488 1457 ,
1524 1419 1637 1450 Ielzova
1667 1418 1756 1449 Deus
1773 1421 1901 1458 patrum
1929 1421 2114 1456 vestrorum,
2148 1417 2237 1450 Deus

1271 1463 1431 1497 Abrahae,
1464 1463 1550 1493 Deus
1580 1463 1690 1498 Isaac,
1718 1464 1743 1492 et
1766 1461 1854 1493 Deus
1877 1461 1984 1494 Jacob.
2019 1461 2104 1492 misit
2126 1471 2172 1492 mc
2195 1461 2236 1492 ad

1270 1516 1336 1537 vos:
1359 1506 1425 1536 Hoc
1447 1508 1488 1536 est
1510 1515 1618 1535 nomen
1638 1514 1735 1535 mcum
1760 1505 1791 1534 in
1805 1506 1995 1544 perpetuum,
2019 1507 2044 1535 el
2062 1503 2236 1535 memoriale

1269 1559 1369 1580 meum
1388 1549 1418 1579 in
1438 1548 1592 1578 saeculum
1616 1550 1642 1578 et
1659 1548 1823 1578 saeculum.
1864 1547 1911 1577 16.
1946 1547 2028 1577 Vade
2046 1549 2072 1577 ct
2089 1556 2235 1587 conqreya

1270 1592 1403 1623 seniores
1417 1591 1526 1627 Israel,
1550 1593 1576 1622 et
1599 1591 1680 1621 dices
1705 1590 1783 1620 illis.-
1797 1589 1907 1620 Ielzora
1920 1589 2009 1621 Deus
2024 1591 2154 1629 patrum
2171 1599 2236 1620 ves-

1270 1638 1383 1665 trorum
1407 1634 1554 1672 apparuit
1573 1633 1658 1670 milri,
1688 1633 1776 1664 Deus
1793 1632 1947 1668 Abrahae,
1973 1633 2066 1663 Isaac
2085 1635 2111 1663 et
2136 1631 2235 1669 Iacob,

1270 1677 1410 1708 dicendo.-
1441 1676 1639 1707 Recordmnlo
1668 1676 1844 1706 reeordatus
1872 1685 1941 1705 sum
1971 1675 2077 1711 vestri,
2107 1677 2134 1706 ct
2162 1675 2237 1714 quid

1898 1718 1944 1748 17.
1972 1717 2139 1757 Propterea
2157 1718 2236 1749 dixit

1271 1763 1411 1794 Edacam
1433 1771 1485 1792 vos
1514 1771 1551 1791 ex
1573 1762 1738 1800 afflictione
1761 1761 1893 1801 Aeqypti
1916 1761 1957 1791 ad
1976 1763 2091 1791 terram
2117 1760 2238 1792 Chana-

1270 1806 1349 1845 naei,
1373 1807 1399 1835 et
1422 1804 1570 1843 Hittleaei,
1594 1807 1619 1834 et
1642 1804 1838 1841 Amorrhaei,
1869 1806 1895 1834 et
1921 1802 2095 1843 Pheresaei,
2121 1806 2148 1833 et
2174 1802 2235 1834 Hi-

1270 1849 1348 1885 vaci,
1371 1850 1398 1878 et
1416 1847 1568 1885 Iebasaci,
1591 1847 1631 1877 ad
1654 1850 1767 1878 ferram
1787 1847 1930 1885 fluentem
1953 1846 2028 1877 lacte
2049 1849 2076 1877 et
2098 1846 2191 1878 melle.

1358 1933 1405 1964 15.
1430 1932 1473 1963 Et
1495 1933 1575 1963 dixit
1596 1942 1733 1963 rursum.
1780 1932 1902 1962 Iterum
1931 1942 1971 1962 ex
2001 1932 2127 1963 foedere
2150 1932 2234 1972 quod

1272 1976 1439 2017 pepigerat
1462 1985 1535 2005 cum
1563 1975 1724 2006 Abraham
1749 1981 1781 2005 et
1804 1975 1872 2005 eius
1896 1975 2032 2014 posteris
2055 1985 2234 2015 cognomen

1272 2020 1332 2050 sibi
1357 2018 1446 2049 Deus
1471 2019 1623 2048 assumit:
1650 2024 1683 2048 ut
1707 2019 1810 2049 sciant
1830 2017 1998 2049 Israelitae
2020 2028 2054 2048 se
2077 2028 2139 2048 non
2165 2017 2234 2048 hal-

1273 2062 1409 2093 lucinari
1429 2061 1463 2091 in
1478 2060 1546 2091 Deo
1571 2061 1701 2097 incerto,
1728 2060 1820 2091 modo
1839 2071 1857 2091 a
1880 2066 2008 2100 patrum
2032 2061 2151 2100 pietate
2170 2071 2233 2092 non

1273 2105 1483 2145 degenerent:
1516 2108 1547 2134 et
1577 2103 1846 2143 quemadmodum
1875 2103 1913 2134 ad
1938 2103 2095 2134 vexillum
2120 2114 2235 2134 conve-

1273 2148 1367 2178 niunt
1397 2146 1531 2183 milites,
1564 2152 1600 2176 ut
1635 2146 1779 2177 ordinem
1814 2152 1962 2182 servent,
1991 2146 2037 2177 ita
2063 2146 2151 2177 iubet
2181 2157 2235 2178 eos

1272 2191 1431 2230 respicere
1448 2189 1480 2219 in
1501 2189 1693 2228 peculiarem
1714 2189 1894 2229 adoptionis
1913 2189 2059 2229 gratiam,
2080 2195 2116 2220 ut
2132 2189 2235 2221 sciant

1273 2233 1407 2264 electum
1432 2243 1465 2262 se
1489 2242 1557 2262 esse
1581 2232 1737 2262 divinitus
1761 2231 1924 2272 populum,
1944 2231 2019 2271 quia.
2041 2237 2118 2262 sunt
2132 2231 2234 2262 Abra-

1273 2276 1333 2307 hae
1364 2275 1437 2305 filii:
1468 2285 1519 2308 ac,
1551 2286 1589 2305 00
1619 2275 1652 2305 10
1677 2275 1746 2305 Deo
1769 2274 1954 2314 quaerendo
1978 2283 2155 2315 vagentur,
2184 2274 2234 2306 his

1271 2319 1341 2350 illos
1364 2317 1513 2348 cancellis
1535 2317 1721 2348 circumdat.
1761 2317 1888 2349 Scimus
1911 2317 2006 2355 enim,
2030 2317 2183 2357 quidquid
2196 2317 2235 2348 de

1273 2361 1442 2392 divinitate
1465 2370 1652 2399 persuasum
1677 2361 1738 2391 fuit
1760 2361 1845 2391 inter
1874 2364 2001 2398 gentes,
2035 2370 2099 2391 non
2130 2361 2234 2391 solum

1272 2404 1382 2434 multis
1406 2403 1565 2434 erroribus
1596 2404 1693 2434 fuisse
1724 2403 1932 2443 implicitum,
1961 2402 2016 2433 sed
2046 2403 2234 2443 ambiguum

1272 2456 1410 2486 quoque:
1446 2450 1481 2476 ut
1504 2457 1630 2486 semper
1660 2447 1856 2477 fluctuarent
1886 2446 1972 2476 inter
1999 2451 2144 2486 receptas
2167 2446 2233 2486 opi·

1273 2490 1392 2520 niones.
1445 2488 1550 2519 Aliam
1586 2489 1774 2530 religionem
1810 2489 1910 2529 exigit
1941 2489 2031 2520 Deus
2065 2499 2084 2519 a
2116 2489 2234 2528 populo

1271 2542 1337 2569 suo,
1362 2542 1477 2570 nempe
1500 2532 1531 2561 in
1555 2532 1647 2563 cuius
1670 2531 1862 2563 certitudine
1881 2531 2015 2570 gradum
2036 2532 2147 2571 figant.
2183 2531 2234 2562 Ad

1274 2575 1351 2605 hacc
1388 2575 1481 2614 longa
1515 2575 1546 2604 in
1574 2576 1722 2615 Aegypto
1756 2575 1920 2611 habitatio,
1955 2584 2136 2614 quanquam
2169 2585 2235 2605 non

1273 2617 1436 2648 deleverat
1460 2618 1605 2648 notitiam
1630 2618 1698 2649 veri
1713 2618 1782 2655 Dei,
1805 2617 1893 2648 illam
1919 2625 2024 2648 tamen
2050 2616 2234 2648 manifesta-
