2304 3034
198 202 260 232 655

197 305 259 335 quo
280 292 383 331 magis
407 290 582 330 periurium
606 288 777 319 exhorreat
802 287 926 324 mulier,
962 287 1086 318 sistitur
1109 297 1160 318 co-

198 347 266 369 ram
290 336 367 366 faeie
392 334 469 368 Dei,
500 337 531 362 et
560 331 687 371 quidem
720 335 829 369 aperto
852 331 956 369 capite
980 341 1015 362 ac
1039 330 1066 361 si
1090 340 1160 360 eam

198 378 344 411 sacerdos
368 375 551 406 extraheret
581 384 598 404 e
628 373 769 404 latebris.
816 372 898 403 Nam
923 373 1006 412 quod
1030 372 1161 412 quidam

198 419 390 463 ignominiae
421 428 515 449 causa
546 417 653 448 velum
683 427 722 446 ex
753 415 856 456 capite
887 415 1029 446 ablatum
1064 415 1161 446 fuisse

198 468 322 504 putant,
347 472 408 491 non
434 459 562 491 videtur
585 464 855 490 consentaneum:
891 458 964 497 quia
989 458 1048 489 hoc
1067 457 1160 489 modo

198 508 348 537 damnata
388 504 499 534 fuisset
538 508 611 532 ante
645 512 774 532 causam
807 500 981 540 cognitam.
1037 503 1161 540 Aperte

197 549 297 589 igitur
326 547 428 586 capite
451 544 636 585 producitur
670 554 777 575 coram
810 544 891 574 faeie
916 544 992 581 Dei,
1022 548 1057 574 ut
1080 544 1162 574 serio

197 590 429 624 contremiscat.
454 588 607 627 Sequitur
632 593 742 627 postea
765 585 978 617 absolutionis
1000 586 1052 617 vel
1076 586 1163 617 dam-

198 633 334 665 nationis
368 630 490 662 modus.
536 630 670 661 Iubetur
699 629 846 660 sacerdos
872 640 987 668 aquam
1018 634 1161 660 sanctam

197 678 341 715 accipere
364 675 395 705 in
421 684 495 704 vase
524 672 631 710 fictili,
665 672 795 703 iniicere
819 672 986 711 pulverem
1012 683 1052 702 ex
1075 672 1161 712 pavi-

197 724 315 755 mento,
345 716 460 748 deinde
488 715 633 746 libellum
666 715 716 746 vel
746 715 927 745 chartulam
959 714 1013 745 ubi
1043 715 1161 754 scripta

196 762 317 793 fuerint
339 759 567 791 exsecrationis
593 757 704 794 verba,
736 763 771 788 ut
794 757 910 788 liturae
933 757 966 788 in
989 768 1072 797 aqua
1094 768 1161 788 ma-

198 810 303 841 neant,
324 808 355 834 et
377 801 505 833 tandem
526 801 653 832 mulieri
672 800 835 840 porrigere
856 800 997 831 calicem.
1033 801 1161 839 Aquam

197 853 343 879 sanctam
366 846 620 884 interpretantur
651 842 782 884 quidam
811 853 890 883 quae
923 842 1162 874 custodiebatur

197 891 231 922 in
254 889 343 921 labro
366 898 481 925 aeneo,
512 891 547 918 ut
575 896 703 926 semper
726 885 848 917 ablutio
871 890 983 926 parata
1006 891 1089 916 esset
1112 896 1162 916 sa-

198 933 260 965 eris
294 933 353 962 rite
387 929 586 971 peragendis.
639 928 854 960 Considereut
888 934 994 959 tamen
1028 928 1162 959 lectores

194 985 300 1007 annon
325 974 431 1014 potius
451 983 566 1013 aquam
585 972 747 1012 intelligat
770 972 823 1003 cui
836 972 917 1002 cinis
938 981 1052 1003 vaccae
1071 971 1161 1002 rufae

196 1017 445 1058 aspergebatur,
497 1027 537 1047 ex
579 1026 642 1055 qua
687 1015 783 1045 fiebat
827 1014 969 1045 solennis
1014 1014 1162 1054 purgatio

194 1061 304 1102 (Num.
330 1058 396 1100 19):
422 1062 456 1090 ut
480 1064 553 1089 ante
578 1058 684 1089 visum
708 1057 779 1088 fuit.
809 1057 864 1088 Sic
887 1057 973 1087 enim
997 1056 1162 1087 admonita

195 1104 257 1135 fuit
281 1103 404 1140 mulier,
429 1102 456 1133 si
480 1102 662 1141 peierasset,
688 1100 813 1130 nullum
837 1099 977 1139 amplius
1001 1099 1161 1139 piaculum

196 1151 327 1178 restare.
354 1145 466 1176 Pulvis
485 1145 583 1175 etiam
602 1144 634 1174 in
654 1143 839 1183 pavimento
858 1142 1009 1174 collectus
1028 1141 1163 1173 detesta-

197 1189 293 1220 tionis
316 1188 379 1219 fuit
401 1186 594 1228 symbolum.
640 1187 790 1226 Denique
821 1190 888 1216 tota
917 1185 999 1216 actio
1029 1185 1068 1215 ad
1092 1195 1161 1216 eam

197 1230 431 1263 humiliandam
456 1230 630 1270 composita
651 1229 719 1267 fuit,
742 1239 782 1259 ne
805 1228 926 1259 crimen
946 1228 1086 1267 periurio
1105 1227 1162 1258 du-

196 1275 341 1316 plicaret.
388 1273 437 1304 Ad
468 1273 560 1308 haec,
594 1274 692 1304 verba
723 1271 963 1311 imprecationis
997 1270 1163 1311 concipere

198 1317 326 1349 iubetur
356 1315 520 1352 sacerdos,
552 1325 592 1346 ne
621 1315 737 1345 mulier
767 1313 896 1353 oblique
920 1313 1163 1354 tergiversando

199 1360 356 1400 effugium
380 1363 495 1399 captet.
552 1357 729 1396 Quaeritur
751 1362 861 1387 tamen
884 1368 941 1387 eur
963 1356 1083 1387 malum
1105 1356 1165 1387 sibi

200 1409 334 1442 cogatur
346 1401 527 1442 imprecari,
543 1401 646 1441 potius
662 1410 759 1440 quam
774 1400 828 1430 alii
848 1400 902 1439 qui
923 1399 973 1430 vel
989 1399 1095 1431 caedis
1116 1398 1164 1429 vel

201 1446 358 1477 atrocium
382 1445 538 1476 scelerum
566 1443 707 1483 suspecti
735 1447 827 1474 sunt:
857 1443 1008 1473 existimo
1039 1441 1097 1473 hac
1127 1440 1165 1472 de

199 1499 307 1525 causa,
342 1488 425 1527 quod
449 1487 573 1518 nullum
598 1486 685 1517 aliud
711 1486 833 1517 crimen
858 1491 923 1516 tam
948 1485 1038 1516 facile
1061 1488 1167 1524 potest

200 1531 364 1563 occultari.
406 1531 494 1568 Ergo
517 1540 557 1560 ne
579 1540 619 1560 ex
644 1528 773 1559 vafritie
796 1534 829 1559 et·
852 1528 946 1559 malis
969 1528 1090 1559 artibus
1110 1538 1166 1558 au-

203 1574 327 1606 daciam
349 1573 530 1613 concipiant
554 1572 720 1609 mulieres‚
744 1570 880 1602 fallaciis
904 1571 1052 1602 omnibus
1076 1569 1166 1601 adhi-

202 1618 296 1649 betur
319 1616 513 1648 remedium:
543 1620 640 1655 atque
670 1614 716 1645 ita
739 1613 879 1644 ostendit
902 1613 1000 1652 Deus,
1023 1612 1082 1645 sub
1106 1612 1167 1643 fide

202 1671 261 1692 sua
291 1665 322 1691 et
352 1658 528 1699 patrocinio
559 1668 628 1689 esse
651 1657 780 1688 thorum
809 1656 1020 1697 coniugalem.
1066 1656 1167 1687 Porro

204 1702 380 1734 tenendum
411 1706 460 1733 est
489 1711 554 1731 non
583 1701 679 1731 inane
709 1699 808 1730 fuisse
836 1699 895 1730 hoc
926 1698 1167 1730 terriculamen-

205 1751 287 1783 tum,
319 1745 394 1785 quia
423 1744 513 1775 Deus
547 1742 635 1774 haud
665 1742 761 1774 dubie
796 1742 946 1782 apparuit
981 1742 1168 1772 manifestus

204 1788 357 1829 perfidiae
388 1788 487 1825 ultor,
522 1786 616 1817 sicuti
650 1784 892 1825 pronunciabat.
938 1784 1050 1824 Neque
1083 1783 1167 1815 enim

203 1832 323 1863 frustra
353 1830 519 1862 subiicitur
542 1829 765 1861 comminatio:
800 1827 836 1858 Si
865 1827 1014 1858 fefellerit
1043 1826 1166 1863 mulier,

203 1874 271 1905 fore
294 1874 328 1904 in
352 1873 608 1904 maledictionem
633 1871 750 1911 populi,
779 1871 854 1910 quia
878 1876 989 1901 uterus
1011 1870 1166 1900 intumes-

205 1922 263 1956 cet,
287 1922 317 1947 et
340 1917 446 1947 femur
469 1915 596 1945 defluet.
621 1914 749 1945 Rursus
775 1924 836 1944 non
861 1913 981 1944 frustra
1001 1912 1167 1953 promittit,

205 1961 231 1991 si
255 1959 352 1990 fuerit
376 1958 524 1994 innoxia,
560 1968 623 1988 non
656 1956 748 1987 niodo
780 1957 846 1987 fore
883 1956 1083 1993 incolumem,
1114 1954 1169 1985 sed

205 2002 415 2034 foecundam:
439 2007 474 2032 ut
497 2001 558 2032 Dei
584 2000 762 2030 benedictio
786 1999 827 2030 sit
850 1999 1058 2030 absolutionis
1081 1997 1168 2037 sigil-

206 2045 284 2076 lum.
329 2045 366 2075 Id
394 2045 479 2075 enim
504 2043 589 2074 valet
618 2043 778 2082 loquutio:
823 2041 1098 2073 Seminificabitur
1121 2051 1170 2070 se-

208 2088 311 2119 mine:
335 2087 429 2118 sicuti
452 2097 491 2117 ex
514 2086 657 2126 opposito
671 2085 791 2115 dictum
811 2085 882 2120 fuit,
903 2085 1005 2115 femur
1024 2083 1170 2114 diffluere

208 2141 305 2170 quum
335 2130 450 2160 mulier
484 2130 516 2159 in
541 2128 711 2159 sterilitate
734 2128 937 2159 contabescit.
983 2126 1048 2157 Iam
1073 2136 1170 2165 quum

209 2173 351 2204 eiusdem
375 2183 475 2212 aquae
499 2171 649 2203 contrarii
674 2171 795 2201 fuerint
815 2170 957 2207 effectus,
981 2169 1170 2209 colligimus,

209 2216 267 2247 sub
282 2223 415 2247 externo
432 2215 574 2255 symbolo
588 2213 694 2244 Deum
712 2224 829 2244 arcana
848 2224 906 2244 sua
927 2212 1054 2250 virtute,
1079 2214 1172 2251 prout

209 2269 304 2289 causa
328 2259 458 2295 ferebat,
483 2257 580 2288 fuisse
604 2262 782 2296 operatum.

519 2427 580 2459 EX
602 2427 734 2459 DEUT.
756 2427 869 2458 XXII.

300 2514 345 2543 13.
373 2514 472 2552 Quum
505 2514 649 2552 acceperit
683 2513 752 2551 quis
786 2521 930 2549 uxorem,
964 2512 989 2540 et
1019 2510 1175 2547 inyressus

212 2557 306 2595 fuerit
335 2556 376 2586 (ΠΙ
405 2567 480 2592 eam,
508 2559 533 2586 ct
563 2556 630 2585 odio
653 2555 794 2586 habuerit
822 2564 898 2589 eam,
946 2553 992 2583 14.
1020 2552 1059 2581 Ec
1082 2551 1175 2589 impo-

214 2599 307 2628 suerit
331 2599 357 2628 ci
379 2599 549 2629 occasiones
574 2598 746 2635 rarlmrmn,
782 2600 807 2627 et
830 2596 1006 2627 tradam-erit
1027 2605 1107 2631 eain,
1132 2593 1176 2624 ‹li-

214 2642 321 2671 crudo:
373 2641 503 2671 (starem
533 2641 609 2671 lianc
638 2642 755 2679 accepi,
786 2643 811 2670 et
837 2639 948 2670 accessi
972 2638 1012 2669 acl
1035 2647 1116 2674 cani,
1151 2639 1176 2666 cl

899 193 1140 226 SEPTIMUM
1163 193 1483 226 PRAEOEPTUM.

2114 193 2177 225 656

1212 298 1273 319 non
1306 287 1409 319 inveni
1439 288 1473 318 in
1507 298 1543 319 ea
1575 287 1798 327 virqinitatcm:
1849 285 1897 317 15.
1935 286 2020 317 Tunc
2052 287 2178 325 accipiet

1208 333 1298 370 pater
1315 330 1438 369 puellae
1460 332 1486 361 et
1507 333 1605 361 mater
1627 329 1702 365 eius,
1724 331 1750 359 et
1762 328 1922 368 proferent
1939 328 2030 368 siyna
2047 328 2178 369 viryini-

1212 374 1286 404 tatis
1320 373 1442 413 puellae
1482 383 1583 404 coram
1623 371 1794 402 senioribus
1833 370 1922 402 urbis
1964 370 2005 401 acl
2042 373 2176 410 portam.

1215 416 1262 448 16.
1288 416 1433 455 Dicetquc
1457 418 1550 454 pater
1571 414 1696 454 puellae
1718 413 1904 444 senioribus:
1936 412 2055 445 Fz'liam
2076 424 2176 445 meam

1214 459 1284 490 dedi
1305 459 1371 490 viro
1394 458 1464 489 huic
1486 459 1519 489 in
1543 467 1673 492 umorem,
1698 458 1725 487 et
1746 455 1813 487 ostio
1835 455 1922 487 habet
1943 465 2020 487 earn.
2066 456 2114 487 17.
2135 456 2178 488 Et

1214 512 1283 538 ecce,
1307 501 1453 540 imposuit
1474 501 1643 532 occasiones
1664 498 1833 534 verborum,
1856 498 2000 530 dicendo:
2036 498 2108 530 Non
2128 499 2176 530 in-

1214 545 1283 575 veni
1304 545 1336 574 in
1357 543 1426 583 filia
1449 546 1503 574 tua
1524 542 1740 583 viryinilatem.
1787 540 1864 572 Ecce
1886 543 1987 572 autem
2004 541 2095 581 siyna
2113 542 2177 572 visr-

1212 587 1356 627 yinitatis
1376 586 1462 625 filiae
1479 596 1572 617 meae.
1598 584 1639 615 Et
1658 583 1828 622 expandent
1845 584 2056 615 vestimentum
2074 593 2178 616 coram

1213 629 1387 661 senioribus
1418 629 1521 659 urbis:
1576 627 1625 658 18.
1664 626 1749 657 Tunc
1781 626 2008 665 apprehendent
2045 627 2178 658 seniores

1213 672 1300 704 urbis
1316 672 1428 708 virum,
1452 674 1477 702 ct
1500 669 1689 710 castiyabunt
1711 678 1788 700 eum.
1840 668 1888 699 19.
1918 668 1961 700 Et
1989 668 2177 701 mulctabant

1214 725 1282 746 curn
1313 717 1429 745 centum
1463 713 1631 751 arqenteis,
1673 721 1749 750 quos
1786 711 1902 743 dabunt
1931 712 2018 751 patri
2043 711 2176 751 puellae,

1213 758 1361 798 quoniam
1383 757 1524 788 traduxit
1553 755 1703 795 viryincm
1732 754 1880 785 Israelis:
1908 754 2083 794 habebitque
2109 765 2177 786 eam

1213 810 1352 838 uxorem,
1383 810 1436 831 nec
1460 798 1572 838 poterit
1603 797 1754 828 dimittere
1787 796 1926 828 omnibus
1957 797 2064 829 diebus
2096 798 2172 829 suis.

1213 843 1262 874 20.
1291 843 1375 882 Quod
1408 843 1436 873 si
1465 851 1537 872 vera
1565 840 1628 879 fuit
1655 840 1807 870 accusatio
1830 840 1898 876 ista,
1923 842 1950 871 et
1971 850 2030 871 non
2052 840 2175 871 inventa

1211 886 1307 926 fuerit
1328 885 1493 925 virginitas
1515 884 1548 914 in
1566 882 1683 921 puella,
1719 882 1770 913 21.
1798 882 1882 913 Tunc
1900 882 2023 914 educent
2034 882 2175 922 puellam

1213 929 1255 960 ad
1277 929 1388 960 ostium
1411 927 1517 957 domus
1534 925 1640 964 patris
1662 925 1721 961 sui,
1746 927 1774 955 et
1794 924 1979 964 lapidabunt
1996 935 2064 956 eam
2082 925 2176 957 homi-

1213 981 1265 1003 ues
1287 971 1374 1002 urbis
1395 970 1461 1001 eius
1482 968 1647 1007 lapidibus,
1671 968 1763 998 donec
1784 967 1952 999 moriatur:
1975 969 2051 1007 quia
2067 978 2176 1008 perpe-

1213 1014 1305 1045 travit
1326 1013 1494 1052 nequitiam
1516 1010 1688 1048 inIsraele,
1709 1010 1892 1049 fornicando
1915 1011 1949 1041 in
1971 1011 2057 1042 domo
2069 1012 2176 1051 patris

1213 1057 1280 1088 sui:
1301 1059 1328 1088 et
1350 1055 1472 1095 auferes
1493 1053 1612 1085 malum
1634 1063 1649 1084 e
1670 1053 1769 1085 medio
1791 1054 1845 1085 tui.

1302 1141 1349 1172 13.
1378 1141 1476 1179 Quum
1499 1138 1655 1177 acceperit.
1680 1138 1742 1169 Hie
1765 1148 1890 1178 quoque
1913 1139 2002 1171 loeus
2025 1139 2064 1171 ad
2083 1139 2177 1180 pudi-

1214 1185 1308 1216 citiae
1342 1182 1652 1215 commendationem
1687 1181 1834 1220 pertinet.
1887 1182 1977 1213 Deus
2007 1187 2114 1214 autem
2143 1184 2177 1215 in

1216 1232 1384 1266 utramque
1408 1229 1530 1265 partem
1554 1222 1702 1263 providet
1725 1234 1765 1255 ne
1784 1223 1911 1264 puellae
1933 1228 2040 1256 castae
2073 1228 2105 1258 et
2127 1226 2177 1257 in-

1215 1271 1331 1301 noxiae
1354 1268 1506 1309 probrum
1530 1267 1649 1297 iniuste
1673 1266 1808 1298 maritus
1831 1267 1957 1308 inferat,
1982 1267 2033 1299 vel
2055 1278 2096 1299 ne
2120 1279 2178 1309 pu-

1216 1313 1294 1350 ella,
1326 1317 1493 1352 postquam
1523 1313 1674 1348 corrupta
1704 1309 1814 1347 fuerit,
1844 1309 1872 1341 si
1899 1320 1956 1350 pro
1990 1310 2116 1351 virgine
2145 1321 2178 1344 se

1216 1355 1369 1392 venditet,
1389 1353 1521 1393 effugiat
1540 1361 1683 1393 poenam.
1713 1352 1842 1383 Tertius
1860 1353 1956 1384 etiam
1975 1353 2049 1385 finis
2067 1357 2179 1386 notan-

1219 1398 1277 1430 dus
1307 1403 1370 1435 est,
1400 1397 1474 1437 quia
1505 1396 1564 1426 hoc
1594 1394 1689 1425 modo
1717 1394 1874 1426 admoniti
1903 1395 2033 1427 fuerunt
2062 1406 2180 1436 paren-

1219 1446 1279 1478 tes,
1315 1444 1350 1471 ut
1373 1440 1474 1479 magis
1498 1437 1613 1469 attenti
1641 1442 1749 1468 essent
1777 1437 1816 1468 ad
1840 1438 2064 1471 custodiendas
2087 1439 2179 1471 filias.

1219 1484 1278 1515 Est
1300 1482 1428 1523 quidem
1451 1481 1600 1512 immanis
1625 1480 1703 1512 haec
1725 1480 1846 1518 feritas,
1869 1485 1905 1511 ut
1918 1481 2055 1512 maritus
2078 1482 2181 1514 sciens

1218 1531 1250 1558 et
1273 1526 1383 1557 volens
1402 1535 1440 1555 ex
1466 1524 1580 1564 probro
1610 1527 1642 1554 et
1672 1523 1805 1554 infamia
1834 1524 1944 1554 uxoris
1971 1524 2089 1555 falsum
2112 1525 2181 1556 eius

1219 1568 1437 1609 repudiandae
1478 1570 1678 1607 praetextum
1721 1571 1869 1606 quaerat:
1913 1566 1969 1598 sed
2009 1566 2084 1607 quia
2117 1578 2182 1599 non

1220 1622 1293 1642 raro
1316 1611 1482 1651 contingit,
1506 1614 1541 1640 ut
1563 1607 1743 1640 libidinosis
1763 1608 1896 1649 obrepat
1918 1608 2092 1647 fastidium,
2128 1610 2182 1642 de·

1220 1653 1295 1685 inde
1325 1653 1432 1684 omnia
1462 1653 1645 1693 excogitent
1667 1651 1707 1682 ad
1730 1662 1764 1683 se
1788 1651 2021 1691 expediendos,
2050 1662 2182 1685 necesse

1221 1698 1281 1728 fuit
1309 1696 1369 1728 hoc
1397 1696 1510 1727 vitium
1534 1694 1667 1735 corrigi,
1698 1694 1893 1735 modumque
1916 1695 2089 1735 praescribi
2118 1705 2182 1736 quo

1220 1744 1290 1770 tuta
1311 1743 1394 1770 esset
1417 1737 1541 1779 puellae
1564 1738 1732 1778 integritas
1755 1742 1868 1769 contra
1889 1737 2067 1769 calumnias
2092 1738 2184 1779 impii

1221 1787 1253 1814 et
1275 1782 1411 1814 crudelis
1435 1781 1552 1812 mariti.
1597 1781 1728 1812 Interea
1751 1790 1887 1820 aequum
1910 1780 1971 1812 fuit
1993 1780 2092 1821 probo
2113 1781 2184 1813 viro

1221 1825 1381 1862 succurri,
1413 1835 1451 1855 ne
1474 1828 1615 1855 scortum
1640 1834 1657 1854 a
1680 1834 1743 1863 quo
1766 1822 1916 1863 deceptus
1938 1829 2031 1861 esset,
2053 1823 2089 1855 in
2110 1824 2186 1855 sinu

1221 1868 1328 1898 fovere
1351 1872 1528 1907 cogeretur.
1575 1867 1634 1897 Est
1657 1866 1744 1897 enim
1767 1865 1918 1907 ingenuis
1943 1866 2066 1897 naturis
2090 1866 2185 1899 valde

1221 1910 1370 1941 acerbum
1401 1915 1522 1940 tantam
1554 1908 1782 1941 contumeliam
1813 1909 1908 1940 tacite
1942 1909 2076 1949 perpeti.
2121 1909 2185 1941 Hic

1222 1960 1329 1984 autem
1352 1953 1472 1992 optima
1498 1953 1626 1993 ponitur
1649 1951 1839 1988 moderatio,
1870 1957 1905 1982 ut
1928 1953 1955 1982 si
1978 1961 2041 1992 qua
2070 1952 2185 1983 mulier

1222 1999 1388 2026 accusetur
1417 2005 1435 2025 a
1465 1995 1597 2032 marito,
1634 1994 1770 2025 liberum
1805 1995 1845 2025 sit
1879 1994 2065 2034 parentibus
2094 1994 2186 2035 signa

1222 2038 1379 2069 castitatis
1402 2037 1544 2077 proferre
1574 2048 1654 2077 quae
1678 2047 1748 2068 eam
1772 2037 1957 2068 absolvant:
1987 2037 2038 2068 sin
2068 2037 2185 2074 minus,

1224 2086 1260 2111 ut
1283 2092 1322 2111 ue
1346 2082 1479 2112 maritus
1503 2081 1542 2111 ab
1565 2080 1627 2111 alio
1650 2084 1834 2120 corruptam
1859 2079 1943 2110 domi
1967 2079 2090 2111 invitus
2109 2079 2184 2110 alat.

1225 2124 1317 2154 Patet
1350 2129 1455 2154 autem
1490 2135 1530 2154 ex
1564 2123 1623 2154 hoc
1658 2122 1744 2162 loco,
1785 2122 1884 2153 linteo
1919 2126 2053 2162 excepta
2089 2122 2187 2154 fuisse

1226 2167 1328 2206 prima
1352 2172 1444 2197 nocte
1469 2166 1663 2205 virginitatis
1684 2164 1809 2201 indicia,
1837 2175 1917 2204 quae
1940 2164 2036 2195 fidem
2060 2165 2186 2196 castita-

1225 2210 1265 2239 tis
1289 2209 1321 2238 in
1346 2216 1507 2248 posterum
1531 2209 1679 2240 facerent.
1726 2207 1888 2239 Credibile
1917 2209 2014 2238 etiam
2044 2211 2101 2246 est,
2132 2206 2188 2238 ad-

1227 2251 1335 2282 hibitis
1359 2252 1492 2283 testibus
1515 2252 1689 2291 repositum
1713 2250 1811 2281 fuisse
1834 2250 1970 2281 linteum
1992 2250 2095 2281 instar
2118 2250 2189 2291 pig-

1227 2295 1324 2331 noris,
1350 2301 1380 2324 ut
1406 2295 1541 2334 integris
1564 2298 1595 2325 et
1618 2293 1760 2324 honestis
1783 2292 1898 2333 puellis
1917 2296 2004 2324 certa
2028 2297 2112 2324 esset
2134 2292 2187 2323 de-

1226 2336 1337 2367 fensio.
1384 2337 1488 2367 Nimis
1517 2338 1602 2367 enim
1634 2336 1781 2367 licentiae
1805 2335 1914 2366 datum
1939 2336 2049 2366 fuisset
2073 2346 2188 2375 paren-

1227 2379 1320 2413 tibus,
1344 2379 1370 2409 si
1389 2380 1544 2411 creditum
1564 2378 1751 2418 simpliciter
1770 2379 1880 2409 fuisset
1899 2378 2043 2418 ipsorum
2062 2378 2187 2415 iudicio,

1227 2421 1280 2452 sed
1308 2422 1412 2452 Moses
1436 2423 1524 2462 quasi
1549 2421 1587 2452 de
1612 2432 1699 2452 more
1724 2426 1849 2461 recepto
1874 2421 2024 2460 loquitur.

1314 2465 1359 2494 18.
1389 2465 1471 2495 Tune
1482 2464 1708 2504 apprehendent
1726 2464 1858 2495 ,seniores
1876 2464 1963 2495 urbis
1981 2464 2092 2494 virum.
2116 2463 2188 2494 Tri-

1228 2507 1302 2546 plex
1326 2507 1506 2538 calumniae
1530 2518 1647 2548 poena,
1680 2512 1713 2537 ut
1745 2506 1929 2537 verberibus
1960 2506 2113 2537 caedatur
2137 2506 2189 2546 qui

1229 2550 1344 2579 falsum
1369 2551 1489 2581 crimen
1513 2550 1686 2586 confinxit,
1722 2549 1835 2580 deinde
1866 2554 1996 2580 centum
2020 2552 2189 2588 argenteos

1228 2593 1330 2622 solvat
1345 2594 1424 2631 [nitri
1450 2593 1583 2632 puellae,
1609 2594 1710 2631 tertio,
1736 2603 1775 2622 ne
1798 2603 1938 2632 unquam
1960 2591 2128 2631 repudiare
2151 2591 2190 2622 li-

1229 2640 1306 2665 ccat.
1331 2635 1426 2665 Ratio
1451 2636 1658 2675 exprimitur:
1683 2634 1777 2673 Quod
1801 2635 2008 2667 infamaverit
2031 2634 2190 2674 virginem
