<?xml version="1.0" encoding="UTF-8"?>
<!DOCTYPE html PUBLIC "-//W3C//DTD XHTML 1.0 Transitional//EN"
    "http://www.w3.org/TR/xhtml1/DTD/xhtml1-transitional.dtd">
<html xmlns="http://www.w3.org/1999/xhtml" xml:lang="en" lang="en">
 <head>
  <title>
</title>
<meta http-equiv="Content-Type" content="text/html;charset=utf-8" />
  <meta name='ocr-system' content='tesseract 3.04.00' />
  <meta name='ocr-capabilities' content='ocr_page ocr_carea ocr_par ocr_line ocrx_word'/>
</head>
<body>
  <div class='ocr_page' id='page_1' title='image "./ioanniscalviniop24calv_0123.png"; bbox 0 0 2304 3034; ppageno 0'>
   <div class='ocr_carea' id='block_1_1' title="bbox 100 183 161 213">
    <p class='ocr_par' dir='ltr' id='par_1_1' title="bbox 100 183 161 213">
     <span class='ocr_line' id='line_1_1' title="bbox 100 183 161 213; baseline 0 0"><span class='ocrx_word' id='word_1_1' title='bbox 100 183 161 213; x_wconf 72' lang='lat'>225</span> 
     </span>
    </p>
   </div>
   <div class='ocr_carea' id='block_1_2' title="bbox 94 272 1055 2487">
    <p class='ocr_par' dir='ltr' id='par_1_2' title="bbox 94 272 1055 2487">
     <span class='ocr_line' id='line_1_2' title="bbox 100 272 1048 318; baseline -0.003 -12"><span class='ocrx_word' id='word_1_2' title='bbox 100 277 165 316; x_wconf 85' lang='lat' dir='ltr'>agit</span> <span class='ocrx_word' id='word_1_3' title='bbox 188 277 294 308; x_wconf 81' lang='lat' dir='ltr'>Moses</span> <span class='ocrx_word' id='word_1_4' title='bbox 317 282 353 309; x_wconf 87' lang='lat' dir='ltr'>ut</span> <span class='ocrx_word' id='word_1_5' title='bbox 375 278 437 318; x_wconf 88' lang='lat' dir='ltr'>legi</span> <span class='ocrx_word' id='word_1_6' title='bbox 461 275 599 318; x_wconf 85' lang='lat' dir='ltr'>parendo</span> <span class='ocrx_word' id='word_1_7' title='bbox 621 272 850 314; x_wconf 82' lang='lat' dir='ltr'>gratitudinem</span> <span class='ocrx_word' id='word_1_8' title='bbox 875 284 964 304; x_wconf 86' lang='lat' dir='ltr'>suam</span> <span class='ocrx_word' id='word_1_9' title='bbox 996 284 1048 313; x_wconf 91' lang='lat' dir='ltr'>po-</span> 
     </span>
     <span class='ocr_line' id='line_1_3' title="bbox 99 316 1050 359; baseline -0.002 -11"><span class='ocrx_word' id='word_1_10' title='bbox 99 319 194 359; x_wconf 84' lang='lat' dir='ltr'>pulus</span> <span class='ocrx_word' id='word_1_11' title='bbox 218 326 361 357; x_wconf 76' lang='lat' dir='ltr'><strong>testetur,</strong></span> <span class='ocrx_word' id='word_1_12' title='bbox 384 331 419 351; x_wconf 91' lang='lat' dir='ltr'>ac</span> <span class='ocrx_word' id='word_1_13' title='bbox 437 320 545 350; x_wconf 85' lang='lat' dir='ltr'>eadem</span> <span class='ocrx_word' id='word_1_14' title='bbox 565 317 675 357; x_wconf 87' lang='lat' dir='ltr'>religio</span> <span class='ocrx_word' id='word_1_15' title='bbox 693 316 732 346; x_wconf 91' lang='lat' dir='ltr'>ad</span> <span class='ocrx_word' id='word_1_16' title='bbox 751 323 893 356; x_wconf 89' lang='lat' dir='ltr'>posteros</span> <span class='ocrx_word' id='word_1_17' title='bbox 906 320 1050 346; x_wconf 83' lang='lat' dir='ltr'>transeat</span> 
     </span>
     <span class='ocr_line' id='line_1_4' title="bbox 99 358 1048 402; baseline -0.003 -11"><span class='ocrx_word' id='word_1_18' title='bbox 99 372 176 401; x_wconf 86' lang='lat' dir='ltr'>quos</span> <span class='ocrx_word' id='word_1_19' title='bbox 208 373 224 392; x_wconf 91' lang='lat' dir='ltr'>a</span> <span class='ocrx_word' id='word_1_20' title='bbox 254 363 397 402; x_wconf 86' lang='lat' dir='ltr'>patribus</span> <span class='ocrx_word' id='word_1_21' title='bbox 423 361 526 393; x_wconf 83' lang='lat' dir='ltr'>doceri</span> <span class='ocrx_word' id='word_1_22' title='bbox 549 361 643 390; x_wconf 86' lang='lat' dir='ltr'>iubet..</span> <span class='ocrx_word' id='word_1_23' title='bbox 689 358 824 389; x_wconf 76' lang='lat' dir='ltr'>Summa</span> <span class='ocrx_word' id='word_1_24' title='bbox 847 363 904 395; x_wconf 86' lang='lat' dir='ltr'>est,</span> <span class='ocrx_word' id='word_1_25' title='bbox 936 360 1048 389; x_wconf 88' lang='lat' dir='ltr'>merito</span> 
     </span>
     <span class='ocr_line' id='line_1_5' title="bbox 100 401 1048 442; baseline -0.002 -8"><span class='ocrx_word' id='word_1_26' title='bbox 100 405 257 435; x_wconf 82' lang='lat' dir='ltr'>servanda</span> <span class='ocrx_word' id='word_1_27' title='bbox 286 416 354 436; x_wconf 85' lang='lat' dir='ltr'>esse</span> <span class='ocrx_word' id='word_1_28' title='bbox 382 405 487 435; x_wconf 87' lang='lat' dir='ltr'>omnia</span> <span class='ocrx_word' id='word_1_29' title='bbox 509 402 587 442; x_wconf 77' lang='lat' dir='ltr'>legis</span> <span class='ocrx_word' id='word_1_30' title='bbox 610 407 787 441; x_wconf 80' lang='lat' dir='ltr'>praecepta,</span> <span class='ocrx_word' id='word_1_31' title='bbox 811 401 927 440; x_wconf 90' lang='lat' dir='ltr'>quibus</span> <span class='ocrx_word' id='word_1_32' title='bbox 953 402 1048 439; x_wconf 88' lang='lat' dir='ltr'>Dens,</span> 
     </span>
     <span class='ocr_line' id='line_1_6' title="bbox 99 443 1049 486; baseline -0.004 -9"><span class='ocrx_word' id='word_1_33' title='bbox 99 452 170 486; x_wconf 89' lang='lat' dir='ltr'>post</span> <span class='ocrx_word' id='word_1_34' title='bbox 204 448 403 486; x_wconf 83' lang='lat' dir='ltr'>redemptum</span> <span class='ocrx_word' id='word_1_35' title='bbox 437 445 602 486; x_wconf 82' lang='lat' dir='ltr'>populum,</span> <span class='ocrx_word' id='word_1_36' title='bbox 643 443 786 474; x_wconf 87' lang='lat' dir='ltr'>beneficii</span> <span class='ocrx_word' id='word_1_37' title='bbox 821 443 949 474; x_wconf 86' lang='lat' dir='ltr'>laudem</span> <span class='ocrx_word' id='word_1_38' title='bbox 990 444 1049 474; x_wconf 86' lang='lat' dir='ltr'>sibi</span> 
     </span>
     <span class='ocr_line' id='line_1_7' title="bbox 99 485 1050 529; baseline -0.002 -10"><span class='ocrx_word' id='word_1_39' title='bbox 99 490 243 521; x_wconf 79' lang='lat' dir='ltr'>asseruit.</span> <span class='ocrx_word' id='word_1_40' title='bbox 302 491 413 529; x_wconf 86' lang='lat' dir='ltr'>Itaque</span> <span class='ocrx_word' id='word_1_41' title='bbox 446 489 504 519; x_wconf 89' lang='lat' dir='ltr'>hoc</span> <span class='ocrx_word' id='word_1_42' title='bbox 537 487 635 517; x_wconf 87' lang='lat' dir='ltr'>etiam</span> <span class='ocrx_word' id='word_1_43' title='bbox 668 485 735 517; x_wconf 91' lang='lat' dir='ltr'>loco</span> <span class='ocrx_word' id='word_1_44' title='bbox 769 497 786 516; x_wconf 87' lang='lat' dir='ltr'>a</span> <span class='ocrx_word' id='word_1_45' title='bbox 820 485 1050 525; x_wconf 77' lang='lat' dir='ltr'>redemptionis</span> 
     </span>
     <span class='ocr_line' id='line_1_8' title="bbox 98 527 1049 573; baseline -0.005 -10"><span class='ocrx_word' id='word_1_46' title='bbox 98 533 251 563; x_wconf 88' lang='lat' dir='ltr'>memoria</span> <span class='ocrx_word' id='word_1_47' title='bbox 284 532 386 573; x_wconf 86' lang='lat' dir='ltr'>legem</span> <span class='ocrx_word' id='word_1_48' title='bbox 419 528 626 565; x_wconf 81' lang='lat' dir='ltr'><strong>commendat,</strong></span> <span class='ocrx_word' id='word_1_49' title='bbox 661 534 698 558; x_wconf 90' lang='lat' dir='ltr'>ut</span> <span class='ocrx_word' id='word_1_50' title='bbox 732 527 881 559; x_wconf 84' lang='lat' dir='ltr'>libentius</span> <span class='ocrx_word' id='word_1_51' title='bbox 916 536 947 559; x_wconf 91' lang='lat' dir='ltr'>et</span> <span class='ocrx_word' id='word_1_52' title='bbox 976 539 1049 568; x_wconf 89' lang='lat' dir='ltr'>pro-</span> 
     </span>
     <span class='ocr_line' id='line_1_9' title="bbox 99 571 1050 614; baseline -0.004 -9"><span class='ocrx_word' id='word_1_53' title='bbox 99 576 245 614; x_wconf 76' lang='lat' dir='ltr'>pensiore</span> <span class='ocrx_word' id='word_1_54' title='bbox 269 575 372 605; x_wconf 86' lang='lat' dir='ltr'>studio</span> <span class='ocrx_word' id='word_1_55' title='bbox 395 583 462 604; x_wconf 88' lang='lat' dir='ltr'>eam</span> <span class='ocrx_word' id='word_1_56' title='bbox 485 577 672 602; x_wconf 84' lang='lat' dir='ltr'>revereatur</span> <span class='ocrx_word' id='word_1_57' title='bbox 690 571 838 610; x_wconf 87' lang='lat' dir='ltr'>populus.</span> <span class='ocrx_word' id='word_1_58' title='bbox 871 571 947 601; x_wconf 88' lang='lat' dir='ltr'>Plus</span> <span class='ocrx_word' id='word_1_59' title='bbox 964 572 1050 601; x_wconf 92' lang='lat' dir='ltr'>enim</span> 
     </span>
     <span class='ocr_line' id='line_1_10' title="bbox 98 614 1050 653; baseline -0.005 -5"><span class='ocrx_word' id='word_1_60' title='bbox 98 619 279 648; x_wconf 78' lang='lat' dir='ltr'>autoritatis</span> <span class='ocrx_word' id='word_1_61' title='bbox 312 622 465 652; x_wconf 86' lang='lat' dir='ltr'>meretur,</span> <span class='ocrx_word' id='word_1_62' title='bbox 498 614 570 653; x_wconf 82' lang='lat' dir='ltr'>quia</span> <span class='ocrx_word' id='word_1_63' title='bbox 604 624 667 643; x_wconf 90' lang='lat' dir='ltr'>non</span> <span class='ocrx_word' id='word_1_64' title='bbox 702 619 776 644; x_wconf 89' lang='lat' dir='ltr'>ante</span> <span class='ocrx_word' id='word_1_65' title='bbox 810 614 959 653; x_wconf 86' lang='lat' dir='ltr'>imposita</span> <span class='ocrx_word' id='word_1_66' title='bbox 991 614 1050 644; x_wconf 87' lang='lat' dir='ltr'>fuit</span> 
     </span>
     <span class='ocr_line' id='line_1_11' title="bbox 99 656 1049 700; baseline -0.004 -9"><span class='ocrx_word' id='word_1_67' title='bbox 99 671 194 700; x_wconf 87' lang='lat' dir='ltr'>quam</span> <span class='ocrx_word' id='word_1_68' title='bbox 224 660 282 690; x_wconf 87' lang='lat' dir='ltr'>sibi</span> <span class='ocrx_word' id='word_1_69' title='bbox 317 660 403 690; x_wconf 91' lang='lat' dir='ltr'>Deus</span> <span class='ocrx_word' id='word_1_70' title='bbox 435 656 585 697; x_wconf 90' lang='lat' dir='ltr'>populum</span> <span class='ocrx_word' id='word_1_71' title='bbox 618 656 824 687; x_wconf 78' lang='lat' dir='ltr'>devinxisset.</span> <span class='ocrx_word' id='word_1_72' title='bbox 876 656 919 686; x_wconf 87' lang='lat' dir='ltr'>Et</span> <span class='ocrx_word' id='word_1_73' title='bbox 954 657 1049 687; x_wconf 82' lang='lat' dir='ltr'>nimis</span> 
     </span>
     <span class='ocr_line' id='line_1_12' title="bbox 99 698 1049 740; baseline -0.006 -6"><span class='ocrx_word' id='word_1_74' title='bbox 99 703 272 733; x_wconf 82' lang='lat' dir='ltr'>absurdum</span> <span class='ocrx_word' id='word_1_75' title='bbox 301 712 336 733; x_wconf 87' lang='lat' dir='ltr'>ac</span> <span class='ocrx_word' id='word_1_76' title='bbox 359 708 449 740; x_wconf 82' lang='lat' dir='ltr'>turpe</span> <span class='ocrx_word' id='word_1_77' title='bbox 471 699 598 736; x_wconf 81' lang='lat' dir='ltr'>fuisset,</span> <span class='ocrx_word' id='word_1_78' title='bbox 629 699 781 738; x_wconf 89' lang='lat' dir='ltr'>populum</span> <span class='ocrx_word' id='word_1_79' title='bbox 812 709 876 728; x_wconf 90' lang='lat' dir='ltr'>non</span> <span class='ocrx_word' id='word_1_80' title='bbox 901 698 1049 738; x_wconf 78' lang='lat' dir='ltr'>amplecti</span> 
     </span>
     <span class='ocr_line' id='line_1_13' title="bbox 99 740 1049 785; baseline -0.005 -9"><span class='ocrx_word' id='word_1_81' title='bbox 99 745 204 776; x_wconf 88' lang='lat' dir='ltr'>Deum</span> <span class='ocrx_word' id='word_1_82' title='bbox 224 744 444 785; x_wconf 75' lang='lat' dir='ltr'>legislatorem,</span> <span class='ocrx_word' id='word_1_83' title='bbox 468 752 486 772; x_wconf 88' lang='lat' dir='ltr'>a</span> <span class='ocrx_word' id='word_1_84' title='bbox 508 751 569 781; x_wconf 88' lang='lat' dir='ltr'>quo</span> <span class='ocrx_word' id='word_1_85' title='bbox 593 740 712 772; x_wconf 78' lang='lat' dir='ltr'>sciebat</span> <span class='ocrx_word' id='word_1_86' title='bbox 735 752 769 772; x_wconf 91' lang='lat' dir='ltr'>se</span> <span class='ocrx_word' id='word_1_87' title='bbox 791 741 889 771; x_wconf 88' lang='lat' dir='ltr'>fuisse</span> <span class='ocrx_word' id='word_1_88' title='bbox 913 741 1049 780; x_wconf 87' lang='lat' dir='ltr'>acquisi-</span> 
     </span>
     <span class='ocr_line' id='line_1_14' title="bbox 98 783 1050 819; baseline -0.005 0"><span class='ocrx_word' id='word_1_89' title='bbox 98 793 176 819; x_wconf 80' lang='lat' dir='ltr'>tum.</span> <span class='ocrx_word' id='word_1_90' title='bbox 232 785 378 819; x_wconf 82' lang='lat' dir='ltr'>Secundo</span> <span class='ocrx_word' id='word_1_91' title='bbox 417 784 483 815; x_wconf 88' lang='lat' dir='ltr'>loco</span> <span class='ocrx_word' id='word_1_92' title='bbox 525 783 677 814; x_wconf 78' lang='lat' dir='ltr'>admonet</span> <span class='ocrx_word' id='word_1_93' title='bbox 716 785 749 814; x_wconf 91' lang='lat' dir='ltr'>in</span> <span class='ocrx_word' id='word_1_94' title='bbox 782 783 918 814; x_wconf 87' lang='lat' dir='ltr'>eundem</span> <span class='ocrx_word' id='word_1_95' title='bbox 952 784 1050 814; x_wconf 88' lang='lat' dir='ltr'>finem</span> 
     </span>
     <span class='ocr_line' id='line_1_15' title="bbox 97 825 1050 863; baseline -0.006 -1"><span class='ocrx_word' id='word_1_96' title='bbox 97 836 219 862; x_wconf 84' lang='lat' dir='ltr'>creatos</span> <span class='ocrx_word' id='word_1_97' title='bbox 242 830 336 860; x_wconf 81' lang='lat' dir='ltr'>fuisse</span> <span class='ocrx_word' id='word_1_98' title='bbox 364 826 515 858; x_wconf 85' lang='lat' dir='ltr'>haeredes</span> <span class='ocrx_word' id='word_1_99' title='bbox 542 832 647 856; x_wconf 88' lang='lat' dir='ltr'>terrae</span> <span class='ocrx_word' id='word_1_100' title='bbox 670 826 843 863; x_wconf 86' lang='lat' dir='ltr'>Chanaan,</span> <span class='ocrx_word' id='word_1_101' title='bbox 877 830 912 856; x_wconf 87' lang='lat' dir='ltr'>ut</span> <span class='ocrx_word' id='word_1_102' title='bbox 942 825 1050 857; x_wconf 87' lang='lat' dir='ltr'>Deum</span> 
     </span>
     <span class='ocr_line' id='line_1_16' title="bbox 96 868 1050 912; baseline -0.006 -8"><span class='ocrx_word' id='word_1_103' title='bbox 96 878 205 904; x_wconf 80' lang='lat' dir='ltr'>tantae</span> <span class='ocrx_word' id='word_1_104' title='bbox 235 871 354 912; x_wconf 85' lang='lat' dir='ltr'>gratiae</span> <span class='ocrx_word' id='word_1_105' title='bbox 385 874 529 900; x_wconf 83' lang='lat' dir='ltr'>autorem</span> <span class='ocrx_word' id='word_1_106' title='bbox 559 869 709 899; x_wconf 84' lang='lat' dir='ltr'>colerent.</span> <span class='ocrx_word' id='word_1_107' title='bbox 755 869 807 899; x_wconf 91' lang='lat' dir='ltr'>Ita</span> <span class='ocrx_word' id='word_1_108' title='bbox 837 868 955 908; x_wconf 82' lang='lat' dir='ltr'>duplici</span> <span class='ocrx_word' id='word_1_109' title='bbox 979 869 1050 900; x_wconf 91' lang='lat' dir='ltr'>vin-</span> 
     </span>
     <span class='ocr_line' id='line_1_17' title="bbox 94 911 1050 952; baseline -0.005 -6"><span class='ocrx_word' id='word_1_110' title='bbox 94 916 164 947; x_wconf 78' lang='lat' dir='ltr'>culo</span> <span class='ocrx_word' id='word_1_111' title='bbox 187 914 352 946; x_wconf 82' lang='lat' dir='ltr'>obstrictos</span> <span class='ocrx_word' id='word_1_112' title='bbox 370 922 439 943; x_wconf 90' lang='lat' dir='ltr'>esse</span> <span class='ocrx_word' id='word_1_113' title='bbox 458 912 636 952; x_wconf 79' lang='lat' dir='ltr'>colligitur:</span> <span class='ocrx_word' id='word_1_114' title='bbox 660 912 734 951; x_wconf 88' lang='lat' dir='ltr'>quia</span> <span class='ocrx_word' id='word_1_115' title='bbox 754 922 819 941; x_wconf 89' lang='lat' dir='ltr'>non</span> <span class='ocrx_word' id='word_1_116' title='bbox 839 912 935 942; x_wconf 88' lang='lat' dir='ltr'>semel</span> <span class='ocrx_word' id='word_1_117' title='bbox 957 911 1050 942; x_wconf 90' lang='lat' dir='ltr'>modo</span> 
     </span>
     <span class='ocr_line' id='line_1_18' title="bbox 96 954 1051 995; baseline -0.005 -6"><span class='ocrx_word' id='word_1_118' title='bbox 96 959 184 989; x_wconf 88' lang='lat' dir='ltr'>Deus</span> <span class='ocrx_word' id='word_1_119' title='bbox 207 957 266 988; x_wconf 89' lang='lat' dir='ltr'>sibi</span> <span class='ocrx_word' id='word_1_120' title='bbox 288 957 370 995; x_wconf 87' lang='lat' dir='ltr'>ipsos</span> <span class='ocrx_word' id='word_1_121' title='bbox 393 954 526 992; x_wconf 76' lang='lat' dir='ltr'>addixit,</span> <span class='ocrx_word' id='word_1_122' title='bbox 549 954 604 985; x_wconf 90' lang='lat' dir='ltr'>sed</span> <span class='ocrx_word' id='word_1_123' title='bbox 628 954 661 984; x_wconf 91' lang='lat' dir='ltr'>in</span> <span class='ocrx_word' id='word_1_124' title='bbox 685 954 836 985; x_wconf 85' lang='lat' dir='ltr'>continua</span> <span class='ocrx_word' id='word_1_125' title='bbox 856 959 961 985; x_wconf 88' lang='lat' dir='ltr'>terrae</span> <span class='ocrx_word' id='word_1_126' title='bbox 981 964 1051 993; x_wconf 88' lang='lat' dir='ltr'>pos-</span> 
     </span>
     <span class='ocr_line' id='line_1_19' title="bbox 99 996 1051 1036; baseline -0.005 -5"><span class='ocrx_word' id='word_1_127' title='bbox 99 1001 237 1031; x_wconf 77' lang='lat' dir='ltr'>sessione</span> <span class='ocrx_word' id='word_1_128' title='bbox 269 998 468 1029; x_wconf 86' lang='lat' dir='ltr'>confirmavit</span> <span class='ocrx_word' id='word_1_129' title='bbox 496 997 554 1028; x_wconf 85' lang='lat' dir='ltr'>sibi</span> <span class='ocrx_word' id='word_1_130' title='bbox 589 997 769 1036; x_wconf 86' lang='lat' dir='ltr'>imperium.</span> <span class='ocrx_word' id='word_1_131' title='bbox 814 996 908 1035; x_wconf 79' lang='lat' dir='ltr'>Quod</span> <span class='ocrx_word' id='word_1_132' title='bbox 946 1003 1051 1027; x_wconf 87' lang='lat' dir='ltr'>autem</span> 
     </span>
     <span class='ocr_line' id='line_1_20' title="bbox 98 1039 1052 1079; baseline -0.005 -5"><span class='ocrx_word' id='word_1_133' title='bbox 98 1051 216 1074; x_wconf 81' lang='lat' dir='ltr'>terram</span> <span class='ocrx_word' id='word_1_134' title='bbox 240 1041 315 1072; x_wconf 87' lang='lat' dir='ltr'>dicit</span> <span class='ocrx_word' id='word_1_135' title='bbox 343 1039 549 1071; x_wconf 87' lang='lat' dir='ltr'>iureiurando</span> <span class='ocrx_word' id='word_1_136' title='bbox 573 1039 716 1079; x_wconf 83' lang='lat' dir='ltr'>patribus</span> <span class='ocrx_word' id='word_1_137' title='bbox 738 1039 837 1070; x_wconf 87' lang='lat' dir='ltr'>fuisse</span> <span class='ocrx_word' id='word_1_138' title='bbox 861 1039 1052 1079; x_wconf 82' lang='lat' dir='ltr'>promissam</span> 
     </span>
     <span class='ocr_line' id='line_1_21' title="bbox 98 1081 1052 1125; baseline -0.005 -8"><span class='ocrx_word' id='word_1_139' title='bbox 98 1092 268 1125; x_wconf 87' lang='lat' dir='ltr'>antequam</span> <span class='ocrx_word' id='word_1_140' title='bbox 301 1083 353 1114; x_wconf 84' lang='lat' dir='ltr'>lex</span> <span class='ocrx_word' id='word_1_141' title='bbox 387 1082 532 1120; x_wconf 83' lang='lat' dir='ltr'>daretur,</span> <span class='ocrx_word' id='word_1_142' title='bbox 577 1083 610 1112; x_wconf 90' lang='lat' dir='ltr'>in</span> <span class='ocrx_word' id='word_1_143' title='bbox 643 1093 679 1113; x_wconf 90' lang='lat' dir='ltr'>eo</span> <span class='ocrx_word' id='word_1_144' title='bbox 714 1082 795 1112; x_wconf 87' lang='lat' dir='ltr'>nihil</span> <span class='ocrx_word' id='word_1_145' title='bbox 829 1088 876 1113; x_wconf 87' lang='lat' dir='ltr'>est</span> <span class='ocrx_word' id='word_1_146' title='bbox 911 1081 1052 1112; x_wconf 77' lang='lat' dir='ltr'>absurdi.</span> 
     </span>
     <span class='ocr_line' id='line_1_22' title="bbox 97 1124 1050 1166; baseline -0.005 -7"><span class='ocrx_word' id='word_1_147' title='bbox 97 1129 168 1159; x_wconf 82' lang='lat' dir='ltr'>Etsi</span> <span class='ocrx_word' id='word_1_148' title='bbox 198 1127 281 1158; x_wconf 89' lang='lat' dir='ltr'>enim</span> <span class='ocrx_word' id='word_1_149' title='bbox 312 1126 411 1166; x_wconf 88' lang='lat' dir='ltr'>gratis</span> <span class='ocrx_word' id='word_1_150' title='bbox 440 1135 558 1155; x_wconf 89' lang='lat' dir='ltr'>munus</span> <span class='ocrx_word' id='word_1_151' title='bbox 590 1124 648 1156; x_wconf 89' lang='lat' dir='ltr'>hoc</span> <span class='ocrx_word' id='word_1_152' title='bbox 671 1125 824 1160; x_wconf 85' lang='lat' dir='ltr'>contulit,</span> <span class='ocrx_word' id='word_1_153' title='bbox 853 1125 922 1155; x_wconf 89' lang='lat' dir='ltr'>iure</span> <span class='ocrx_word' id='word_1_154' title='bbox 946 1130 1050 1155; x_wconf 80' lang='lat' dir='ltr'>tamen</span> 
     </span>
     <span class='ocr_line' id='line_1_23' title="bbox 98 1167 1051 1210; baseline -0.004 -9"><span class='ocrx_word' id='word_1_155' title='bbox 98 1171 205 1210; x_wconf 82' lang='lat' dir='ltr'>exegit</span> <span class='ocrx_word' id='word_1_156' title='bbox 242 1168 445 1209; x_wconf 81' lang='lat' dir='ltr'>gratitudinis</span> <span class='ocrx_word' id='word_1_157' title='bbox 485 1168 713 1198; x_wconf 87' lang='lat' dir='ltr'>testimonium.</span> <span class='ocrx_word' id='word_1_158' title='bbox 771 1167 1051 1206; x_wconf 77' lang='lat' dir='ltr'>Quemadmodum</span> 
     </span>
     <span class='ocr_line' id='line_1_24' title="bbox 96 1210 1051 1252; baseline -0.005 -8"><span class='ocrx_word' id='word_1_159' title='bbox 96 1223 184 1244; x_wconf 84' lang='lat' dir='ltr'>mera</span> <span class='ocrx_word' id='word_1_160' title='bbox 206 1211 332 1252; x_wconf 90' lang='lat' dir='ltr'>quidem</span> <span class='ocrx_word' id='word_1_161' title='bbox 356 1210 546 1242; x_wconf 78' lang='lat' dir='ltr'>liberalitate</span> <span class='ocrx_word' id='word_1_162' title='bbox 576 1220 634 1241; x_wconf 91' lang='lat' dir='ltr'>nos</span> <span class='ocrx_word' id='word_1_163' title='bbox 658 1210 751 1240; x_wconf 89' lang='lat' dir='ltr'>hodic</span> <span class='ocrx_word' id='word_1_164' title='bbox 775 1210 814 1240; x_wconf 90' lang='lat' dir='ltr'>ad</span> <span class='ocrx_word' id='word_1_165' title='bbox 838 1221 926 1249; x_wconf 90' lang='lat' dir='ltr'>spem</span> <span class='ocrx_word' id='word_1_166' title='bbox 950 1216 1051 1240; x_wconf 85' lang='lat' dir='ltr'>aeter-</span> 
     </span>
     <span class='ocr_line' id='line_1_25' title="bbox 96 1253 1052 1292; baseline -0.003 -6"><span class='ocrx_word' id='word_1_167' title='bbox 96 1267 157 1286; x_wconf 88' lang='lat' dir='ltr'>nae</span> <span class='ocrx_word' id='word_1_168' title='bbox 179 1254 385 1285; x_wconf 86' lang='lat' dir='ltr'>haereditatis</span> <span class='ocrx_word' id='word_1_169' title='bbox 408 1253 540 1290; x_wconf 74' lang='lat' dir='ltr'>invitat,</span> <span class='ocrx_word' id='word_1_170' title='bbox 575 1263 689 1292; x_wconf 86' lang='lat' dir='ltr'>scopus</span> <span class='ocrx_word' id='word_1_171' title='bbox 713 1259 819 1283; x_wconf 88' lang='lat' dir='ltr'>tamen</span> <span class='ocrx_word' id='word_1_172' title='bbox 844 1259 974 1283; x_wconf 85' lang='lat' dir='ltr'>nostrae</span> <span class='ocrx_word' id='word_1_173' title='bbox 999 1262 1052 1283; x_wconf 92' lang='lat' dir='ltr'>vo-</span> 
     </span>
     <span class='ocr_line' id='line_1_26' title="bbox 96 1295 1051 1330; baseline -0.004 -1"><span class='ocrx_word' id='word_1_174' title='bbox 96 1299 227 1330; x_wconf 85' lang='lat' dir='ltr'>cationis</span> <span class='ocrx_word' id='word_1_175' title='bbox 256 1302 303 1327; x_wconf 87' lang='lat' dir='ltr'>est</span> <span class='ocrx_word' id='word_1_176' title='bbox 330 1302 367 1326; x_wconf 90' lang='lat' dir='ltr'>ut</span> <span class='ocrx_word' id='word_1_177' title='bbox 398 1296 537 1327; x_wconf 83' lang='lat' dir='ltr'>vicissim</span> <span class='ocrx_word' id='word_1_178' title='bbox 565 1301 631 1326; x_wconf 86' lang='lat' dir='ltr'>tota</span> <span class='ocrx_word' id='word_1_179' title='bbox 661 1296 727 1326; x_wconf 90' lang='lat' dir='ltr'>vita</span> <span class='ocrx_word' id='word_1_180' title='bbox 756 1295 953 1326; x_wconf 81' lang='lat' dir='ltr'>celebremus</span> <span class='ocrx_word' id='word_1_181' title='bbox 983 1295 1051 1326; x_wconf 87' lang='lat' dir='ltr'>eius</span> 
     </span>
     <span class='ocr_line' id='line_1_27' title="bbox 96 1337 1051 1381; baseline -0.004 -10"><span class='ocrx_word' id='word_1_182' title='bbox 96 1341 237 1381; x_wconf 83' lang='lat' dir='ltr'>gloriam.</span> <span class='ocrx_word' id='word_1_183' title='bbox 283 1339 393 1377; x_wconf 77' lang='lat' dir='ltr'>Quum</span> <span class='ocrx_word' id='word_1_184' title='bbox 417 1338 493 1369; x_wconf 81' lang='lat' dir='ltr'>dicit</span> <span class='ocrx_word' id='word_1_185' title='bbox 524 1348 618 1369; x_wconf 87' lang='lat' dir='ltr'>versu</span> <span class='ocrx_word' id='word_1_186' title='bbox 640 1338 696 1369; x_wconf 80' lang='lat'>24:</span> <span class='ocrx_word' id='word_1_187' title='bbox 731 1338 773 1369; x_wconf 89' lang='lat' dir='ltr'>Ut</span> <span class='ocrx_word' id='word_1_188' title='bbox 802 1338 972 1368; x_wconf 88' lang='lat' dir='ltr'>timeamus</span> <span class='ocrx_word' id='word_1_189' title='bbox 1002 1337 1051 1367; x_wconf 86' lang='lat' dir='ltr'>Ie-</span> 
     </span>
     <span class='ocr_line' id='line_1_28' title="bbox 97 1381 1050 1421; baseline -0.004 -7"><span class='ocrx_word' id='word_1_190' title='bbox 97 1384 222 1420; x_wconf 84' lang='lat' dir='ltr'>hovam,</span> <span class='ocrx_word' id='word_1_191' title='bbox 246 1392 405 1413; x_wconf 86' lang='lat' dir='ltr'>summam</span> <span class='ocrx_word' id='word_1_192' title='bbox 429 1381 507 1421; x_wconf 88' lang='lat' dir='ltr'>legis</span> <span class='ocrx_word' id='word_1_193' title='bbox 530 1381 671 1411; x_wconf 87' lang='lat' dir='ltr'>breviter</span> <span class='ocrx_word' id='word_1_194' title='bbox 695 1386 793 1412; x_wconf 88' lang='lat' dir='ltr'>notat.</span> <span class='ocrx_word' id='word_1_195' title='bbox 832 1381 943 1420; x_wconf 83' lang='lat' dir='ltr'>Neque</span> <span class='ocrx_word' id='word_1_196' title='bbox 966 1381 1050 1411; x_wconf 87' lang='lat' dir='ltr'>enim</span> 
     </span>
     <span class='ocr_line' id='line_1_29' title="bbox 97 1422 1051 1465; baseline -0.004 -8"><span class='ocrx_word' id='word_1_197' title='bbox 97 1426 256 1457; x_wconf 82' lang='lat' dir='ltr'>sufficeret</span> <span class='ocrx_word' id='word_1_198' title='bbox 278 1431 442 1465; x_wconf 86' lang='lat' dir='ltr'>praestare</span> <span class='ocrx_word' id='word_1_199' title='bbox 462 1423 615 1463; x_wconf 88' lang='lat' dir='ltr'>quidquid</span> <span class='ocrx_word' id='word_1_200' title='bbox 639 1423 704 1454; x_wconf 89' lang='lat' dir='ltr'>illic</span> <span class='ocrx_word' id='word_1_201' title='bbox 727 1423 862 1461; x_wconf 85' lang='lat' dir='ltr'>iubetur,</span> <span class='ocrx_word' id='word_1_202' title='bbox 886 1423 945 1454; x_wconf 89' lang='lat' dir='ltr'>nisi</span> <span class='ocrx_word' id='word_1_203' title='bbox 970 1422 1051 1453; x_wconf 84' lang='lat' dir='ltr'>refe-</span> 
     </span>
     <span class='ocr_line' id='line_1_30' title="bbox 97 1466 1051 1500; baseline -0.004 0"><span class='ocrx_word' id='word_1_204' title='bbox 97 1474 187 1500; x_wconf 87' lang='lat' dir='ltr'>ratur</span> <span class='ocrx_word' id='word_1_205' title='bbox 208 1467 389 1499; x_wconf 79' lang='lat' dir='ltr'>observatio</span> <span class='ocrx_word' id='word_1_206' title='bbox 411 1467 449 1497; x_wconf 86' lang='lat' dir='ltr'>ad</span> <span class='ocrx_word' id='word_1_207' title='bbox 470 1466 529 1497; x_wconf 70' lang='lat' dir='ltr'>Dei</span> <span class='ocrx_word' id='word_1_208' title='bbox 553 1466 700 1497; x_wconf 85' lang='lat' dir='ltr'>timorem</span> <span class='ocrx_word' id='word_1_209' title='bbox 724 1471 755 1497; x_wconf 87' lang='lat' dir='ltr'>et</span> <span class='ocrx_word' id='word_1_210' title='bbox 778 1466 909 1497; x_wconf 87' lang='lat' dir='ltr'>cultum.</span> <span class='ocrx_word' id='word_1_211' title='bbox 945 1466 1051 1496; x_wconf 74' lang='lat' dir='ltr'>Deum</span> 
     </span>
     <span class='ocr_line' id='line_1_31' title="bbox 96 1508 1052 1551; baseline -0.004 -9"><span class='ocrx_word' id='word_1_212' title='bbox 96 1511 221 1551; x_wconf 88' lang='lat' dir='ltr'>quidem</span> <span class='ocrx_word' id='word_1_213' title='bbox 253 1511 390 1541; x_wconf 86' lang='lat' dir='ltr'>delectat</span> <span class='ocrx_word' id='word_1_214' title='bbox 418 1510 589 1550; x_wconf 87' lang='lat' dir='ltr'>integritas</span> <span class='ocrx_word' id='word_1_215' title='bbox 616 1514 648 1540; x_wconf 90' lang='lat' dir='ltr'>et</span> <span class='ocrx_word' id='word_1_216' title='bbox 678 1509 850 1540; x_wconf 82' lang='lat' dir='ltr'>rectitudo:</span> <span class='ocrx_word' id='word_1_217' title='bbox 880 1508 934 1539; x_wconf 92' lang='lat' dir='ltr'>sed</span> <span class='ocrx_word' id='word_1_218' title='bbox 959 1519 1052 1539; x_wconf 89' lang='lat' dir='ltr'>nemo</span> 
     </span>
     <span class='ocr_line' id='line_1_32' title="bbox 97 1551 1051 1592; baseline -0.003 -8"><span class='ocrx_word' id='word_1_219' title='bbox 97 1555 214 1585; x_wconf 89' lang='lat' dir='ltr'>diceret</span> <span class='ocrx_word' id='word_1_220' title='bbox 242 1555 303 1584; x_wconf 89' lang='lat' dir='ltr'>rite</span> <span class='ocrx_word' id='word_1_221' title='bbox 334 1552 541 1592; x_wconf 86' lang='lat' dir='ltr'>compositam</span> <span class='ocrx_word' id='word_1_222' title='bbox 571 1562 641 1583; x_wconf 87' lang='lat' dir='ltr'>esse</span> <span class='ocrx_word' id='word_1_223' title='bbox 675 1552 842 1582; x_wconf 86' lang='lat' dir='ltr'>hominum</span> <span class='ocrx_word' id='word_1_224' title='bbox 877 1551 991 1589; x_wconf 84' lang='lat' dir='ltr'>vitam,</span> <span class='ocrx_word' id='word_1_225' title='bbox 1026 1551 1051 1581; x_wconf 88' lang='lat' dir='ltr'>si</span> 
     </span>
     <span class='ocr_line' id='line_1_33' title="bbox 97 1594 1052 1636; baseline -0.003 -9"><span class='ocrx_word' id='word_1_226' title='bbox 97 1597 289 1636; x_wconf 82' lang='lat' dir='ltr'>aequitatem</span> <span class='ocrx_word' id='word_1_227' title='bbox 313 1597 397 1626; x_wconf 87' lang='lat' dir='ltr'>inter</span> <span class='ocrx_word' id='word_1_228' title='bbox 420 1605 452 1625; x_wconf 92' lang='lat' dir='ltr'>se</span> <span class='ocrx_word' id='word_1_229' title='bbox 475 1595 622 1632; x_wconf 87' lang='lat' dir='ltr'>colendo,</span> <span class='ocrx_word' id='word_1_230' title='bbox 654 1595 758 1625; x_wconf 87' lang='lat' dir='ltr'>Deum</span> <span class='ocrx_word' id='word_1_231' title='bbox 788 1595 857 1625; x_wconf 88' lang='lat' dir='ltr'>iure</span> <span class='ocrx_word' id='word_1_232' title='bbox 887 1604 943 1624; x_wconf 88' lang='lat' dir='ltr'>suo</span> <span class='ocrx_word' id='word_1_233' title='bbox 966 1594 1052 1624; x_wconf 86' lang='lat' dir='ltr'>frau—</span> 
     </span>
     <span class='ocr_line' id='line_1_34' title="bbox 97 1636 1054 1678; baseline -0.004 -8"><span class='ocrx_word' id='word_1_234' title='bbox 97 1639 183 1670; x_wconf 87' lang='lat' dir='ltr'>dent.</span> <span class='ocrx_word' id='word_1_235' title='bbox 228 1639 329 1670; x_wconf 89' lang='lat' dir='ltr'>Porro</span> <span class='ocrx_word' id='word_1_236' title='bbox 354 1638 475 1668; x_wconf 88' lang='lat' dir='ltr'>timoris</span> <span class='ocrx_word' id='word_1_237' title='bbox 494 1637 623 1668; x_wconf 91' lang='lat' dir='ltr'>nomine</span> <span class='ocrx_word' id='word_1_238' title='bbox 646 1637 827 1678; x_wconf 81' lang='lat' dir='ltr'>legitimum</span> <span class='ocrx_word' id='word_1_239' title='bbox 848 1636 1002 1667; x_wconf 88' lang='lat' dir='ltr'>honorem</span> <span class='ocrx_word' id='word_1_240' title='bbox 1022 1640 1054 1667; x_wconf 88' lang='lat' dir='ltr'>et</span> 
     </span>
     <span class='ocr_line' id='line_1_35' title="bbox 96 1679 1054 1720; baseline -0.003 -8"><span class='ocrx_word' id='word_1_241' title='bbox 96 1682 216 1713; x_wconf 90' lang='lat' dir='ltr'>cultum</span> <span class='ocrx_word' id='word_1_242' title='bbox 247 1680 490 1720; x_wconf 86' lang='lat' dir='ltr'>comprehendi,</span> <span class='ocrx_word' id='word_1_243' title='bbox 519 1681 597 1711; x_wconf 88' lang='lat' dir='ltr'>satis</span> <span class='ocrx_word' id='word_1_244' title='bbox 620 1686 730 1711; x_wconf 90' lang='lat' dir='ltr'>notum</span> <span class='ocrx_word' id='word_1_245' title='bbox 755 1685 812 1711; x_wconf 85' lang='lat' dir='ltr'>est.</span> <span class='ocrx_word' id='word_1_246' title='bbox 858 1679 960 1710; x_wconf 89' lang='lat' dir='ltr'>Paulo</span> <span class='ocrx_word' id='word_1_247' title='bbox 983 1682 1054 1718; x_wconf 88' lang='lat' dir='ltr'>post</span> 
     </span>
     <span class='ocr_line' id='line_1_36' title="bbox 96 1721 1052 1762; baseline -0.003 -8"><span class='ocrx_word' id='word_1_248' title='bbox 96 1725 134 1755; x_wconf 91' lang='lat' dir='ltr'>ab</span> <span class='ocrx_word' id='word_1_249' title='bbox 165 1725 302 1755; x_wconf 77' lang='lat' dir='ltr'>utilitate</span> <span class='ocrx_word' id='word_1_250' title='bbox 331 1724 432 1762; x_wconf 78' lang='lat' dir='ltr'>legem</span> <span class='ocrx_word' id='word_1_251' title='bbox 461 1723 678 1753; x_wconf 84' lang='lat' dir='ltr'>commendat:</span> <span class='ocrx_word' id='word_1_252' title='bbox 713 1724 787 1762; x_wconf 87' lang='lat' dir='ltr'>quia</span> <span class='ocrx_word' id='word_1_253' title='bbox 817 1733 927 1753; x_wconf 82' lang='lat' dir='ltr'>eorum</span> <span class='ocrx_word' id='word_1_254' title='bbox 958 1721 1052 1752; x_wconf 79' lang='lat' dir='ltr'>saluti</span> 
     </span>
     <span class='ocr_line' id='line_1_37' title="bbox 95 1765 1055 1805; baseline -0.003 -8"><span class='ocrx_word' id='word_1_255' title='bbox 95 1767 293 1798; x_wconf 80' lang='lat' dir='ltr'>consuluerit</span> <span class='ocrx_word' id='word_1_256' title='bbox 314 1767 409 1800; x_wconf 80' lang='lat' dir='ltr'>Deus.</span> <span class='ocrx_word' id='word_1_257' title='bbox 434 1767 483 1805; x_wconf 82' lang='lat' dir='ltr'>pie</span> <span class='ocrx_word' id='word_1_258' title='bbox 506 1767 651 1805; x_wconf 77' lang='lat' dir='ltr'>iusteque</span> <span class='ocrx_word' id='word_1_259' title='bbox 676 1765 804 1796; x_wconf 85' lang='lat' dir='ltr'>vivendi</span> <span class='ocrx_word' id='word_1_260' title='bbox 829 1765 972 1804; x_wconf 80' lang='lat' dir='ltr'>regulam</span> <span class='ocrx_word' id='word_1_261' title='bbox 992 1770 1055 1795; x_wconf 85' lang='lat' dir='ltr'>tra-</span> 
     </span>
     <span class='ocr_line' id='line_1_38' title="bbox 96 1808 1054 1847; baseline -0.003 -7"><span class='ocrx_word' id='word_1_262' title='bbox 96 1809 207 1840; x_wconf 83' lang='lat' dir='ltr'>dendo.</span> <span class='ocrx_word' id='word_1_263' title='bbox 254 1809 378 1847; x_wconf 79' lang='lat' dir='ltr'>Quibus</span> <span class='ocrx_word' id='word_1_264' title='bbox 403 1809 507 1839; x_wconf 82' lang='lat' dir='ltr'>verbis</span> <span class='ocrx_word' id='word_1_265' title='bbox 531 1808 636 1845; x_wconf 80' lang='lat' dir='ltr'>docet,</span> <span class='ocrx_word' id='word_1_266' title='bbox 664 1819 717 1839; x_wconf 87' lang='lat' dir='ltr'>eos</span> <span class='ocrx_word' id='word_1_267' title='bbox 748 1808 794 1839; x_wconf 90' lang='lat' dir='ltr'>bis</span> <span class='ocrx_word' id='word_1_268' title='bbox 818 1808 963 1847; x_wconf 80' lang='lat' dir='ltr'>ingratos</span> <span class='ocrx_word' id='word_1_269' title='bbox 988 1808 1054 1837; x_wconf 80' lang='lat' dir='ltr'>fore</span> 
     </span>
     <span class='ocr_line' id='line_1_39' title="bbox 95 1849 1052 1891; baseline -0.003 -9"><span class='ocrx_word' id='word_1_270' title='bbox 95 1853 122 1882; x_wconf 90' lang='lat' dir='ltr'>si</span> <span class='ocrx_word' id='word_1_271' title='bbox 147 1858 301 1891; x_wconf 69' lang='lat' dir='ltr'>respuant</span> <span class='ocrx_word' id='word_1_272' title='bbox 324 1851 405 1890; x_wconf 87' lang='lat' dir='ltr'>quod</span> <span class='ocrx_word' id='word_1_273' title='bbox 429 1851 492 1881; x_wconf 80' lang='lat' dir='ltr'>illis</span> <span class='ocrx_word' id='word_1_274' title='bbox 516 1851 664 1890; x_wconf 83' lang='lat' dir='ltr'>prodesse</span> <span class='ocrx_word' id='word_1_275' title='bbox 689 1852 777 1881; x_wconf 84' lang='lat' dir='ltr'>Deus</span> <span class='ocrx_word' id='word_1_276' title='bbox 802 1850 911 1881; x_wconf 90' lang='lat' dir='ltr'>voluit.</span> <span class='ocrx_word' id='word_1_277' title='bbox 969 1849 1052 1880; x_wconf 85' lang='lat' dir='ltr'>Nam</span> 
     </span>
     <span class='ocr_line' id='line_1_40' title="bbox 96 1893 1052 1933; baseline -0.002 -9"><span class='ocrx_word' id='word_1_278' title='bbox 96 1894 286 1925; x_wconf 79' lang='lat' dir='ltr'>tantundem</span> <span class='ocrx_word' id='word_1_279' title='bbox 320 1894 403 1923; x_wconf 87' lang='lat' dir='ltr'>valet</span> <span class='ocrx_word' id='word_1_280' title='bbox 432 1893 509 1924; x_wconf 81' lang='lat' dir='ltr'>haec</span> <span class='ocrx_word' id='word_1_281' title='bbox 538 1894 712 1933; x_wconf 84' lang='lat' dir='ltr'>particula:</span> <span class='ocrx_word' id='word_1_282' title='bbox 748 1894 786 1923; x_wconf 92' lang='lat' dir='ltr'>In</span> <span class='ocrx_word' id='word_1_283' title='bbox 811 1893 926 1923; x_wconf 91' lang='lat' dir='ltr'>bonum</span> <span class='ocrx_word' id='word_1_284' title='bbox 952 1893 1052 1929; x_wconf 75' lang='lat' dir='ltr'>nobis.</span> 
     </span>
     <span class='ocr_line' id='line_1_41' title="bbox 95 1935 1052 1971; baseline -0.003 -3"><span class='ocrx_word' id='word_1_285' title='bbox 95 1948 131 1968; x_wconf 84' lang='lat' dir='ltr'>ac</span> <span class='ocrx_word' id='word_1_286' title='bbox 155 1937 182 1968; x_wconf 85' lang='lat' dir='ltr'>si</span> <span class='ocrx_word' id='word_1_287' title='bbox 205 1937 346 1971; x_wconf 76' lang='lat' dir='ltr'>dixisset,</span> <span class='ocrx_word' id='word_1_288' title='bbox 373 1937 476 1966; x_wconf 89' lang='lat' dir='ltr'>Deum</span> <span class='ocrx_word' id='word_1_289' title='bbox 500 1947 563 1966; x_wconf 90' lang='lat' dir='ltr'>non</span> <span class='ocrx_word' id='word_1_290' title='bbox 587 1936 679 1967; x_wconf 89' lang='lat' dir='ltr'>modo</span> <span class='ocrx_word' id='word_1_291' title='bbox 702 1936 780 1967; x_wconf 90' lang='lat' dir='ltr'>iuris</span> <span class='ocrx_word' id='word_1_292' title='bbox 799 1936 847 1966; x_wconf 88' lang='lat' dir='ltr'>sui</span> <span class='ocrx_word' id='word_1_293' title='bbox 867 1946 974 1966; x_wconf 83' lang='lat' dir='ltr'>curam</span> <span class='ocrx_word' id='word_1_294' title='bbox 996 1935 1052 1965; x_wconf 83' lang='lat' dir='ltr'>ha—</span> 
     </span>
     <span class='ocr_line' id='line_1_42' title="bbox 96 1978 1052 2019; baseline -0.003 -9"><span class='ocrx_word' id='word_1_295' title='bbox 96 1980 200 2010; x_wconf 78' lang='lat' dir='ltr'>buisse</span> <span class='ocrx_word' id='word_1_296' title='bbox 225 1986 256 2009; x_wconf 88' lang='lat' dir='ltr'>et</span> <span class='ocrx_word' id='word_1_297' title='bbox 279 1985 458 2018; x_wconf 82' lang='lat' dir='ltr'>respectum</span> <span class='ocrx_word' id='word_1_298' title='bbox 482 1979 513 2009; x_wconf 92' lang='lat' dir='ltr'>in</span> <span class='ocrx_word' id='word_1_299' title='bbox 538 1979 670 2009; x_wconf 79' lang='lat' dir='ltr'>ferenda</span> <span class='ocrx_word' id='word_1_300' title='bbox 693 1979 772 2019; x_wconf 74' lang='lat' dir='ltr'>lege,</span> <span class='ocrx_word' id='word_1_301' title='bbox 803 1978 857 2009; x_wconf 88' lang='lat' dir='ltr'>scd</span> <span class='ocrx_word' id='word_1_302' title='bbox 887 1978 981 2008; x_wconf 89' lang='lat' dir='ltr'>simul</span> <span class='ocrx_word' id='word_1_303' title='bbox 1005 1988 1052 2007; x_wconf 80' lang='lat' dir='ltr'>re-</span> 
     </span>
     <span class='ocr_line' id='line_1_43' title="bbox 96 2021 1052 2062; baseline -0.003 -9"><span class='ocrx_word' id='word_1_304' title='bbox 96 2023 238 2062; x_wconf 81' lang='lat' dir='ltr'>spexisse</span> <span class='ocrx_word' id='word_1_305' title='bbox 262 2022 336 2061; x_wconf 85' lang='lat' dir='ltr'>quid</span> <span class='ocrx_word' id='word_1_306' title='bbox 361 2022 437 2052; x_wconf 85' lang='lat' dir='ltr'>utile</span> <span class='ocrx_word' id='word_1_307' title='bbox 460 2022 536 2061; x_wconf 88' lang='lat' dir='ltr'>ipsis</span> <span class='ocrx_word' id='word_1_308' title='bbox 558 2022 652 2053; x_wconf 82' lang='lat' dir='ltr'>foret:</span> <span class='ocrx_word' id='word_1_309' title='bbox 679 2023 762 2061; x_wconf 92' lang='lat' dir='ltr'>quod</span> <span class='ocrx_word' id='word_1_310' title='bbox 786 2021 932 2060; x_wconf 64' lang='lat' dir='ltr'>sequenti</span> <span class='ocrx_word' id='word_1_311' title='bbox 957 2031 1052 2051; x_wconf 83' lang='lat' dir='ltr'>versu</span> 
     </span>
     <span class='ocr_line' id='line_1_44' title="bbox 97 2063 1050 2104; baseline -0.002 -9"><span class='ocrx_word' id='word_1_312' title='bbox 97 2065 213 2095; x_wconf 83' lang='lat' dir='ltr'>clarius</span> <span class='ocrx_word' id='word_1_313' title='bbox 237 2065 397 2104; x_wconf 75' lang='lat' dir='ltr'>exprimit,</span> <span class='ocrx_word' id='word_1_314' title='bbox 422 2064 576 2102; x_wconf 83' lang='lat' dir='ltr'>docendo⁷</span> <span class='ocrx_word' id='word_1_315' title='bbox 603 2065 685 2096; x_wconf 87' lang='lat' dir='ltr'>banc</span> <span class='ocrx_word' id='word_1_316' title='bbox 707 2065 847 2104; x_wconf 60' lang='lat' dir='ltr'>‘ipsorum</span> <span class='ocrx_word' id='word_1_317' title='bbox 872 2064 937 2093; x_wconf 85' lang='lat' dir='ltr'>foro</span> <span class='ocrx_word' id='word_1_318' title='bbox 961 2063 1050 2093; x_wconf 90' lang='lat' dir='ltr'>iusti-</span> 
     </span>
     <span class='ocr_line' id='line_1_45' title="bbox 98 2106 1050 2147; baseline -0.001 -11"><span class='ocrx_word' id='word_1_319' title='bbox 98 2107 173 2137; x_wconf 77' lang='lat' dir='ltr'>tiam</span> <span class='ocrx_word' id='word_1_320' title='bbox 192 2107 217 2138; x_wconf 87' lang='lat' dir='ltr'>si</span> <span class='ocrx_word' id='word_1_321' title='bbox 238 2108 340 2147; x_wconf 61' lang='lat' dir='ltr'>legem</span> <span class='ocrx_word' id='word_1_322' title='bbox 359 2107 544 2137; x_wconf 85' lang='lat' dir='ltr'>observent:</span> <span class='ocrx_word' id='word_1_323' title='bbox 569 2118 605 2137; x_wconf 89' lang='lat' dir='ltr'>ac</span> <span class='ocrx_word' id='word_1_324' title='bbox 623 2109 649 2138; x_wconf 87' lang='lat' dir='ltr'>si</span> <span class='ocrx_word' id='word_1_325' title='bbox 671 2106 799 2143; x_wconf 83' lang='lat' dir='ltr'>diceret,</span> <span class='ocrx_word' id='word_1_326' title='bbox 823 2106 1050 2145; x_wconf 83' lang='lat' dir='ltr'>praescriptam</span> 
     </span>
     <span class='ocr_line' id='line_1_46' title="bbox 98 2149 1051 2189; baseline 0.001 -11"><span class='ocrx_word' id='word_1_327' title='bbox 98 2149 193 2180; x_wconf 80' lang='lat' dir='ltr'>fuisse</span> <span class='ocrx_word' id='word_1_328' title='bbox 216 2150 299 2181; x_wconf 87' lang='lat' dir='ltr'>iuste</span> <span class='ocrx_word' id='word_1_329' title='bbox 324 2150 454 2180; x_wconf 87' lang='lat' dir='ltr'>vivendi</span> <span class='ocrx_word' id='word_1_330' title='bbox 477 2150 610 2180; x_wconf 87' lang='lat' dir='ltr'>formam</span> <span class='ocrx_word' id='word_1_331' title='bbox 635 2160 714 2189; x_wconf 87' lang='lat' dir='ltr'>quae</span> <span class='ocrx_word' id='word_1_332' title='bbox 727 2149 796 2180; x_wconf 87' lang='lat' dir='ltr'>Deo</span> <span class='ocrx_word' id='word_1_333' title='bbox 816 2149 970 2188; x_wconf 86' lang='lat' dir='ltr'>placeret:</span> <span class='ocrx_word' id='word_1_334' title='bbox 991 2159 1051 2188; x_wconf 88' lang='lat' dir='ltr'>quo</span> 
     </span>
     <span class='ocr_line' id='line_1_47' title="bbox 100 2191 1051 2232; baseline 0.001 -12"><span class='ocrx_word' id='word_1_335' title='bbox 100 2191 178 2221; x_wconf 86' lang='lat' dir='ltr'>nihil</span> <span class='ocrx_word' id='word_1_336' title='bbox 204 2193 309 2232; x_wconf 88' lang='lat' dir='ltr'>expeti</span> <span class='ocrx_word' id='word_1_337' title='bbox 341 2198 444 2232; x_wconf 84' lang='lat' dir='ltr'>potest</span> <span class='ocrx_word' id='word_1_338' title='bbox 474 2193 597 2223; x_wconf 85' lang='lat' dir='ltr'>melius.</span> <span class='ocrx_word' id='word_1_339' title='bbox 643 2192 812 2231; x_wconf 68' lang='lat' dir='ltr'>Quomodo</span> <span class='ocrx_word' id='word_1_340' title='bbox 836 2198 941 2222; x_wconf 84' lang='lat' dir='ltr'>autem</span> <span class='ocrx_word' id='word_1_341' title='bbox 972 2191 1051 2230; x_wconf 84' lang='lat' dir='ltr'>legis</span> 
     </span>
     <span class='ocr_line' id='line_1_48' title="bbox 100 2233 1052 2274; baseline 0.002 -12"><span class='ocrx_word' id='word_1_342' title='bbox 100 2233 275 2264; x_wconf 79' lang='lat' dir='ltr'>observatio</span> <span class='ocrx_word' id='word_1_343' title='bbox 306 2235 347 2265; x_wconf 88' lang='lat' dir='ltr'>sit</span> <span class='ocrx_word' id='word_1_344' title='bbox 377 2235 498 2265; x_wconf 83' lang='lat' dir='ltr'>iustitia</span> <span class='ocrx_word' id='word_1_345' title='bbox 532 2246 588 2274; x_wconf 89' lang='lat' dir='ltr'>per</span> <span class='ocrx_word' id='word_1_346' title='bbox 617 2247 665 2273; x_wconf 81' lang='lat' dir='ltr'>se,</span> <span class='ocrx_word' id='word_1_347' title='bbox 700 2240 731 2265; x_wconf 92' lang='lat' dir='ltr'>et</span> <span class='ocrx_word' id='word_1_348' title='bbox 765 2240 871 2265; x_wconf 82' lang='lat' dir='ltr'>tamen</span> <span class='ocrx_word' id='word_1_349' title='bbox 907 2245 948 2264; x_wconf 76' lang='lat' dir='ltr'>ex</span> <span class='ocrx_word' id='word_1_350' title='bbox 981 2234 1052 2273; x_wconf 83' lang='lat' dir='ltr'>lege</span> 
     </span>
     <span class='ocr_line' id='line_1_49' title="bbox 101 2275 1052 2316; baseline 0.002 -12"><span class='ocrx_word' id='word_1_351' title='bbox 101 2285 193 2306; x_wconf 90' lang='lat' dir='ltr'>nemo</span> <span class='ocrx_word' id='word_1_352' title='bbox 215 2277 419 2314; x_wconf 79' lang='lat' dir='ltr'>iustificetur,</span> <span class='ocrx_word' id='word_1_353' title='bbox 451 2277 526 2308; x_wconf 88' lang='lat' dir='ltr'>alibi</span> <span class='ocrx_word' id='word_1_354' title='bbox 554 2277 657 2309; x_wconf 84' lang='lat' dir='ltr'>fusius</span> <span class='ocrx_word' id='word_1_355' title='bbox 685 2277 816 2308; x_wconf 86' lang='lat' dir='ltr'>dicetur.</span> <span class='ocrx_word' id='word_1_356' title='bbox 860 2277 943 2307; x_wconf 88' lang='lat' dir='ltr'>Nam</span> <span class='ocrx_word' id='word_1_357' title='bbox 967 2275 1052 2316; x_wconf 92' lang='lat' dir='ltr'>quod</span> 
     </span>
     <span class='ocr_line' id='line_1_50' title="bbox 101 2317 1052 2355; baseline 0.003 -9"><span class='ocrx_word' id='word_1_358' title='bbox 101 2317 150 2347; x_wconf 83' lang='lat' dir='ltr'>lex</span> <span class='ocrx_word' id='word_1_359' title='bbox 185 2318 263 2349; x_wconf 87' lang='lat' dir='ltr'>iram</span> <span class='ocrx_word' id='word_1_360' title='bbox 297 2326 328 2350; x_wconf 90' lang='lat' dir='ltr'>et</span> <span class='ocrx_word' id='word_1_361' title='bbox 361 2320 617 2351; x_wconf 84' lang='lat' dir='ltr'>maledictionem</span> <span class='ocrx_word' id='word_1_362' title='bbox 651 2320 810 2351; x_wconf 79' lang='lat' dir='ltr'>duntaxat</span> <span class='ocrx_word' id='word_1_363' title='bbox 846 2320 954 2355; x_wconf 85' lang='lat' dir='ltr'>affert,</span> <span class='ocrx_word' id='word_1_364' title='bbox 990 2330 1052 2349; x_wconf 90' lang='lat' dir='ltr'>non</span> 
     </span>
     <span class='ocr_line' id='line_1_51' title="bbox 100 2359 1054 2401; baseline 0.003 -12"><span class='ocrx_word' id='word_1_365' title='bbox 100 2359 202 2390; x_wconf 89' lang='lat' dir='ltr'>oritur</span> <span class='ocrx_word' id='word_1_366' title='bbox 231 2371 267 2391; x_wconf 76' lang='lat' dir='ltr'>ex</span> <span class='ocrx_word' id='word_1_367' title='bbox 298 2362 422 2394; x_wconf 86' lang='lat' dir='ltr'>defectu</span> <span class='ocrx_word' id='word_1_368' title='bbox 453 2369 507 2393; x_wconf 85' lang='lat' dir='ltr'>aut</span> <span class='ocrx_word' id='word_1_369' title='bbox 538 2363 614 2394; x_wconf 89' lang='lat' dir='ltr'>vitio</span> <span class='ocrx_word' id='word_1_370' title='bbox 649 2363 827 2400; x_wconf 88' lang='lat' dir='ltr'>doctrinae,</span> <span class='ocrx_word' id='word_1_371' title='bbox 855 2362 910 2393; x_wconf 84' lang='lat' dir='ltr'>scd</span> <span class='ocrx_word' id='word_1_372' title='bbox 942 2362 1054 2401; x_wconf 88' lang='lat' dir='ltr'>culpae</span> 
     </span>
     <span class='ocr_line' id='line_1_52' title="bbox 101 2404 1054 2445; baseline 0.005 -15"><span class='ocrx_word' id='word_1_373' title='bbox 101 2408 228 2432; x_wconf 80' lang='lat' dir='ltr'>nostrae</span> <span class='ocrx_word' id='word_1_374' title='bbox 258 2404 475 2443; x_wconf 83' lang='lat' dir='ltr'>imputandum</span> <span class='ocrx_word' id='word_1_375' title='bbox 505 2407 629 2445; x_wconf 87' lang='lat' dir='ltr'>estqui</span> <span class='ocrx_word' id='word_1_376' title='bbox 659 2417 677 2437; x_wconf 91' lang='lat' dir='ltr'>a</span> <span class='ocrx_word' id='word_1_377' title='bbox 700 2406 823 2436; x_wconf 85' lang='lat' dir='ltr'>iustitia</span> <span class='ocrx_word' id='word_1_378' title='bbox 853 2416 948 2444; x_wconf 89' lang='lat' dir='ltr'>quam</span> <span class='ocrx_word' id='word_1_379' title='bbox 979 2415 1054 2436; x_wconf 90' lang='lat' dir='ltr'>con-</span> 
     </span>
     <span class='ocr_line' id='line_1_53' title="bbox 102 2445 808 2487; baseline 0.006 -13"><span class='ocrx_word' id='word_1_380' title='bbox 102 2445 183 2474; x_wconf 87' lang='lat' dir='ltr'>tinet</span> <span class='ocrx_word' id='word_1_381' title='bbox 205 2455 313 2476; x_wconf 85' lang='lat' dir='ltr'>sumus</span> <span class='ocrx_word' id='word_1_382' title='bbox 335 2449 441 2486; x_wconf 88' lang='lat' dir='ltr'>procul</span> <span class='ocrx_word' id='word_1_383' title='bbox 464 2449 589 2487; x_wconf 89' lang='lat' dir='ltr'>remoti,</span> <span class='ocrx_word' id='word_1_384' title='bbox 617 2449 680 2479; x_wconf 90' lang='lat' dir='ltr'>imo</span> <span class='ocrx_word' id='word_1_385' title='bbox 703 2448 808 2479; x_wconf 84' lang='lat' dir='ltr'>alieni.</span> 
     </span>
    </p>
   </div>
   <div class='ocr_carea' id='block_1_3' title="bbox 206 2662 652 2695">
    <p class='ocr_par' dir='ltr' id='par_1_3' title="bbox 206 2662 652 2695">
     <span class='ocr_line' id='line_1_54' title="bbox 206 2662 652 2695; baseline 0.016 -8"><span class='ocrx_word' id='word_1_386' title='bbox 206 2662 318 2688; x_wconf 79' lang='lat' dir='ltr'>Calvim‘</span> <span class='ocrx_word' id='word_1_387' title='bbox 335 2670 425 2695; x_wconf 78' lang='lat' dir='ltr'>opera.</span> <span class='ocrx_word' id='word_1_388' title='bbox 462 2665 518 2692; x_wconf 83' lang='lat' dir='ltr'>Vol.</span> <span class='ocrx_word' id='word_1_389' title='bbox 540 2667 652 2695; x_wconf 88' lang='lat' dir='ltr'><strong><em>XXIV.</em></strong></span> 
     </span>
    </p>
   </div>
   <div class='ocr_carea' id='block_1_4' title="bbox 813 179 1342 215">
    <p class='ocr_par' dir='ltr' id='par_1_4' title="bbox 813 179 1342 215">
     <span class='ocr_line' id='line_1_55' title="bbox 813 179 1342 215; baseline 0.009 -5"><span class='ocrx_word' id='word_1_390' title='bbox 813 179 1075 213; x_wconf 82' lang='lat' dir='ltr'><strong>PRAEFATIO</strong></span> <span class='ocrx_word' id='word_1_391' title='bbox 1100 181 1148 212; x_wconf 95' lang='lat' dir='ltr'>IN</span> <span class='ocrx_word' id='word_1_392' title='bbox 1172 182 1342 215; x_wconf 87' lang='lat' dir='ltr'><strong>LEGEM.</strong></span> 
     </span>
    </p>
   </div>
   <div class='ocr_carea' id='block_1_5' title="bbox 1075 307 1085 2635">
    <p class='ocr_par' dir='ltr' id='par_1_5' title="bbox 1075 307 1085 2635">
     <span class='ocr_line' id='line_1_56' title="bbox 1075 307 1085 2635; baseline 0 0"><span class='ocrx_word' id='word_1_393' title='bbox 1075 307 1085 2635; x_wconf 95' lang='lat' dir='ltr'> </span> 
     </span>
    </p>
   </div>
   <div class='ocr_carea' id='block_1_6' title="bbox 1408 188 2068 310">
    <p class='ocr_par' dir='ltr' id='par_1_6' title="bbox 1408 188 2068 310">
     <span class='ocr_line' id='line_1_57' title="bbox 2005 188 2068 219; baseline 0.016 -1"><span class='ocrx_word' id='word_1_394' title='bbox 2005 188 2068 219; x_wconf 73' lang='lat'>226</span> 
     </span>
     <span class='ocr_line' id='line_1_58' title="bbox 1408 278 1761 310; baseline 0 -1"><span class='ocrx_word' id='word_1_395' title='bbox 1408 279 1471 310; x_wconf 90' lang='lat' dir='ltr'>EX</span> <span class='ocrx_word' id='word_1_396' title='bbox 1489 278 1661 310; x_wconf 81' lang='lat' dir='ltr'>NUMER.</span> <span class='ocrx_word' id='word_1_397' title='bbox 1685 278 1761 310; x_wconf 88' lang='lat' dir='ltr'>XV.</span> 
     </span>
    </p>
   </div>
   <div class='ocr_carea' id='block_1_7' title="bbox 1100 359 2064 867">
    <p class='ocr_par' dir='ltr' id='par_1_7' title="bbox 1100 359 2064 867">
     <span class='ocr_line' id='line_1_59' title="bbox 1184 359 2055 404; baseline 0.008 -16"><span class='ocrx_word' id='word_1_398' title='bbox 1184 359 1234 404; x_wconf 53' lang='lat'>31.</span> <span class='ocrx_word' id='word_1_399' title='bbox 1258 359 1351 390; x_wconf 61' lang='lat' dir='ltr'>Dioett</span> <span class='ocrx_word' id='word_1_400' title='bbox 1374 361 1486 394; x_wconf 69' lang='grc' dir='ltr'><em>Ιθῖιουα</em></span> <span class='ocrx_word' id='word_1_401' title='bbox 1509 363 1549 394; x_wconf 77' lang='lat' dir='ltr'>ad</span> <span class='ocrx_word' id='word_1_402' title='bbox 1574 363 1697 400; x_wconf 82' lang='lat' dir='ltr'>Mosen,</span> <span class='ocrx_word' id='word_1_403' title='bbox 1720 364 1861 395; x_wconf 72' lang='lat' dir='ltr'>dicendo:</span> <span class='ocrx_word' id='word_1_404' title='bbox 1895 364 1946 396; x_wconf 83' lang='lat'>38.</span> <span class='ocrx_word' id='word_1_405' title='bbox 1973 364 2055 395; x_wconf 80' lang='lat' dir='ltr'>Allo-</span> 
     </span>
     <span class='ocr_line' id='line_1_60' title="bbox 1100 402 2059 449; baseline 0.007 -18"><span class='ocrx_word' id='word_1_406' title='bbox 1100 411 1190 449; x_wconf 70' lang='lat' dir='ltr'>quere</span> <span class='ocrx_word' id='word_1_407' title='bbox 1210 402 1291 440; x_wconf 73' lang='lat' dir='ltr'>filios</span> <span class='ocrx_word' id='word_1_408' title='bbox 1314 402 1423 442; x_wconf 69' lang='lat' dir='ltr'>Israel,</span> <span class='ocrx_word' id='word_1_409' title='bbox 1457 408 1483 435; x_wconf 79' lang='lat' dir='ltr'>et</span> <span class='ocrx_word' id='word_1_410' title='bbox 1505 406 1554 436; x_wconf 65' lang='lat' dir='ltr'>dic</span> <span class='ocrx_word' id='word_1_411' title='bbox 1576 406 1619 436; x_wconf 71' lang='lat' dir='ltr'>ets</span> <span class='ocrx_word' id='word_1_412' title='bbox 1641 408 1674 436; x_wconf 74' lang='lat' dir='ltr'>ut</span> <span class='ocrx_word' id='word_1_413' title='bbox 1694 406 1813 445; x_wconf 80' lang='lat' dir='ltr'>faciant</span> <span class='ocrx_word' id='word_1_414' title='bbox 1835 406 1896 437; x_wconf 67' lang='lat' dir='ltr'>sibi</span> <span class='ocrx_word' id='word_1_415' title='bbox 1916 406 2059 445; x_wconf 69' lang='lat' dir='ltr'>fimbrias</span> 
     </span>
     <span class='ocr_line' id='line_1_61' title="bbox 1100 444 2060 489; baseline 0.008 -16"><span class='ocrx_word' id='word_1_416' title='bbox 1100 454 1133 474; x_wconf 75' lang='lat' dir='ltr'>tn</span> <span class='ocrx_word' id='word_1_417' title='bbox 1168 444 1292 483; x_wconf 69' lang='lat' dir='ltr'>anqnlts</span> <span class='ocrx_word' id='word_1_418' title='bbox 1327 447 1566 478; x_wconf 71' lang='lat' dir='ltr'>vestimentorum</span> <span class='ocrx_word' id='word_1_419' title='bbox 1594 459 1733 485; x_wconf 76' lang='lat' dir='ltr'>snorum,</span> <span class='ocrx_word' id='word_1_420' title='bbox 1762 459 1820 488; x_wconf 77' lang='lat' dir='ltr'>per</span> <span class='ocrx_word' id='word_1_421' title='bbox 1850 450 2060 489; x_wconf 76' lang='lat' dir='ltr'>yenerationes</span> 
     </span>
     <span class='ocr_line' id='line_1_62' title="bbox 1100 489 2057 530; baseline 0.006 -13"><span class='ocrx_word' id='word_1_422' title='bbox 1100 496 1184 524; x_wconf 77' lang='lat' dir='ltr'>suas,</span> <span class='ocrx_word' id='word_1_423' title='bbox 1207 489 1234 517; x_wconf 77' lang='lat' dir='ltr'>et</span> <span class='ocrx_word' id='word_1_424' title='bbox 1250 491 1367 525; x_wconf 72' lang='lat' dir='ltr'>ponant</span> <span class='ocrx_word' id='word_1_425' title='bbox 1393 490 1422 519; x_wconf 73' lang='lat' dir='ltr'>tn</span> <span class='ocrx_word' id='word_1_426' title='bbox 1443 490 1568 528; x_wconf 68' lang='lat' dir='ltr'>fimbria</span> <span class='ocrx_word' id='word_1_427' title='bbox 1587 491 1694 530; x_wconf 72' lang='lat' dir='ltr'>anyulz&#39;</span> <span class='ocrx_word' id='word_1_428' title='bbox 1706 491 1795 530; x_wconf 73' lang='lat' dir='ltr'>silum</span> <span class='ocrx_word' id='word_1_429' title='bbox 1817 490 2057 530; x_wconf 74' lang='lat' dir='ltr'>hyacinthinum.</span> 
     </span>
     <span class='ocr_line' id='line_1_63' title="bbox 1101 528 2061 573; baseline 0.007 -14"><span class='ocrx_word' id='word_1_430' title='bbox 1101 529 1151 560; x_wconf 84' lang='lat'>39.</span> <span class='ocrx_word' id='word_1_431' title='bbox 1177 528 1219 559; x_wconf 90' lang='lat' dir='ltr'>Et</span> <span class='ocrx_word' id='word_1_432' title='bbox 1240 530 1298 560; x_wconf 81' lang='lat' dir='ltr'>erit</span> <span class='ocrx_word' id='word_1_433' title='bbox 1319 531 1401 562; x_wconf 78' lang='lat' dir='ltr'>vohis</span> <span class='ocrx_word' id='word_1_434' title='bbox 1421 532 1518 563; x_wconf 73' lang='lat' dir='ltr'>instar</span> <span class='ocrx_word' id='word_1_435' title='bbox 1538 532 1742 571; x_wconf 72' lang='lat' dir='ltr'>firnbrt‘armn,</span> <span class='ocrx_word' id='word_1_436' title='bbox 1766 533 1965 573; x_wconf 63' lang='lat' dir='ltr'>videbtttsque</span> <span class='ocrx_word' id='word_1_437' title='bbox 1983 545 2061 573; x_wconf 80' lang='lat' dir='ltr'>eam,</span> 
     </span>
     <span class='ocr_line' id='line_1_64' title="bbox 1101 571 2063 616; baseline 0.007 -15"><span class='ocrx_word' id='word_1_438' title='bbox 1101 575 1127 602; x_wconf 82' lang='lat' dir='ltr'>et</span> <span class='ocrx_word' id='word_1_439' title='bbox 1146 571 1383 603; x_wconf 63' lang='lat' dir='ltr'>recordabimini</span> <span class='ocrx_word' id='word_1_440' title='bbox 1405 576 1540 605; x_wconf 76' lang='lat' dir='ltr'>omniurn</span> <span class='ocrx_word' id='word_1_441' title='bbox 1556 579 1786 615; x_wconf 76' lang='lat' dir='ltr'>praeceptorum</span> <span class='ocrx_word' id='word_1_442' title='bbox 1810 576 1939 608; x_wconf 74' lang='lat' dir='ltr'>Ieltovae</span> <span class='ocrx_word' id='word_1_443' title='bbox 1960 580 1992 608; x_wconf 76' lang='lat' dir='ltr'>ut</span> <span class='ocrx_word' id='word_1_444' title='bbox 2012 577 2063 616; x_wconf 85' lang='lat' dir='ltr'>fa-</span> 
     </span>
     <span class='ocr_line' id='line_1_65' title="bbox 1101 615 2061 656; baseline 0.007 -12"><span class='ocrx_word' id='word_1_445' title='bbox 1101 615 1192 645; x_wconf 76' lang='lat' dir='ltr'>ctatis</span> <span class='ocrx_word' id='word_1_446' title='bbox 1215 624 1265 645; x_wconf 85' lang='lat' dir='ltr'>ea:</span> <span class='ocrx_word' id='word_1_447' title='bbox 1288 617 1314 645; x_wconf 85' lang='lat' dir='ltr'>et</span> <span class='ocrx_word' id='word_1_448' title='bbox 1337 625 1393 646; x_wconf 84' lang='lat' dir='ltr'>non</span> <span class='ocrx_word' id='word_1_449' title='bbox 1417 618 1572 656; x_wconf 69' lang='lat' dir='ltr'>asptctetts</span> <span class='ocrx_word' id='word_1_450' title='bbox 1589 621 1660 656; x_wconf 77' lang='lat' dir='ltr'>post</span> <span class='ocrx_word' id='word_1_451' title='bbox 1679 628 1729 650; x_wconf 85' lang='lat' dir='ltr'>cor</span> <span class='ocrx_word' id='word_1_452' title='bbox 1751 621 1891 652; x_wconf 71' lang='lat' dir='ltr'>vestrum,</span> <span class='ocrx_word' id='word_1_453' title='bbox 1915 622 1941 650; x_wconf 84' lang='lat' dir='ltr'>et</span> <span class='ocrx_word' id='word_1_454' title='bbox 1959 620 2061 651; x_wconf 76' lang='lat' dir='ltr'>oculos</span> 
     </span>
     <span class='ocr_line' id='line_1_66' title="bbox 1101 659 2060 700; baseline 0.007 -14"><span class='ocrx_word' id='word_1_455' title='bbox 1101 659 1223 694; x_wconf 80' lang='lat' dir='ltr'>vestros,</span> <span class='ocrx_word' id='word_1_456' title='bbox 1240 660 1312 695; x_wconf 73' lang='lat' dir='ltr'>post</span> <span class='ocrx_word' id='word_1_457' title='bbox 1324 668 1399 696; x_wconf 71' lang='lat' dir='ltr'>qnos</span> <span class='ocrx_word' id='word_1_458' title='bbox 1416 670 1467 690; x_wconf 76' lang='lat' dir='ltr'>vos</span> <span class='ocrx_word' id='word_1_459' title='bbox 1483 660 1689 699; x_wconf 71' lang='lat' dir='ltr'>fornicamini.</span> <span class='ocrx_word' id='word_1_460' title='bbox 1720 661 1770 692; x_wconf 87' lang='lat'>40.</span> <span class='ocrx_word' id='word_1_461' title='bbox 1797 660 1835 692; x_wconf 91' lang='lat' dir='ltr'>Ut</span> <span class='ocrx_word' id='word_1_462' title='bbox 1852 662 2060 700; x_wconf 70' lang='lat' dir='ltr'>recordemini,</span> 
     </span>
     <span class='ocr_line' id='line_1_67' title="bbox 1102 700 2062 743; baseline 0.008 -15"><span class='ocrx_word' id='word_1_463' title='bbox 1102 700 1251 738; x_wconf 85' lang='lat' dir='ltr'>inquam,</span> <span class='ocrx_word' id='word_1_464' title='bbox 1281 702 1307 729; x_wconf 79' lang='lat' dir='ltr'>ot</span> <span class='ocrx_word' id='word_1_465' title='bbox 1334 701 1458 739; x_wconf 66' lang='lat' dir='ltr'>sociatis</span> <span class='ocrx_word' id='word_1_466' title='bbox 1485 703 1586 732; x_wconf 71' lang='lat' dir='ltr'>omnia</span> <span class='ocrx_word' id='word_1_467' title='bbox 1609 706 1788 743; x_wconf 73' lang='lat' dir='ltr'>praecepta,</span> <span class='ocrx_word' id='word_1_468' title='bbox 1822 706 1849 734; x_wconf 82' lang='lat' dir='ltr'>et</span> <span class='ocrx_word' id='word_1_469' title='bbox 1869 705 1940 735; x_wconf 80' lang='lat' dir='ltr'>sitis</span> <span class='ocrx_word' id='word_1_470' title='bbox 1962 706 2062 736; x_wconf 65' lang='lat' dir='ltr'>semoti</span> 
     </span>
     <span class='ocr_line' id='line_1_68' title="bbox 1103 741 2062 786; baseline 0.006 -14"><span class='ocrx_word' id='word_1_471' title='bbox 1103 741 1170 773; x_wconf 88' lang='lat' dir='ltr'>Deo</span> <span class='ocrx_word' id='word_1_472' title='bbox 1194 744 1295 772; x_wconf 76' lang='lat' dir='ltr'>vestro.</span> <span class='ocrx_word' id='word_1_473' title='bbox 1340 743 1389 773; x_wconf 80' lang='lat'>41.</span> <span class='ocrx_word' id='word_1_474' title='bbox 1415 744 1480 784; x_wconf 71' lang='lat' dir='ltr'>Eyo</span> <span class='ocrx_word' id='word_1_475' title='bbox 1504 744 1615 775; x_wconf 72' lang='lat' dir='ltr'>Ieltova</span> <span class='ocrx_word' id='word_1_476' title='bbox 1638 745 1725 776; x_wconf 74' lang='lat' dir='ltr'>Deus</span> <span class='ocrx_word' id='word_1_477' title='bbox 1747 748 1855 784; x_wconf 78' lang='lat' dir='ltr'>vester,</span> <span class='ocrx_word' id='word_1_478' title='bbox 1890 747 1944 786; x_wconf 75' lang='lat' dir='ltr'>qui</span> <span class='ocrx_word' id='word_1_479' title='bbox 1967 747 2062 778; x_wconf 74' lang='lat' dir='ltr'>eduxi</span> 
     </span>
     <span class='ocr_line' id='line_1_69' title="bbox 1102 785 2064 830; baseline 0.007 -16"><span class='ocrx_word' id='word_1_480' title='bbox 1102 794 1153 815; x_wconf 80' lang='lat' dir='ltr'>vos</span> <span class='ocrx_word' id='word_1_481' title='bbox 1176 794 1191 814; x_wconf 86' lang='lat' dir='ltr'>e</span> <span class='ocrx_word' id='word_1_482' title='bbox 1219 787 1301 815; x_wconf 78' lang='lat' dir='ltr'>terra</span> <span class='ocrx_word' id='word_1_483' title='bbox 1325 785 1465 825; x_wconf 67' lang='lat' dir='ltr'>Aeyyptt,</span> <span class='ocrx_word' id='word_1_484' title='bbox 1495 789 1528 817; x_wconf 72' lang='lat' dir='ltr'>nt</span> <span class='ocrx_word' id='word_1_485' title='bbox 1560 797 1653 818; x_wconf 77' lang='lat' dir='ltr'>essem</span> <span class='ocrx_word' id='word_1_486' title='bbox 1681 789 1765 820; x_wconf 76' lang='lat' dir='ltr'>vobis</span> <span class='ocrx_word' id='word_1_487' title='bbox 1793 789 1827 820; x_wconf 72' lang='lat' dir='ltr'>in</span> <span class='ocrx_word' id='word_1_488' title='bbox 1856 788 1976 821; x_wconf 74' lang='lat' dir='ltr'>Deum:</span> <span class='ocrx_word' id='word_1_489' title='bbox 2011 799 2064 830; x_wconf 73' lang='lat' dir='ltr'>eqo</span> 
     </span>
     <span class='ocr_line' id='line_1_70' title="bbox 1102 826 1614 867; baseline 0.006 -10"><span class='ocrx_word' id='word_1_490' title='bbox 1102 827 1243 867; x_wconf 83' lang='lat' dir='ltr'>inquam,</span> <span class='ocrx_word' id='word_1_491' title='bbox 1268 826 1379 858; x_wconf 73' lang='lat' dir='ltr'>Ieltova</span> <span class='ocrx_word' id='word_1_492' title='bbox 1403 829 1489 860; x_wconf 76' lang='lat' dir='ltr'>Dens</span> <span class='ocrx_word' id='word_1_493' title='bbox 1512 832 1614 860; x_wconf 77' lang='lat' dir='ltr'>vester.</span> 
     </span>
    </p>
   </div>
   <div class='ocr_carea' id='block_1_8' title="bbox 1189 997 1978 1074">
    <p class='ocr_par' dir='ltr' id='par_1_8' title="bbox 1189 997 1978 1074">
     <span class='ocr_line' id='line_1_71' title="bbox 1189 997 1978 1032; baseline 0.008 -5"><span class='ocrx_word' id='word_1_494' title='bbox 1189 997 1434 1029; x_wconf 80' lang='lat' dir='ltr'>REPETITIO</span> <span class='ocrx_word' id='word_1_495' title='bbox 1459 998 1660 1030; x_wconf 79' lang='lat' dir='ltr'><strong>EIUSDEM</strong></span> <span class='ocrx_word' id='word_1_496' title='bbox 1680 1000 1978 1032; x_wconf 81' lang='lat' dir='ltr'>SENTENTIAE.</span> 
     </span>
     <span class='ocr_line' id='line_1_72' title="bbox 1434 1041 1730 1074; baseline 0.007 -3"><span class='ocrx_word' id='word_1_497' title='bbox 1434 1041 1497 1072; x_wconf 81' lang='lat' dir='ltr'>EX</span> <span class='ocrx_word' id='word_1_498' title='bbox 1521 1041 1651 1073; x_wconf 82' lang='lat' dir='ltr'>DEUT.</span> <span class='ocrx_word' id='word_1_499' title='bbox 1672 1042 1730 1074; x_wconf 90' lang='lat' dir='ltr'>VI.</span> 
     </span>
    </p>
   </div>
   <div class='ocr_carea' id='block_1_9' title="bbox 1099 1125 2067 1420">
    <p class='ocr_par' dir='ltr' id='par_1_9' title="bbox 1099 1125 2067 1420">
     <span class='ocr_line' id='line_1_73' title="bbox 1189 1125 2066 1168; baseline 0.005 -12"><span class='ocrx_word' id='word_1_500' title='bbox 1189 1125 1217 1156; x_wconf 89' lang='grc'>6.</span> <span class='ocrx_word' id='word_1_501' title='bbox 1242 1125 1347 1156; x_wconf 78' lang='lat' dir='ltr'>Erunt</span> <span class='ocrx_word' id='word_1_502' title='bbox 1370 1126 1459 1157; x_wconf 71' lang='lat' dir='ltr'>rerba</span> <span class='ocrx_word' id='word_1_503' title='bbox 1482 1126 1552 1157; x_wconf 72' lang='lat' dir='ltr'>haec</span> <span class='ocrx_word' id='word_1_504' title='bbox 1582 1137 1659 1165; x_wconf 77' lang='lat' dir='ltr'>quae</span> <span class='ocrx_word' id='word_1_505' title='bbox 1687 1138 1738 1168; x_wconf 75' lang='lat' dir='ltr'>eqo</span> <span class='ocrx_word' id='word_1_506' title='bbox 1755 1129 1916 1167; x_wconf 74' lang='lat' dir='ltr'>praecipio</span> <span class='ocrx_word' id='word_1_507' title='bbox 1938 1129 1993 1160; x_wconf 71' lang='lat' dir='ltr'>tibi</span> <span class='ocrx_word' id='word_1_508' title='bbox 2015 1129 2066 1160; x_wconf 72' lang='lat' dir='ltr'>lto-</span> 
     </span>
     <span class='ocr_line' id='line_1_74' title="bbox 1103 1167 2064 1212; baseline 0.005 -14"><span class='ocrx_word' id='word_1_509' title='bbox 1103 1167 1161 1205; x_wconf 72' lang='lat' dir='ltr'>die,</span> <span class='ocrx_word' id='word_1_510' title='bbox 1195 1168 1228 1198; x_wconf 76' lang='lat' dir='ltr'>in</span> <span class='ocrx_word' id='word_1_511' title='bbox 1251 1169 1337 1200; x_wconf 80' lang='lat' dir='ltr'>corde</span> <span class='ocrx_word' id='word_1_512' title='bbox 1360 1171 1418 1199; x_wconf 71' lang='lat' dir='ltr'>tcto.</span> <span class='ocrx_word' id='word_1_513' title='bbox 1464 1169 1491 1199; x_wconf 85' lang='lat'>7.</span> <span class='ocrx_word' id='word_1_514' title='bbox 1515 1167 1557 1199; x_wconf 85' lang='lat' dir='ltr'>Et</span> <span class='ocrx_word' id='word_1_515' title='bbox 1578 1170 1703 1201; x_wconf 76' lang='lat' dir='ltr'>iteraln&#39;s</span> <span class='ocrx_word' id='word_1_516' title='bbox 1720 1170 1742 1212; x_wconf 88' lang='lat'>¹)</span> <span class='ocrx_word' id='word_1_517' title='bbox 1773 1181 1808 1202; x_wconf 81' lang='lat' dir='ltr'>ea</span> <span class='ocrx_word' id='word_1_518' title='bbox 1828 1172 1906 1210; x_wconf 72' lang='lat' dir='ltr'>filiis</span> <span class='ocrx_word' id='word_1_519' title='bbox 1928 1172 2006 1209; x_wconf 80' lang='lat' dir='ltr'>tuis,</span> <span class='ocrx_word' id='word_1_520' title='bbox 2037 1174 2064 1203; x_wconf 82' lang='lat' dir='ltr'>et</span> 
     </span>
     <span class='ocr_line' id='line_1_75' title="bbox 1104 1210 2066 1253; baseline 0.006 -13"><span class='ocrx_word' id='word_1_521' title='bbox 1104 1210 1234 1241; x_wconf 76' lang='lat' dir='ltr'>disseres</span> <span class='ocrx_word' id='word_1_522' title='bbox 1255 1211 1292 1242; x_wconf 84' lang='lat' dir='ltr'>de</span> <span class='ocrx_word' id='word_1_523' title='bbox 1314 1211 1394 1249; x_wconf 69' lang='lat' dir='ltr'>ipsis</span> <span class='ocrx_word' id='word_1_524' title='bbox 1412 1212 1516 1242; x_wconf 71' lang='lat' dir='ltr'>sedens</span> <span class='ocrx_word' id='word_1_525' title='bbox 1534 1213 1616 1243; x_wconf 62' lang='lat' dir='ltr'>domi</span> <span class='ocrx_word' id='word_1_526' title='bbox 1638 1215 1714 1251; x_wconf 76' lang='lat' dir='ltr'>tuae,</span> <span class='ocrx_word' id='word_1_527' title='bbox 1736 1214 1794 1244; x_wconf 72' lang='lat' dir='ltr'>iter</span> <span class='ocrx_word' id='word_1_528' title='bbox 1810 1213 1938 1253; x_wconf 78' lang='lat' dir='ltr'>faciens,</span> <span class='ocrx_word' id='word_1_529' title='bbox 1962 1215 2066 1246; x_wconf 75' lang='lat' dir='ltr'>iacens</span> 
     </span>
     <span class='ocr_line' id='line_1_76' title="bbox 1105 1253 2066 1296; baseline 0.005 -13"><span class='ocrx_word' id='word_1_530' title='bbox 1105 1253 1139 1283; x_wconf 76' lang='lat' dir='ltr'>in</span> <span class='ocrx_word' id='word_1_531' title='bbox 1162 1253 1241 1289; x_wconf 77' lang='lat' dir='ltr'>lecto,</span> <span class='ocrx_word' id='word_1_532' title='bbox 1266 1256 1291 1284; x_wconf 84' lang='lat' dir='ltr'>et</span> <span class='ocrx_word' id='word_1_533' title='bbox 1313 1264 1450 1293; x_wconf 70' lang='lat' dir='ltr'>snryens.</span> <span class='ocrx_word' id='word_1_534' title='bbox 1499 1255 1526 1285; x_wconf 80' lang='lat' dir='ltr'>S.</span> <span class='ocrx_word' id='word_1_535' title='bbox 1558 1255 1599 1285; x_wconf 88' lang='lat' dir='ltr'>Et</span> <span class='ocrx_word' id='word_1_536' title='bbox 1628 1255 1739 1295; x_wconf 70' lang='lat' dir='ltr'>liyabis</span> <span class='ocrx_word' id='word_1_537' title='bbox 1768 1266 1803 1286; x_wconf 77' lang='lat' dir='ltr'>ea</span> <span class='ocrx_word' id='word_1_538' title='bbox 1830 1257 1863 1287; x_wconf 76' lang='lat' dir='ltr'>in</span> <span class='ocrx_word' id='word_1_539' title='bbox 1886 1257 2010 1296; x_wconf 70' lang='lat' dir='ltr'>siynum</span> <span class='ocrx_word' id='word_1_540' title='bbox 2033 1257 2066 1288; x_wconf 72' lang='lat' dir='ltr'>in</span> 
     </span>
     <span class='ocr_line' id='line_1_77' title="bbox 1105 1297 2064 1336; baseline 0.006 -11"><span class='ocrx_word' id='word_1_541' title='bbox 1105 1305 1201 1326; x_wconf 77' lang='lat' dir='ltr'>manu</span> <span class='ocrx_word' id='word_1_542' title='bbox 1234 1298 1301 1326; x_wconf 77' lang='lat' dir='ltr'>tna:</span> <span class='ocrx_word' id='word_1_543' title='bbox 1329 1298 1355 1326; x_wconf 81' lang='lat' dir='ltr'>et</span> <span class='ocrx_word' id='word_1_544' title='bbox 1387 1300 1473 1328; x_wconf 77' lang='lat' dir='ltr'>ernnt</span> <span class='ocrx_word' id='word_1_545' title='bbox 1506 1298 1539 1328; x_wconf 80' lang='lat' dir='ltr'>tn</span> <span class='ocrx_word' id='word_1_546' title='bbox 1570 1297 1718 1336; x_wconf 70' lang='lat' dir='ltr'>frontalia</span> <span class='ocrx_word' id='word_1_547' title='bbox 1748 1298 1826 1329; x_wconf 78' lang='lat' dir='ltr'>inter</span> <span class='ocrx_word' id='word_1_548' title='bbox 1854 1299 1956 1330; x_wconf 78' lang='lat' dir='ltr'>oculos</span> <span class='ocrx_word' id='word_1_549' title='bbox 1985 1302 2064 1331; x_wconf 80' lang='lat' dir='ltr'>tuos.</span> 
     </span>
     <span class='ocr_line' id='line_1_78' title="bbox 1105 1338 2067 1381; baseline 0.005 -13"><span class='ocrx_word' id='word_1_550' title='bbox 1105 1338 1133 1368; x_wconf 86' lang='lat'>9.</span> <span class='ocrx_word' id='word_1_551' title='bbox 1160 1338 1281 1369; x_wconf 75' lang='lat' dir='ltr'>Scribes</span> <span class='ocrx_word' id='word_1_552' title='bbox 1302 1349 1416 1378; x_wconf 68' lang='lat' dir='ltr'>quoqne</span> <span class='ocrx_word' id='word_1_553' title='bbox 1443 1350 1479 1371; x_wconf 83' lang='grc' dir='ltr'>θα</span> <span class='ocrx_word' id='word_1_554' title='bbox 1501 1340 1533 1370; x_wconf 76' lang='lat' dir='ltr'>tn</span> <span class='ocrx_word' id='word_1_555' title='bbox 1552 1340 1690 1379; x_wconf 70' lang='lat' dir='ltr'>postibus</span> <span class='ocrx_word' id='word_1_556' title='bbox 1719 1341 1828 1372; x_wconf 77' lang='lat' dir='ltr'>domus</span> <span class='ocrx_word' id='word_1_557' title='bbox 1857 1344 1942 1381; x_wconf 79' lang='lat' dir='ltr'>tuae,</span> <span class='ocrx_word' id='word_1_558' title='bbox 1975 1344 2003 1373; x_wconf 83' lang='lat' dir='ltr'>et</span> <span class='ocrx_word' id='word_1_559' title='bbox 2032 1343 2067 1374; x_wconf 79' lang='lat' dir='ltr'>in</span> 
     </span>
     <span class='ocr_line' id='line_1_79' title="bbox 1099 1381 1294 1420; baseline 0 -9"><span class='ocrx_word' id='word_1_560' title='bbox 1099 1381 1201 1420; x_wconf 73' lang='lat' dir='ltr'>portis</span> <span class='ocrx_word' id='word_1_561' title='bbox 1223 1381 1294 1412; x_wconf 78' lang='lat' dir='ltr'>tuis.</span> 
     </span>
    </p>
   </div>
   <div class='ocr_carea' id='block_1_10' title="bbox 1180 1551 1993 1585">
    <p class='ocr_par' dir='ltr' id='par_1_10' title="bbox 1180 1551 1993 1585">
     <span class='ocr_line' id='line_1_80' title="bbox 1180 1551 1993 1585; baseline 0.005 -4"><span class='ocrx_word' id='word_1_562' title='bbox 1180 1551 1365 1582; x_wconf 81' lang='lat' dir='ltr'><strong>ALTERA</strong></span> <span class='ocrx_word' id='word_1_563' title='bbox 1389 1551 1644 1583; x_wconf 75' lang='lat' dir='ltr'>REPETITIO.</span> <span class='ocrx_word' id='word_1_564' title='bbox 1690 1552 1753 1583; x_wconf 87' lang='lat' dir='ltr'>EX</span> <span class='ocrx_word' id='word_1_565' title='bbox 1776 1552 1908 1585; x_wconf 81' lang='lat' dir='ltr'>DEUT.</span> <span class='ocrx_word' id='word_1_566' title='bbox 1932 1553 1993 1585; x_wconf 89' lang='lat' dir='ltr'>XI.</span> 
     </span>
    </p>
   </div>
   <div class='ocr_carea' id='block_1_11' title="bbox 1104 1636 2066 1932">
    <p class='ocr_par' dir='ltr' id='par_1_11' title="bbox 1104 1636 2066 1932">
     <span class='ocr_line' id='line_1_81' title="bbox 1192 1636 2064 1674; baseline 0.003 -8"><span class='ocrx_word' id='word_1_567' title='bbox 1192 1636 1240 1667; x_wconf 79' lang='lat'>18.</span> <span class='ocrx_word' id='word_1_568' title='bbox 1268 1636 1374 1667; x_wconf 76' lang='lat' dir='ltr'>Ponite</span> <span class='ocrx_word' id='word_1_569' title='bbox 1396 1637 1487 1667; x_wconf 80' lang='lat' dir='ltr'>verba</span> <span class='ocrx_word' id='word_1_570' title='bbox 1509 1637 1580 1667; x_wconf 70' lang='lat' dir='ltr'>leaeo</span> <span class='ocrx_word' id='word_1_571' title='bbox 1606 1638 1639 1668; x_wconf 65' lang='lat' dir='ltr'>rin</span> <span class='ocrx_word' id='word_1_572' title='bbox 1661 1638 1747 1669; x_wconf 79' lang='lat' dir='ltr'>corde</span> <span class='ocrx_word' id='word_1_573' title='bbox 1769 1640 1878 1674; x_wconf 81' lang='lat' dir='ltr'>vestro,</span> <span class='ocrx_word' id='word_1_574' title='bbox 1913 1640 1940 1668; x_wconf 83' lang='lat' dir='ltr'>et</span> <span class='ocrx_word' id='word_1_575' title='bbox 1962 1638 2064 1670; x_wconf 70' lang='lat' dir='ltr'>animo</span> 
     </span>
     <span class='ocr_line' id='line_1_82' title="bbox 1105 1680 2064 1720; baseline 0.003 -12"><span class='ocrx_word' id='word_1_576' title='bbox 1105 1681 1211 1717; x_wconf 76' lang='lat' dir='ltr'>vestro,</span> <span class='ocrx_word' id='word_1_577' title='bbox 1243 1681 1331 1717; x_wconf 74' lang='lat' dir='ltr'>atque</span> <span class='ocrx_word' id='word_1_578' title='bbox 1363 1690 1398 1710; x_wconf 82' lang='lat' dir='ltr'>ea</span> <span class='ocrx_word' id='word_1_579' title='bbox 1427 1680 1517 1719; x_wconf 69' lang='lat' dir='ltr'>ligyate</span> <span class='ocrx_word' id='word_1_580' title='bbox 1545 1680 1578 1710; x_wconf 66' lang='lat' dir='ltr'>tn</span> <span class='ocrx_word' id='word_1_581' title='bbox 1606 1681 1728 1720; x_wconf 68' lang='lat' dir='ltr'>siynum</span> <span class='ocrx_word' id='word_1_582' title='bbox 1760 1681 1794 1711; x_wconf 60' lang='lat' dir='ltr'>‘in</span> <span class='ocrx_word' id='word_1_583' title='bbox 1826 1690 1922 1711; x_wconf 80' lang='lat' dir='ltr'>manu</span> <span class='ocrx_word' id='word_1_584' title='bbox 1954 1683 2064 1719; x_wconf 78' lang='lat' dir='ltr'>vestra,</span> 
     </span>
     <span class='ocr_line' id='line_1_83' title="bbox 1105 1722 2065 1760; baseline 0.003 -9"><span class='ocrx_word' id='word_1_585' title='bbox 1105 1722 1226 1760; x_wconf 77' lang='lat' dir='ltr'>sintque</span> <span class='ocrx_word' id='word_1_586' title='bbox 1260 1722 1293 1752; x_wconf 73' lang='lat' dir='ltr'>in</span> <span class='ocrx_word' id='word_1_587' title='bbox 1323 1722 1472 1760; x_wconf 70' lang='lat' dir='ltr'>frontalia</span> <span class='ocrx_word' id='word_1_588' title='bbox 1508 1723 1584 1752; x_wconf 78' lang='lat' dir='ltr'>inter</span> <span class='ocrx_word' id='word_1_589' title='bbox 1617 1723 1716 1753; x_wconf 79' lang='lat' dir='ltr'>ocnlos</span> <span class='ocrx_word' id='word_1_590' title='bbox 1748 1725 1870 1754; x_wconf 77' lang='lat' dir='ltr'>vestros.</span> <span class='ocrx_word' id='word_1_591' title='bbox 1937 1723 1985 1754; x_wconf 85' lang='lat'>19.</span> <span class='ocrx_word' id='word_1_592' title='bbox 2021 1723 2065 1755; x_wconf 87' lang='lat' dir='ltr'>Et</span> 
     </span>
     <span class='ocr_line' id='line_1_84' title="bbox 1105 1764 2064 1805; baseline 0.002 -11"><span class='ocrx_word' id='word_1_593' title='bbox 1105 1764 1202 1794; x_wconf 67' lang='lat' dir='ltr'>docete</span> <span class='ocrx_word' id='word_1_594' title='bbox 1235 1775 1271 1794; x_wconf 80' lang='grc' dir='ltr'>θα</span> <span class='ocrx_word' id='word_1_595' title='bbox 1301 1765 1385 1803; x_wconf 70' lang='lat' dir='ltr'>filios</span> <span class='ocrx_word' id='word_1_596' title='bbox 1418 1767 1538 1802; x_wconf 61' lang='lat' dir='ltr'>‘z·&lt;¹.slros‚</span> <span class='ocrx_word' id='word_1_597' title='bbox 1570 1767 1603 1795; x_wconf 67' lang='lat' dir='ltr'>ut</span> <span class='ocrx_word' id='word_1_598' title='bbox 1635 1766 1803 1803; x_wconf 55' lang='lat' dir='ltr'>loquamini,</span> <span class='ocrx_word' id='word_1_599' title='bbox 1822 1766 1858 1796; x_wconf 80' lang='lat' dir='ltr'>de</span> <span class='ocrx_word' id='word_1_600' title='bbox 1891 1765 1935 1796; x_wconf 81' lang='lat' dir='ltr'>eis</span> <span class='ocrx_word' id='word_1_601' title='bbox 1969 1776 2064 1805; x_wconf 72' lang='lat' dir='ltr'>qaum</span> 
     </span>
     <span class='ocr_line' id='line_1_85' title="bbox 1105 1807 2065 1847; baseline 0.001 -10"><span class='ocrx_word' id='word_1_602' title='bbox 1105 1807 1221 1837; x_wconf 67' lang='lat' dir='ltr'>sedetis</span> <span class='ocrx_word' id='word_1_603' title='bbox 1239 1807 1321 1838; x_wconf 74' lang='lat' dir='ltr'>domt&#39;</span> <span class='ocrx_word' id='word_1_604' title='bbox 1338 1810 1415 1842; x_wconf 65' lang='lat' dir='ltr'>tuae,</span> <span class='ocrx_word' id='word_1_605' title='bbox 1440 1810 1465 1837; x_wconf 80' lang='lat' dir='ltr'>et</span> <span class='ocrx_word' id='word_1_606' title='bbox 1477 1818 1569 1846; x_wconf 64' lang='lat' dir='ltr'>(lectam</span> <span class='ocrx_word' id='word_1_607' title='bbox 1581 1807 1751 1838; x_wconf 68' lang='lat' dir='ltr'>ambulabis</span> <span class='ocrx_word' id='word_1_608' title='bbox 1758 1818 1817 1846; x_wconf 77' lang='lat' dir='ltr'>per</span> <span class='ocrx_word' id='word_1_609' title='bbox 1835 1808 1933 1838; x_wconf 71' lang='lat' dir='ltr'>viam:</span> <span class='ocrx_word' id='word_1_610' title='bbox 1957 1818 2065 1847; x_wconf 79' lang='lat' dir='ltr'>quum-</span> 
     </span>
     <span class='ocr_line' id='line_1_86' title="bbox 1105 1850 2066 1890; baseline 0.003 -11"><span class='ocrx_word' id='word_1_611' title='bbox 1105 1860 1161 1888; x_wconf 75' lang='lat' dir='ltr'>que</span> <span class='ocrx_word' id='word_1_612' title='bbox 1189 1850 1300 1880; x_wconf 74' lang='lat' dir='ltr'>iacebis</span> <span class='ocrx_word' id='word_1_613' title='bbox 1331 1850 1364 1880; x_wconf 75' lang='lat' dir='ltr'>in</span> <span class='ocrx_word' id='word_1_614' title='bbox 1394 1850 1479 1886; x_wconf 77' lang='lat' dir='ltr'>lecto,</span> <span class='ocrx_word' id='word_1_615' title='bbox 1514 1853 1539 1879; x_wconf 74' lang='lat' dir='ltr'>ct</span> <span class='ocrx_word' id='word_1_616' title='bbox 1572 1860 1666 1888; x_wconf 72' lang='lat' dir='ltr'>(snum</span> <span class='ocrx_word' id='word_1_617' title='bbox 1695 1860 1810 1890; x_wconf 72' lang='lat' dir='ltr'>snryes.</span> <span class='ocrx_word' id='word_1_618' title='bbox 1863 1850 1912 1881; x_wconf 78' lang='lat'>20.</span> <span class='ocrx_word' id='word_1_619' title='bbox 1945 1850 2066 1882; x_wconf 66' lang='lat' dir='ltr'>Scribas</span> 
     </span>
     <span class='ocr_line' id='line_1_87' title="bbox 1104 1892 2064 1932; baseline 0.003 -10"><span class='ocrx_word' id='word_1_620' title='bbox 1104 1902 1221 1931; x_wconf 73' lang='lat' dir='ltr'>qnoque</span> <span class='ocrx_word' id='word_1_621' title='bbox 1244 1903 1280 1923; x_wconf 84' lang='grc' dir='ltr'>θα</span> <span class='ocrx_word' id='word_1_622' title='bbox 1302 1892 1335 1923; x_wconf 60' lang='lat' dir='ltr'>&#39;in</span> <span class='ocrx_word' id='word_1_623' title='bbox 1353 1893 1494 1931; x_wconf 72' lang='lat' dir='ltr'>postibus</span> <span class='ocrx_word' id='word_1_624' title='bbox 1514 1893 1621 1923; x_wconf 63' lang='lat' dir='ltr'>domus*</span> <span class='ocrx_word' id='word_1_625' title='bbox 1643 1895 1727 1930; x_wconf 80' lang='lat' dir='ltr'>tuae,</span> <span class='ocrx_word' id='word_1_626' title='bbox 1756 1896 1783 1923; x_wconf 82' lang='lat' dir='ltr'>et</span> <span class='ocrx_word' id='word_1_627' title='bbox 1811 1893 1842 1923; x_wconf 71' lang='lat' dir='ltr'>in</span> <span class='ocrx_word' id='word_1_628' title='bbox 1868 1893 1969 1932; x_wconf 74' lang='lat' dir='ltr'>portis</span> <span class='ocrx_word' id='word_1_629' title='bbox 1990 1894 2064 1925; x_wconf 78' lang='lat' dir='ltr'>tuis.</span> 
     </span>
    </p>
   </div>
   <div class='ocr_carea' id='block_1_12' title="bbox 1191 2061 2065 2186">
    <p class='ocr_par' dir='ltr' id='par_1_12' title="bbox 1191 2061 2065 2186">
     <span class='ocr_line' id='line_1_88' title="bbox 1391 2061 1777 2093; baseline 0 -1"><span class='ocrx_word' id='word_1_630' title='bbox 1391 2062 1455 2093; x_wconf 89' lang='lat' dir='ltr'>EX</span> <span class='ocrx_word' id='word_1_631' title='bbox 1478 2061 1623 2093; x_wconf 84' lang='lat' dir='ltr'>EXODI</span> <span class='ocrx_word' id='word_1_632' title='bbox 1645 2061 1777 2092; x_wconf 86' lang='lat' dir='ltr'>XXIII.</span> 
     </span>
     <span class='ocr_line' id='line_1_89' title="bbox 1191 2146 2065 2186; baseline 0 -7"><span class='ocrx_word' id='word_1_633' title='bbox 1191 2148 1238 2180; x_wconf 86' lang='lat'>13.</span> <span class='ocrx_word' id='word_1_634' title='bbox 1264 2149 1305 2179; x_wconf 83' lang='lat' dir='ltr'>In</span> <span class='ocrx_word' id='word_1_635' title='bbox 1327 2147 1466 2179; x_wconf 75' lang='lat' dir='ltr'>omnibus</span> <span class='ocrx_word' id='word_1_636' title='bbox 1489 2157 1565 2186; x_wconf 77' lang='lat' dir='ltr'>quae</span> <span class='ocrx_word' id='word_1_637' title='bbox 1582 2146 1726 2186; x_wconf 69' lang='lat' dir='ltr'>praecept</span> <span class='ocrx_word' id='word_1_638' title='bbox 1747 2146 1841 2183; x_wconf 75' lang='lat' dir='ltr'>vobis,</span> <span class='ocrx_word' id='word_1_639' title='bbox 1864 2147 1946 2177; x_wconf 70' lang='lat' dir='ltr'>cauti</span> <span class='ocrx_word' id='word_1_640' title='bbox 1968 2147 2065 2180; x_wconf 77' lang='lat' dir='ltr'>eritis.</span> 
     </span>
    </p>
   </div>
   <div class='ocr_carea' id='block_1_13' title="bbox 1104 2231 2067 2569">
    <p class='ocr_par' dir='ltr' id='par_1_13' title="bbox 1104 2231 2067 2569">
     <span class='ocr_line' id='line_1_90' title="bbox 1189 2231 2063 2271; baseline -0.001 -7"><span class='ocrx_word' id='word_1_641' title='bbox 1189 2234 1286 2264; x_wconf 87' lang='lat' dir='ltr'>Num.</span> <span class='ocrx_word' id='word_1_642' title='bbox 1313 2233 1360 2271; x_wconf 80' lang='lat'>15,</span> <span class='ocrx_word' id='word_1_643' title='bbox 1391 2232 1441 2263; x_wconf 79' lang='lat'>38.</span> <span class='ocrx_word' id='word_1_644' title='bbox 1498 2232 1658 2271; x_wconf 52' lang='lat' dir='ltr'>„ltloqzwre</span> <span class='ocrx_word' id='word_1_645' title='bbox 1684 2231 1766 2269; x_wconf 67' lang='lat' dir='ltr'>filios</span> <span class='ocrx_word' id='word_1_646' title='bbox 1796 2231 1905 2262; x_wconf 74' lang='lat' dir='ltr'>Israel.</span> <span class='ocrx_word' id='word_1_647' title='bbox 1961 2232 2063 2264; x_wconf 89' lang='lat' dir='ltr'>Paulo</span> 
     </span>
     <span class='ocr_line' id='line_1_91' title="bbox 1104 2274 2063 2317; baseline -0.002 -10"><span class='ocrx_word' id='word_1_648' title='bbox 1104 2280 1177 2317; x_wconf 91' lang='lat' dir='ltr'>post</span> <span class='ocrx_word' id='word_1_649' title='bbox 1199 2276 1301 2307; x_wconf 87' lang='lat' dir='ltr'>fusius</span> <span class='ocrx_word' id='word_1_650' title='bbox 1325 2285 1483 2315; x_wconf 79' lang='lat' dir='ltr'>exponam</span> <span class='ocrx_word' id='word_1_651' title='bbox 1508 2275 1603 2305; x_wconf 87' lang='lat' dir='ltr'>huius</span> <span class='ocrx_word' id='word_1_652' title='bbox 1627 2274 1785 2313; x_wconf 85' lang='lat' dir='ltr'>praecepti</span> <span class='ocrx_word' id='word_1_653' title='bbox 1810 2274 1916 2304; x_wconf 88' lang='lat' dir='ltr'>finem.</span> <span class='ocrx_word' id='word_1_654' title='bbox 1951 2275 2063 2313; x_wconf 74' lang='lat' dir='ltr'>Quan-</span> 
     </span>
     <span class='ocr_line' id='line_1_92' title="bbox 1105 2316 2063 2359; baseline -0.001 -9"><span class='ocrx_word' id='word_1_655' title='bbox 1105 2330 1199 2359; x_wconf 89' lang='lat' dir='ltr'>quam</span> <span class='ocrx_word' id='word_1_656' title='bbox 1225 2330 1265 2350; x_wconf 78' lang='lat' dir='ltr'>ex</span> <span class='ocrx_word' id='word_1_657' title='bbox 1288 2320 1434 2358; x_wconf 78' lang='lat' dir='ltr'>proximo</span> <span class='ocrx_word' id='word_1_658' title='bbox 1458 2328 1553 2348; x_wconf 87' lang='lat' dir='ltr'>versu</span> <span class='ocrx_word' id='word_1_659' title='bbox 1583 2317 1697 2355; x_wconf 84' lang='lat' dir='ltr'>liquet,</span> <span class='ocrx_word' id='word_1_660' title='bbox 1732 2326 1795 2346; x_wconf 89' lang='lat' dir='ltr'>non</span> <span class='ocrx_word' id='word_1_661' title='bbox 1827 2316 1888 2346; x_wconf 86' lang='lat' dir='ltr'>alio</span> <span class='ocrx_word' id='word_1_662' title='bbox 1919 2322 2063 2356; x_wconf 85' lang='lat' dir='ltr'>spectare</span> 
     </span>
     <span class='ocr_line' id='line_1_93' title="bbox 1106 2358 2063 2399; baseline -0.002 -6"><span class='ocrx_word' id='word_1_663' title='bbox 1106 2363 1211 2393; x_wconf 89' lang='lat' dir='ltr'>Deum</span> <span class='ocrx_word' id='word_1_664' title='bbox 1236 2362 1298 2392; x_wconf 83' lang='lat' dir='ltr'>nisi</span> <span class='ocrx_word' id='word_1_665' title='bbox 1322 2366 1358 2392; x_wconf 92' lang='lat' dir='ltr'>ut</span> <span class='ocrx_word' id='word_1_666' title='bbox 1374 2360 1505 2391; x_wconf 81' lang='lat' dir='ltr'>Iudaeos</span> <span class='ocrx_word' id='word_1_667' title='bbox 1529 2363 1675 2390; x_wconf 82' lang='lat' dir='ltr'>exerceat</span> <span class='ocrx_word' id='word_1_668' title='bbox 1694 2358 1726 2388; x_wconf 89' lang='lat' dir='ltr'>in</span> <span class='ocrx_word' id='word_1_669' title='bbox 1745 2358 1875 2389; x_wconf 87' lang='lat' dir='ltr'>assidua</span> <span class='ocrx_word' id='word_1_670' title='bbox 1897 2358 1978 2399; x_wconf 86' lang='lat' dir='ltr'>legis</span> <span class='ocrx_word' id='word_1_671' title='bbox 1997 2370 2063 2391; x_wconf 87' lang='lat' dir='ltr'>me-</span> 
     </span>
     <span class='ocr_line' id='line_1_94' title="bbox 1107 2400 2063 2443; baseline -0.003 -8"><span class='ocrx_word' id='word_1_672' title='bbox 1107 2404 1271 2435; x_wconf 86' lang='lat' dir='ltr'>ditatione.</span> <span class='ocrx_word' id='word_1_673' title='bbox 1317 2404 1428 2443; x_wconf 86' lang='lat' dir='ltr'>Neque</span> <span class='ocrx_word' id='word_1_674' title='bbox 1451 2403 1534 2432; x_wconf 88' lang='lat' dir='ltr'>enim</span> <span class='ocrx_word' id='word_1_675' title='bbox 1558 2401 1671 2441; x_wconf 90' lang='lat' dir='ltr'>religio</span> <span class='ocrx_word' id='word_1_676' title='bbox 1696 2401 1729 2431; x_wconf 90' lang='lat' dir='ltr'>in</span> <span class='ocrx_word' id='word_1_677' title='bbox 1752 2400 1886 2432; x_wconf 89' lang='lat' dir='ltr'>fimbriis</span> <span class='ocrx_word' id='word_1_678' title='bbox 1909 2402 1971 2432; x_wconf 86' lang='lat' dir='ltr'>sita</span> <span class='ocrx_word' id='word_1_679' title='bbox 1993 2402 2063 2440; x_wconf 78' lang='lat' dir='ltr'>fuit,</span> 
     </span>
     <span class='ocr_line' id='line_1_95' title="bbox 1108 2443 2062 2483; baseline -0.003 -5"><span class='ocrx_word' id='word_1_680' title='bbox 1108 2448 1157 2478; x_wconf 93' lang='lat' dir='ltr'>vel</span> <span class='ocrx_word' id='word_1_681' title='bbox 1189 2451 1325 2478; x_wconf 79' lang='lat' dir='ltr'>externa</span> <span class='ocrx_word' id='word_1_682' title='bbox 1355 2446 1411 2476; x_wconf 86' lang='lat' dir='ltr'>illa</span> <span class='ocrx_word' id='word_1_683' title='bbox 1440 2450 1568 2476; x_wconf 76' lang='lat' dir='ltr'>textura</span> <span class='ocrx_word' id='word_1_684' title='bbox 1599 2443 1695 2474; x_wconf 85' lang='lat' dir='ltr'>ullius</span> <span class='ocrx_word' id='word_1_685' title='bbox 1725 2453 1781 2483; x_wconf 90' lang='lat' dir='ltr'>per</span> <span class='ocrx_word' id='word_1_686' title='bbox 1803 2453 1836 2474; x_wconf 84' lang='lat' dir='ltr'>se</span> <span class='ocrx_word' id='word_1_687' title='bbox 1859 2443 1920 2474; x_wconf 77' lang='lat' dir='ltr'>fuit</span> <span class='ocrx_word' id='word_1_688' title='bbox 1950 2445 2062 2483; x_wconf 85' lang='lat' dir='ltr'>pretii:</span> 
     </span>
     <span class='ocr_line' id='line_1_96' title="bbox 1107 2486 2065 2529; baseline -0.003 -8"><span class='ocrx_word' id='word_1_689' title='bbox 1107 2490 1163 2521; x_wconf 91' lang='lat' dir='ltr'>sed</span> <span class='ocrx_word' id='word_1_690' title='bbox 1186 2500 1284 2529; x_wconf 87' lang='lat' dir='ltr'>quum</span> <span class='ocrx_word' id='word_1_691' title='bbox 1309 2490 1340 2519; x_wconf 89' lang='lat' dir='ltr'>in</span> <span class='ocrx_word' id='word_1_692' title='bbox 1365 2487 1468 2520; x_wconf 88' lang='lat' dir='ltr'>studio</span> <span class='ocrx_word' id='word_1_693' title='bbox 1493 2487 1618 2527; x_wconf 83' lang='lat' dir='ltr'>pietatis</span> <span class='ocrx_word' id='word_1_694' title='bbox 1647 2486 1730 2525; x_wconf 87' lang='lat' dir='ltr'>pigri</span> <span class='ocrx_word' id='word_1_695' title='bbox 1759 2486 1824 2516; x_wconf 87' lang='lat' dir='ltr'>sint</span> <span class='ocrx_word' id='word_1_696' title='bbox 1854 2490 1885 2516; x_wconf 86' lang='lat' dir='ltr'>et</span> <span class='ocrx_word' id='word_1_697' title='bbox 1913 2486 2065 2518; x_wconf 86' lang='lat' dir='ltr'>obliviosi</span> 
     </span>
     <span class='ocr_line' id='line_1_97' title="bbox 1108 2528 2067 2569; baseline -0.003 -6"><span class='ocrx_word' id='word_1_698' title='bbox 1108 2532 1270 2569; x_wconf 84' lang='lat' dir='ltr'>homines,</span> <span class='ocrx_word' id='word_1_699' title='bbox 1305 2532 1406 2563; x_wconf 86' lang='lat' dir='ltr'>voluit</span> <span class='ocrx_word' id='word_1_700' title='bbox 1429 2531 1487 2561; x_wconf 91' lang='lat' dir='ltr'>hoc</span> <span class='ocrx_word' id='word_1_701' title='bbox 1510 2528 1702 2559; x_wconf 87' lang='lat' dir='ltr'>adminiculo</span> <span class='ocrx_word' id='word_1_702' title='bbox 1726 2528 1814 2559; x_wconf 91' lang='lat' dir='ltr'>Deus</span> <span class='ocrx_word' id='word_1_703' title='bbox 1838 2538 1949 2559; x_wconf 88' lang='lat' dir='ltr'>eorum</span> <span class='ocrx_word' id='word_1_704' title='bbox 1973 2529 2067 2560; x_wconf 90' lang='lat' dir='ltr'>infir-</span> 
     </span>
    </p>
   </div>
   <div class='ocr_carea' id='block_1_14' title="bbox 1129 2602 1309 2605">
    <p class='ocr_par' dir='ltr' id='par_1_14' title="bbox 1129 2602 1309 2605">
     <span class='ocr_line' id='line_1_98' title="bbox 1129 2602 1309 2605; baseline 0 0"><span class='ocrx_word' id='word_1_705' title='bbox 1129 2602 1309 2605; x_wconf 95' lang='lat' dir='ltr'> </span> 
     </span>
    </p>
   </div>
   <div class='ocr_carea' id='block_1_15' title="bbox 1179 2624 1864 2689">
    <p class='ocr_par' dir='ltr' id='par_1_15' title="bbox 1179 2624 1864 2689">
     <span class='ocr_line' id='line_1_99' title="bbox 1179 2624 1608 2658; baseline -0.012 -7"><span class='ocrx_word' id='word_1_706' title='bbox 1179 2626 1206 2658; x_wconf 88' lang='lat'>1)</span> <span class='ocrx_word' id='word_1_707' title='bbox 1225 2626 1261 2651; x_wconf 82' lang='lat' dir='ltr'>In</span> <span class='ocrx_word' id='word_1_708' title='bbox 1280 2626 1413 2658; x_wconf 77' lang='lat' dir='ltr'>marqine:</span> <span class='ocrx_word' id='word_1_709' title='bbox 1438 2624 1501 2648; x_wconf 84' lang='lat' dir='ltr'>Vel:</span> <span class='ocrx_word' id='word_1_710' title='bbox 1523 2630 1608 2647; x_wconf 81' lang='lat' dir='ltr'>acucs.</span> 
     </span>
     <span class='ocr_line' id='line_1_100' title="bbox 1833 2663 1864 2689; baseline 0.032 -1"><span class='ocrx_word' id='word_1_711' title='bbox 1833 2663 1864 2689; x_wconf 77' lang='lat'>15</span> 
     </span>
    </p>
   </div>
  </div>
 </body>
</html>
