<?xml version="1.0" encoding="UTF-8"?>
<!DOCTYPE html PUBLIC "-//W3C//DTD XHTML 1.0 Transitional//EN"
    "http://www.w3.org/TR/xhtml1/DTD/xhtml1-transitional.dtd">
<html xmlns="http://www.w3.org/1999/xhtml" xml:lang="en" lang="en">
 <head>
  <title>
</title>
<meta http-equiv="Content-Type" content="text/html;charset=utf-8" />
  <meta name='ocr-system' content='tesseract 3.04.00' />
  <meta name='ocr-capabilities' content='ocr_page ocr_carea ocr_par ocr_line ocrx_word'/>
</head>
<body>
  <div class='ocr_page' id='page_1' title='image "./ioanniscalviniop24calv_0019.png"; bbox 0 0 2304 3034; ppageno 0'>
   <div class='ocr_carea' id='block_1_1' title="bbox 164 194 202 224">
    <p class='ocr_par' dir='ltr' id='par_1_1' title="bbox 164 194 202 224">
     <span class='ocr_line' id='line_1_1' title="bbox 164 194 202 224; baseline 0.026 -1"><span class='ocrx_word' id='word_1_1' title='bbox 164 194 202 224; x_wconf 84' lang='lat'>17</span> 
     </span>
    </p>
   </div>
   <div class='ocr_carea' id='block_1_2' title="bbox 164 281 1126 793">
    <p class='ocr_par' dir='ltr' id='par_1_2' title="bbox 164 281 1126 793">
     <span class='ocr_line' id='line_1_2' title="bbox 164 281 1126 327; baseline -0.008 -9"><span class='ocrx_word' id='word_1_2' title='bbox 164 289 233 327; x_wconf 90' lang='lat' dir='ltr'>ipso</span> <span class='ocrx_word' id='word_1_3' title='bbox 257 296 383 326; x_wconf 83' lang='lat' dir='ltr'>pugnae</span> <span class='ocrx_word' id='word_1_4' title='bbox 407 285 546 321; x_wconf 82' lang='lat' dir='ltr'>fervore,</span> <span class='ocrx_word' id='word_1_5' title='bbox 578 288 609 314; x_wconf 88' lang='lat' dir='ltr'>et</span> <span class='ocrx_word' id='word_1_6' title='bbox 631 282 705 322; x_wconf 87' lang='lat' dir='ltr'>quia</span> <span class='ocrx_word' id='word_1_7' title='bbox 729 281 825 312; x_wconf 90' lang='lat' dir='ltr'>nimis</span> <span class='ocrx_word' id='word_1_8' title='bbox 847 281 997 320; x_wconf 80' lang='lat' dir='ltr'>pertinax</span> <span class='ocrx_word' id='word_1_9' title='bbox 1020 281 1126 311; x_wconf 87' lang='lat' dir='ltr'>fuerat</span> 
     </span>
     <span class='ocr_line' id='line_1_3' title="bbox 165 324 1125 365; baseline -0.006 -5"><span class='ocrx_word' id='word_1_10' title='bbox 165 329 315 365; x_wconf 80' lang='lat' dir='ltr'><strong>defensio,</strong></span> <span class='ocrx_word' id='word_1_11' title='bbox 340 334 371 359; x_wconf 89' lang='lat' dir='ltr'>et</span> <span class='ocrx_word' id='word_1_12' title='bbox 394 327 513 358; x_wconf 87' lang='lat' dir='ltr'>multos</span> <span class='ocrx_word' id='word_1_13' title='bbox 536 336 574 356; x_wconf 81' lang='lat' dir='ltr'>ex</span> <span class='ocrx_word' id='word_1_14' title='bbox 598 326 663 356; x_wconf 90' lang='lat' dir='ltr'>suis</span> <span class='ocrx_word' id='word_1_15' title='bbox 687 324 877 358; x_wconf 74' lang='lat' dir='ltr'>amiserant,</span> <span class='ocrx_word' id='word_1_16' title='bbox 909 333 1045 362; x_wconf 86' lang='lat' dir='ltr'>quorum</span> <span class='ocrx_word' id='word_1_17' title='bbox 1070 333 1125 354; x_wconf 91' lang='lat' dir='ltr'>vo-</span> 
     </span>
     <span class='ocr_line' id='line_1_4' title="bbox 164 367 1124 406; baseline -0.006 -4"><span class='ocrx_word' id='word_1_18' title='bbox 164 371 276 403; x_wconf 85' lang='lat' dir='ltr'>lebant</span> <span class='ocrx_word' id='word_1_19' title='bbox 296 378 432 401; x_wconf 86' lang='lat' dir='ltr'>mortem</span> <span class='ocrx_word' id='word_1_20' title='bbox 452 368 571 400; x_wconf 88' lang='lat' dir='ltr'>ulcisci.</span> <span class='ocrx_word' id='word_1_21' title='bbox 606 367 749 406; x_wconf 85' lang='lat' dir='ltr'>Contigit</span> <span class='ocrx_word' id='word_1_22' title='bbox 772 371 807 396; x_wconf 90' lang='lat' dir='ltr'>ut</span> <span class='ocrx_word' id='word_1_23' title='bbox 831 370 965 404; x_wconf 88' lang='lat' dir='ltr'>patruus</span> <span class='ocrx_word' id='word_1_24' title='bbox 988 375 1124 405; x_wconf 85' lang='lat' dir='ltr'>quoque,</span> 
     </span>
     <span class='ocr_line' id='line_1_5' title="bbox 165 407 1125 451; baseline -0.005 -7"><span class='ocrx_word' id='word_1_25' title='bbox 165 414 215 445; x_wconf 88' lang='lat' dir='ltr'>vel</span> <span class='ocrx_word' id='word_1_26' title='bbox 240 414 353 450; x_wconf 89' lang='lat' dir='ltr'>frater,</span> <span class='ocrx_word' id='word_1_27' title='bbox 385 412 434 443; x_wconf 88' lang='lat' dir='ltr'>vel</span> <span class='ocrx_word' id='word_1_28' title='bbox 457 417 558 448; x_wconf 89' lang='lat' dir='ltr'>tutor,</span> <span class='ocrx_word' id='word_1_29' title='bbox 581 410 680 449; x_wconf 89' lang='lat' dir='ltr'>impia</span> <span class='ocrx_word' id='word_1_30' title='bbox 703 407 860 451; x_wconf 83' lang='lat' dir='ltr'>regnandi</span> <span class='ocrx_word' id='word_1_31' title='bbox 885 407 1062 447; x_wconf 88' lang='lat' dir='ltr'>cupiditate</span> <span class='ocrx_word' id='word_1_32' title='bbox 1085 408 1125 439; x_wconf 89' lang='lat' dir='ltr'>ad</span> 
     </span>
     <span class='ocr_line' id='line_1_6' title="bbox 165 450 1125 496; baseline -0.006 -9"><span class='ocrx_word' id='word_1_33' title='bbox 165 466 337 496; x_wconf 89' lang='lat' dir='ltr'>puerorum</span> <span class='ocrx_word' id='word_1_34' title='bbox 367 454 477 486; x_wconf 87' lang='lat' dir='ltr'>caedes</span> <span class='ocrx_word' id='word_1_35' title='bbox 507 452 759 492; x_wconf 78' lang='lat' dir='ltr'>impellerentur.</span> <span class='ocrx_word' id='word_1_36' title='bbox 805 450 952 489; x_wconf 79' lang='lat' dir='ltr'>Contigit</span> <span class='ocrx_word' id='word_1_37' title='bbox 986 450 1125 490; x_wconf 89' lang='lat' dir='ltr'>denique</span> 
     </span>
     <span class='ocr_line' id='line_1_7' title="bbox 165 493 1123 538; baseline -0.006 -8"><span class='ocrx_word' id='word_1_38' title='bbox 165 499 199 529; x_wconf 92' lang='grc'>10</span> <span class='ocrx_word' id='word_1_39' title='bbox 223 498 332 530; x_wconf 86' lang='lat' dir='ltr'>odium</span> <span class='ocrx_word' id='word_1_40' title='bbox 355 496 502 538; x_wconf 80' lang='lat' dir='ltr'>tyranni,</span> <span class='ocrx_word' id='word_1_41' title='bbox 527 500 562 525; x_wconf 88' lang='lat' dir='ltr'>ut</span> <span class='ocrx_word' id='word_1_42' title='bbox 584 494 624 525; x_wconf 85' lang='lat' dir='ltr'>ad</span> <span class='ocrx_word' id='word_1_43' title='bbox 647 493 815 524; x_wconf 81' lang='lat' dir='ltr'>delendam</span> <span class='ocrx_word' id='word_1_44' title='bbox 841 493 980 522; x_wconf 82' lang='lat' dir='ltr'>familiae</span> <span class='ocrx_word' id='word_1_45' title='bbox 1003 503 1123 524; x_wconf 87' lang='lat' dir='ltr'>memo·</span> 
     </span>
     <span class='ocr_line' id='line_1_8' title="bbox 165 535 1124 576; baseline -0.006 -4"><span class='ocrx_word' id='word_1_46' title='bbox 165 542 247 572; x_wconf 89' lang='lat' dir='ltr'>riam</span> <span class='ocrx_word' id='word_1_47' title='bbox 271 545 337 571; x_wconf 88' lang='lat' dir='ltr'>tota</span> <span class='ocrx_word' id='word_1_48' title='bbox 359 539 480 570; x_wconf 80' lang='lat' dir='ltr'>soboles</span> <span class='ocrx_word' id='word_1_49' title='bbox 502 539 693 576; x_wconf 85' lang='lat' dir='ltr'>interempta</span> <span class='ocrx_word' id='word_1_50' title='bbox 718 535 828 566; x_wconf 85' lang='lat' dir='ltr'>fuerit:</span> <span class='ocrx_word' id='word_1_51' title='bbox 853 541 884 565; x_wconf 89' lang='lat' dir='ltr'>et</span> <span class='ocrx_word' id='word_1_52' title='bbox 908 546 943 566; x_wconf 90' lang='lat' dir='ltr'>eo</span> <span class='ocrx_word' id='word_1_53' title='bbox 971 536 1124 566; x_wconf 81' lang='lat' dir='ltr'>saevitiae</span> 
     </span>
     <span class='ocr_line' id='line_1_9' title="bbox 166 578 1123 623; baseline -0.006 -9"><span class='ocrx_word' id='word_1_54' title='bbox 166 583 297 623; x_wconf 88' lang='lat' dir='ltr'>quidam</span> <span class='ocrx_word' id='word_1_55' title='bbox 325 580 485 622; x_wconf 74' lang='lat' dir='ltr'>progressi</span> <span class='ocrx_word' id='word_1_56' title='bbox 515 584 591 611; x_wconf 92' lang='lat' dir='ltr'>sunt</span> <span class='ocrx_word' id='word_1_57' title='bbox 620 584 732 609; x_wconf 88' lang='lat' dir='ltr'>eontra</span> <span class='ocrx_word' id='word_1_58' title='bbox 767 578 874 608; x_wconf 85' lang='lat' dir='ltr'>hostes</span> <span class='ocrx_word' id='word_1_59' title='bbox 908 588 980 608; x_wconf 88' lang='lat' dir='ltr'>suos</span> <span class='ocrx_word' id='word_1_60' title='bbox 1015 584 1050 608; x_wconf 85' lang='lat' dir='ltr'>ut</span> <span class='ocrx_word' id='word_1_61' title='bbox 1084 589 1123 608; x_wconf 80' lang='lat' dir='ltr'>ex</span> 
     </span>
     <span class='ocr_line' id='line_1_10' title="bbox 165 619 1124 657; baseline -0.007 0"><span class='ocrx_word' id='word_1_62' title='bbox 165 626 317 657; x_wconf 85' lang='lat' dir='ltr'>uberibus</span> <span class='ocrx_word' id='word_1_63' title='bbox 347 629 485 655; x_wconf 88' lang='lat' dir='ltr'>matrum</span> <span class='ocrx_word' id='word_1_64' title='bbox 516 629 642 653; x_wconf 90' lang='lat' dir='ltr'>teneros</span> <span class='ocrx_word' id='word_1_65' title='bbox 676 621 781 651; x_wconf 84' lang='lat' dir='ltr'>foetus</span> <span class='ocrx_word' id='word_1_66' title='bbox 817 619 1005 651; x_wconf 71' lang='lat' dir='ltr'>avellerent.</span> <span class='ocrx_word' id='word_1_67' title='bbox 1061 619 1124 651; x_wconf 80' lang='lat' dir='ltr'>Sed</span> 
     </span>
     <span class='ocr_line' id='line_1_11' title="bbox 167 663 1124 707; baseline -0.007 -8"><span class='ocrx_word' id='word_1_68' title='bbox 167 677 332 707; x_wconf 87' lang='lat' dir='ltr'>nunquam</span> <span class='ocrx_word' id='word_1_69' title='bbox 355 666 394 697; x_wconf 87' lang='lat' dir='ltr'>ab</span> <span class='ocrx_word' id='word_1_70' title='bbox 417 666 508 696; x_wconf 87' lang='lat' dir='ltr'>hoste</span> <span class='ocrx_word' id='word_1_71' title='bbox 538 664 746 704; x_wconf 85' lang='lat' dir='ltr'>quantumvis</span> <span class='ocrx_word' id='word_1_72' title='bbox 770 663 962 702; x_wconf 81' lang='lat' dir='ltr'>implacabili</span> <span class='ocrx_word' id='word_1_73' title='bbox 987 663 1031 693; x_wconf 89' lang='lat' dir='ltr'>ita</span> <span class='ocrx_word' id='word_1_74' title='bbox 1055 673 1124 693; x_wconf 89' lang='lat' dir='ltr'>sae-</span> 
     </span>
     <span class='ocr_line' id='line_1_12' title="bbox 166 705 1124 745; baseline -0.006 -4"><span class='ocrx_word' id='word_1_75' title='bbox 166 711 266 741; x_wconf 90' lang='lat' dir='ltr'>vitum</span> <span class='ocrx_word' id='word_1_76' title='bbox 291 710 350 740; x_wconf 84' lang='lat' dir='ltr'>fuit</span> <span class='ocrx_word' id='word_1_77' title='bbox 373 714 483 739; x_wconf 88' lang='lat' dir='ltr'>eontra</span> <span class='ocrx_word' id='word_1_78' title='bbox 506 713 605 737; x_wconf 90' lang='lat' dir='ltr'>totam</span> <span class='ocrx_word' id='word_1_79' title='bbox 629 716 725 736; x_wconf 87' lang='lat' dir='ltr'>unam</span> <span class='ocrx_word' id='word_1_80' title='bbox 749 712 888 745; x_wconf 85' lang='lat' dir='ltr'>gentem,</span> <span class='ocrx_word' id='word_1_81' title='bbox 913 710 948 735; x_wconf 92' lang='lat' dir='ltr'>ut</span> <span class='ocrx_word' id='word_1_82' title='bbox 968 706 999 735; x_wconf 90' lang='lat' dir='ltr'>in</span> <span class='ocrx_word' id='word_1_83' title='bbox 1018 705 1124 736; x_wconf 88' lang='lat' dir='ltr'>media</span> 
     </span>
     <span class='ocr_line' id='line_1_13' title="bbox 165 748 1125 793; baseline -0.007 -9"><span class='ocrx_word' id='word_1_84' title='bbox 165 763 242 793; x_wconf 87' lang='lat' dir='ltr'>pace</span> <span class='ocrx_word' id='word_1_85' title='bbox 261 753 362 783; x_wconf 86' lang='lat' dir='ltr'>foetus</span> <span class='ocrx_word' id='word_1_86' title='bbox 374 761 483 781; x_wconf 88' lang='lat' dir='ltr'>omnes</span> <span class='ocrx_word' id='word_1_87' title='bbox 502 749 659 780; x_wconf 87' lang='lat' dir='ltr'>masculos</span> <span class='ocrx_word' id='word_1_88' title='bbox 678 748 840 786; x_wconf 71' lang='lat' dir='ltr'>exstingui</span> <span class='ocrx_word' id='word_1_89' title='bbox 859 748 999 778; x_wconf 87' lang='lat' dir='ltr'>iusserit.</span> <span class='ocrx_word' id='word_1_90' title='bbox 1033 748 1125 778; x_wconf 88' lang='lat' dir='ltr'>Haec</span> 
     </span>
    </p>
   </div>
   <div class='ocr_carea' id='block_1_3' title="bbox 166 791 1151 878">
    <p class='ocr_par' dir='ltr' id='par_1_3' title="bbox 166 791 1151 878">
     <span class='ocr_line' id='line_1_14' title="bbox 166 791 1150 831; baseline -0.006 -5"><span class='ocrx_word' id='word_1_91' title='bbox 166 800 250 826; x_wconf 90' lang='lat' dir='ltr'>certe</span> <span class='ocrx_word' id='word_1_92' title='bbox 279 793 340 825; x_wconf 83' lang='lat' dir='ltr'>fuit</span> <span class='ocrx_word' id='word_1_93' title='bbox 370 793 504 824; x_wconf 75' lang='lat' dir='ltr'>tentatio</span> <span class='ocrx_word' id='word_1_94' title='bbox 533 802 612 831; x_wconf 88' lang='lat' dir='ltr'>quae</span> <span class='ocrx_word' id='word_1_95' title='bbox 640 801 784 821; x_wconf 85' lang='lat' dir='ltr'>summae</span> <span class='ocrx_word' id='word_1_96' title='bbox 814 791 1013 821; x_wconf 79' lang='lat' dir='ltr'>constantiae</span> <span class='ocrx_word' id='word_1_97' title='bbox 1038 791 1123 821; x_wconf 90' lang='lat' dir='ltr'>viros</span> <span class='ocrx_word' id='word_1_98' title='bbox 1148 810 1150 820; x_wconf 87' lang='lat'>.</span> 
     </span>
     <span class='ocr_line' id='line_1_15' title="bbox 166 833 1151 878; baseline -0.004 -11"><span class='ocrx_word' id='word_1_99' title='bbox 166 837 307 878; x_wconf 85' lang='lat' dir='ltr'>graviter</span> <span class='ocrx_word' id='word_1_100' title='bbox 330 841 496 866; x_wconf 78' lang='lat' dir='ltr'>concutere</span> <span class='ocrx_word' id='word_1_101' title='bbox 519 839 639 874; x_wconf 88' lang='lat' dir='ltr'>posset,</span> <span class='ocrx_word' id='word_1_102' title='bbox 672 833 790 863; x_wconf 89' lang='lat' dir='ltr'>nedum</span> <span class='ocrx_word' id='word_1_103' title='bbox 822 833 1012 864; x_wconf 77' lang='lat' dir='ltr'>labefactare</span> <span class='ocrx_word' id='word_1_104' title='bbox 1036 833 1123 864; x_wconf 87' lang='lat' dir='ltr'>debi-</span> <span class='ocrx_word' id='word_1_105' title='bbox 1148 848 1151 874; x_wconf 55' lang='lat'>4</span> 
     </span>
    </p>
   </div>
   <div class='ocr_carea' id='block_1_4' title="bbox 161 874 1125 2665">
    <p class='ocr_par' dir='ltr' id='par_1_4' title="bbox 161 874 1125 2280">
     <span class='ocr_line' id='line_1_16' title="bbox 166 874 1121 919; baseline -0.005 -9"><span class='ocrx_word' id='word_1_106' title='bbox 166 881 227 910; x_wconf 90' lang='lat' dir='ltr'>lem</span> <span class='ocrx_word' id='word_1_107' title='bbox 261 879 429 919; x_wconf 88' lang='lat' dir='ltr'>populum,</span> <span class='ocrx_word' id='word_1_108' title='bbox 465 887 557 917; x_wconf 86' lang='lat' dir='ltr'>quem</span> <span class='ocrx_word' id='word_1_109' title='bbox 590 876 654 907; x_wconf 85' lang='lat' dir='ltr'>iam</span> <span class='ocrx_word' id='word_1_110' title='bbox 689 876 796 906; x_wconf 85' lang='lat' dir='ltr'>vivere</span> <span class='ocrx_word' id='word_1_111' title='bbox 832 874 986 906; x_wconf 85' lang='lat' dir='ltr'>taedebat.</span> <span class='ocrx_word' id='word_1_112' title='bbox 1038 875 1121 906; x_wconf 89' lang='lat' dir='ltr'>Nam</span> 
     </span>
     <span class='ocr_line' id='line_1_17' title="bbox 165 918 1123 962; baseline -0.004 -10"><span class='ocrx_word' id='word_1_113' title='bbox 165 923 268 962; x_wconf 88' lang='lat' dir='ltr'>primo</span> <span class='ocrx_word' id='word_1_114' title='bbox 290 921 409 952; x_wconf 87' lang='lat' dir='ltr'>intuitu</span> <span class='ocrx_word' id='word_1_115' title='bbox 432 925 559 959; x_wconf 88' lang='lat' dir='ltr'>putaret</span> <span class='ocrx_word' id='word_1_116' title='bbox 582 919 716 958; x_wconf 86' lang='lat' dir='ltr'>quisque</span> <span class='ocrx_word' id='word_1_117' title='bbox 739 919 803 948; x_wconf 89' lang='lat' dir='ltr'>illis</span> <span class='ocrx_word' id='word_1_118' title='bbox 834 918 932 949; x_wconf 88' lang='lat' dir='ltr'>fuisse</span> <span class='ocrx_word' id='word_1_119' title='bbox 956 918 1068 948; x_wconf 90' lang='lat' dir='ltr'>utilius</span> <span class='ocrx_word' id='word_1_120' title='bbox 1092 923 1123 949; x_wconf 90' lang='lat' dir='ltr'>et</span> 
     </span>
     <span class='ocr_line' id='line_1_18' title="bbox 166 960 1122 1004; baseline -0.005 -9"><span class='ocrx_word' id='word_1_121' title='bbox 166 965 268 1004; x_wconf 85' lang='lat' dir='ltr'>magis</span> <span class='ocrx_word' id='word_1_122' title='bbox 300 963 453 1003; x_wconf 78' lang='lat' dir='ltr'>optabile,</span> <span class='ocrx_word' id='word_1_123' title='bbox 488 962 652 992; x_wconf 84' lang='lat' dir='ltr'>subsidere</span> <span class='ocrx_word' id='word_1_124' title='bbox 686 962 717 991; x_wconf 89' lang='lat' dir='ltr'>in</span> <span class='ocrx_word' id='word_1_125' title='bbox 754 960 906 991; x_wconf 90' lang='lat' dir='ltr'>mediocri</span> <span class='ocrx_word' id='word_1_126' title='bbox 941 961 988 991; x_wconf 86' lang='lat' dir='ltr'>vel</span> <span class='ocrx_word' id='word_1_127' title='bbox 1025 961 1122 991; x_wconf 85' lang='lat' dir='ltr'>etiam</span> 
     </span>
     <span class='ocr_line' id='line_1_19' title="bbox 165 1002 1123 1044; baseline -0.004 -7"><span class='ocrx_word' id='word_1_128' title='bbox 165 1006 278 1038; x_wconf 90' lang='lat' dir='ltr'>humili</span> <span class='ocrx_word' id='word_1_129' title='bbox 308 1010 409 1041; x_wconf 81' lang='lat' dir='ltr'>statu,</span> <span class='ocrx_word' id='word_1_130' title='bbox 440 1015 534 1044; x_wconf 84' lang='lat' dir='ltr'>quam</span> <span class='ocrx_word' id='word_1_131' title='bbox 558 1004 619 1034; x_wconf 89' lang='lat' dir='ltr'>Dei</span> <span class='ocrx_word' id='word_1_132' title='bbox 650 1002 873 1034; x_wconf 83' lang='lat' dir='ltr'>benedictione</span> <span class='ocrx_word' id='word_1_133' title='bbox 899 1004 1065 1043; x_wconf 87' lang='lat' dir='ltr'>provocari</span> <span class='ocrx_word' id='word_1_134' title='bbox 1090 1004 1123 1033; x_wconf 91' lang='lat' dir='ltr'>in</span> 
     </span>
     <span class='ocr_line' id='line_1_20' title="bbox 165 1046 1124 1085; baseline -0.004 -5"><span class='ocrx_word' id='word_1_135' title='bbox 165 1060 217 1080; x_wconf 88' lang='lat' dir='ltr'>eos</span> <span class='ocrx_word' id='word_1_136' title='bbox 239 1053 360 1079; x_wconf 85' lang='lat' dir='ltr'>tantam</span> <span class='ocrx_word' id='word_1_137' title='bbox 385 1048 526 1078; x_wconf 88' lang='lat' dir='ltr'>hostium</span> <span class='ocrx_word' id='word_1_138' title='bbox 550 1046 681 1077; x_wconf 81' lang='lat' dir='ltr'>rabiem.</span> <span class='ocrx_word' id='word_1_139' title='bbox 724 1048 771 1077; x_wconf 88' lang='lat' dir='ltr'>Ac</span> <span class='ocrx_word' id='word_1_140' title='bbox 795 1046 957 1085; x_wconf 82' lang='lat' dir='ltr'>probabile</span> <span class='ocrx_word' id='word_1_141' title='bbox 981 1050 1039 1083; x_wconf 83' lang='lat' dir='ltr'>est,</span> <span class='ocrx_word' id='word_1_142' title='bbox 1062 1057 1124 1085; x_wconf 86' lang='lat' dir='ltr'>qua</span> 
     </span>
     <span class='ocr_line' id='line_1_21' title="bbox 166 1089 1125 1128; baseline -0.004 -6"><span class='ocrx_word' id='word_1_143' title='bbox 166 1096 257 1122; x_wconf 86' lang='lat' dir='ltr'>erant</span> <span class='ocrx_word' id='word_1_144' title='bbox 286 1091 383 1121; x_wconf 90' lang='lat' dir='ltr'>animi</span> <span class='ocrx_word' id='word_1_145' title='bbox 415 1090 565 1127; x_wconf 87' lang='lat' dir='ltr'>mollitie,</span> <span class='ocrx_word' id='word_1_146' title='bbox 596 1089 694 1119; x_wconf 88' lang='lat' dir='ltr'>fuisse</span> <span class='ocrx_word' id='word_1_147' title='bbox 725 1100 787 1119; x_wconf 90' lang='lat' dir='ltr'>non</span> <span class='ocrx_word' id='word_1_148' title='bbox 823 1094 950 1119; x_wconf 85' lang='lat' dir='ltr'>tantum</span> <span class='ocrx_word' id='word_1_149' title='bbox 980 1089 1125 1128; x_wconf 85' lang='lat' dir='ltr'>graviter</span> 
     </span>
     <span class='ocr_line' id='line_1_22' title="bbox 165 1131 1123 1174; baseline -0.003 -10"><span class='ocrx_word' id='word_1_150' title='bbox 165 1134 333 1174; x_wconf 87' lang='lat' dir='ltr'>perculsos,</span> <span class='ocrx_word' id='word_1_151' title='bbox 353 1133 406 1163; x_wconf 86' lang='lat' dir='ltr'>sed</span> <span class='ocrx_word' id='word_1_152' title='bbox 426 1143 525 1172; x_wconf 90' lang='lat' dir='ltr'>prope</span> <span class='ocrx_word' id='word_1_153' title='bbox 544 1131 789 1171; x_wconf 76' lang='lat' dir='ltr'>obstupefactos,</span> <span class='ocrx_word' id='word_1_154' title='bbox 826 1131 896 1162; x_wconf 87' lang='lat' dir='ltr'>Hoc</span> <span class='ocrx_word' id='word_1_155' title='bbox 915 1132 1001 1161; x_wconf 89' lang='lat' dir='ltr'>enim</span> <span class='ocrx_word' id='word_1_156' title='bbox 1021 1131 1123 1162; x_wconf 88' lang='lat' dir='ltr'>solum</span> 
     </span>
     <span class='ocr_line' id='line_1_23' title="bbox 165 1173 1123 1213; baseline -0.003 -6"><span class='ocrx_word' id='word_1_157' title='bbox 165 1176 322 1213; x_wconf 86' lang='lat' dir='ltr'>restabat,</span> <span class='ocrx_word' id='word_1_158' title='bbox 352 1182 387 1206; x_wconf 86' lang='lat' dir='ltr'>ut</span> <span class='ocrx_word' id='word_1_159' title='bbox 414 1174 624 1205; x_wconf 83' lang='lat' dir='ltr'>morientibus</span> <span class='ocrx_word' id='word_1_160' title='bbox 654 1175 732 1204; x_wconf 88' lang='lat' dir='ltr'>viris</span> <span class='ocrx_word' id='word_1_161' title='bbox 763 1173 881 1213; x_wconf 83' lang='lat' dir='ltr'>absque</span> <span class='ocrx_word' id='word_1_162' title='bbox 912 1184 966 1213; x_wconf 90' lang='lat' dir='ltr'>spe</span> <span class='ocrx_word' id='word_1_163' title='bbox 996 1174 1123 1210; x_wconf 82' lang='lat' dir='ltr'>sobolis,</span> 
     </span>
     <span class='ocr_line' id='line_1_24' title="bbox 162 1216 1124 1258; baseline -0.003 -9"><span class='ocrx_word' id='word_1_164' title='bbox 162 1218 257 1258; x_wconf 87' lang='lat' dir='ltr'>paulo</span> <span class='ocrx_word' id='word_1_165' title='bbox 287 1224 357 1258; x_wconf 88' lang='lat' dir='ltr'>post</span> <span class='ocrx_word' id='word_1_166' title='bbox 388 1217 596 1248; x_wconf 80' lang='lat' dir='ltr'>intercideret</span> <span class='ocrx_word' id='word_1_167' title='bbox 626 1227 743 1247; x_wconf 74' lang='lat' dir='ltr'>nomen</span> <span class='ocrx_word' id='word_1_168' title='bbox 774 1224 806 1246; x_wconf 87' lang='lat' dir='ltr'>et</span> <span class='ocrx_word' id='word_1_169' title='bbox 837 1226 940 1256; x_wconf 84' lang='lat' dir='ltr'>genus</span> <span class='ocrx_word' id='word_1_170' title='bbox 965 1216 1124 1254; x_wconf 81' lang='lat' dir='ltr'>Abrahae,</span> 
     </span>
     <span class='ocr_line' id='line_1_25' title="bbox 163 1259 1124 1301; baseline -0.003 -9"><span class='ocrx_word' id='word_1_171' title='bbox 163 1266 258 1301; x_wconf 89' lang='lat' dir='ltr'>atque</span> <span class='ocrx_word' id='word_1_172' title='bbox 281 1261 326 1291; x_wconf 88' lang='lat' dir='ltr'>ita</span> <span class='ocrx_word' id='word_1_173' title='bbox 349 1271 458 1291; x_wconf 82' lang='lat' dir='ltr'>omnes</span> <span class='ocrx_word' id='word_1_174' title='bbox 482 1260 543 1290; x_wconf 78' lang='lat' dir='ltr'>D‹·i</span> <span class='ocrx_word' id='word_1_175' title='bbox 570 1259 800 1299; x_wconf 69' lang='lat' dir='ltr'>promissiones</span> <span class='ocrx_word' id='word_1_176' title='bbox 826 1259 856 1289; x_wconf 89' lang='lat' dir='ltr'>in</span> <span class='ocrx_word' id='word_1_177' title='bbox 882 1259 1018 1289; x_wconf 88' lang='lat' dir='ltr'>nihilum</span> <span class='ocrx_word' id='word_1_178' title='bbox 1043 1260 1124 1290; x_wconf 90' lang='lat' dir='ltr'>reci-</span> 
     </span>
     <span class='ocr_line' id='line_1_26' title="bbox 163 1301 1123 1342; baseline -0.001 -8"><span class='ocrx_word' id='word_1_179' title='bbox 163 1304 284 1334; x_wconf 87' lang='lat' dir='ltr'>derent.</span> <span class='ocrx_word' id='word_1_180' title='bbox 340 1303 445 1333; x_wconf 83' lang='lat' dir='ltr'>Hodie</span> <span class='ocrx_word' id='word_1_181' title='bbox 479 1303 553 1342; x_wconf 88' lang='lat' dir='ltr'>quia</span> <span class='ocrx_word' id='word_1_182' title='bbox 594 1302 686 1333; x_wconf 89' lang='lat' dir='ltr'>nobis</span> <span class='ocrx_word' id='word_1_183' title='bbox 718 1301 838 1332; x_wconf 73' lang='lat' dir='ltr'>similes</span> <span class='ocrx_word' id='word_1_184' title='bbox 878 1302 943 1332; x_wconf 91' lang='lat' dir='ltr'>fere</span> <span class='ocrx_word' id='word_1_185' title='bbox 984 1302 1123 1333; x_wconf 85' lang='lat' dir='ltr'>insultus</span> 
     </span>
     <span class='ocr_line' id='line_1_27' title="bbox 163 1343 1124 1384; baseline -0.003 -7"><span class='ocrx_word' id='word_1_186' title='bbox 163 1345 343 1377; x_wconf 85' lang='lat' dir='ltr'>sustinendi</span> <span class='ocrx_word' id='word_1_187' title='bbox 366 1351 454 1383; x_wconf 85' lang='lat' dir='ltr'>sunt,</span> <span class='ocrx_word' id='word_1_188' title='bbox 479 1346 553 1375; x_wconf 88' lang='lat' dir='ltr'>dum</span> <span class='ocrx_word' id='word_1_189' title='bbox 578 1345 727 1375; x_wconf 86' lang='lat' dir='ltr'>obiicitur</span> <span class='ocrx_word' id='word_1_190' title='bbox 752 1345 840 1375; x_wconf 89' lang='lat' dir='ltr'>nobis</span> <span class='ocrx_word' id='word_1_191' title='bbox 868 1343 1065 1384; x_wconf 76' lang='lat' dir='ltr'>desperatio,</span> <span class='ocrx_word' id='word_1_192' title='bbox 1088 1355 1124 1375; x_wconf 88' lang='lat' dir='ltr'>ac</span> 
     </span>
     <span class='ocr_line' id='line_1_28' title="bbox 164 1387 1124 1428; baseline -0.002 -9"><span class='ocrx_word' id='word_1_193' title='bbox 164 1389 190 1419; x_wconf 89' lang='lat' dir='ltr'>si</span> <span class='ocrx_word' id='word_1_194' title='bbox 218 1389 346 1428; x_wconf 79' lang='lat' dir='ltr'>penitus</span> <span class='ocrx_word' id='word_1_195' title='bbox 379 1388 534 1419; x_wconf 83' lang='lat' dir='ltr'>abolenda</span> <span class='ocrx_word' id='word_1_196' title='bbox 563 1398 639 1418; x_wconf 78' lang='lat' dir='ltr'>mox</span> <span class='ocrx_word' id='word_1_197' title='bbox 669 1392 752 1418; x_wconf 87' lang='lat' dir='ltr'>esset</span> <span class='ocrx_word' id='word_1_198' title='bbox 782 1387 930 1424; x_wconf 85' lang='lat' dir='ltr'>ecclesia,</span> <span class='ocrx_word' id='word_1_199' title='bbox 962 1397 1124 1427; x_wconf 90' lang='lat' dir='ltr'>opponere</span> 
     </span>
     <span class='ocr_line' id='line_1_29' title="bbox 163 1429 1122 1471; baseline -0.003 -9"><span class='ocrx_word' id='word_1_200' title='bbox 163 1431 266 1462; x_wconf 88' lang='lat' dir='ltr'>instar</span> <span class='ocrx_word' id='word_1_201' title='bbox 295 1431 378 1461; x_wconf 88' lang='lat' dir='ltr'>firmi</span> <span class='ocrx_word' id='word_1_202' title='bbox 407 1430 511 1471; x_wconf 79' lang='lat' dir='ltr'>clypei</span> <span class='ocrx_word' id='word_1_203' title='bbox 540 1430 599 1461; x_wconf 89' lang='lat' dir='ltr'>hoc</span> <span class='ocrx_word' id='word_1_204' title='bbox 629 1430 812 1469; x_wconf 80' lang='lat' dir='ltr'>exemplum</span> <span class='ocrx_word' id='word_1_205' title='bbox 848 1429 1022 1460; x_wconf 86' lang='lat' dir='ltr'>discamus:</span> <span class='ocrx_word' id='word_1_206' title='bbox 1058 1440 1122 1460; x_wconf 92' lang='lat' dir='ltr'>non</span> 
     </span>
     <span class='ocr_line' id='line_1_30' title="bbox 164 1472 1122 1513; baseline -0.002 -9"><span class='ocrx_word' id='word_1_207' title='bbox 164 1484 232 1505; x_wconf 80' lang='lat' dir='ltr'>esse</span> <span class='ocrx_word' id='word_1_208' title='bbox 254 1484 373 1504; x_wconf 85' lang='lat' dir='ltr'>novum</span> <span class='ocrx_word' id='word_1_209' title='bbox 398 1474 420 1503; x_wconf 84' lang='lat' dir='ltr'>si</span> <span class='ocrx_word' id='word_1_210' title='bbox 446 1473 643 1513; x_wconf 86' lang='lat' dir='ltr'>propinquus</span> <span class='ocrx_word' id='word_1_211' title='bbox 666 1473 815 1503; x_wconf 89' lang='lat' dir='ltr'>interitus</span> <span class='ocrx_word' id='word_1_212' title='bbox 836 1472 927 1503; x_wconf 87' lang='lat' dir='ltr'>nobis</span> <span class='ocrx_word' id='word_1_213' title='bbox 946 1472 1122 1509; x_wconf 86' lang='lat' dir='ltr'>immineat,</span> 
     </span>
     <span class='ocr_line' id='line_1_31' title="bbox 165 1515 1123 1556; baseline -0.001 -10"><span class='ocrx_word' id='word_1_214' title='bbox 165 1516 264 1546; x_wconf 91' lang='lat' dir='ltr'>donec</span> <span class='ocrx_word' id='word_1_215' title='bbox 294 1522 422 1556; x_wconf 84' lang='lat' dir='ltr'>repente</span> <span class='ocrx_word' id='word_1_216' title='bbox 452 1521 483 1546; x_wconf 90' lang='lat' dir='ltr'>et</span> <span class='ocrx_word' id='word_1_217' title='bbox 513 1527 551 1546; x_wconf 83' lang='lat' dir='ltr'>ex</span> <span class='ocrx_word' id='word_1_218' title='bbox 582 1516 746 1554; x_wconf 89' lang='lat' dir='ltr'>inopinato</span> <span class='ocrx_word' id='word_1_219' title='bbox 781 1520 934 1554; x_wconf 85' lang='lat' dir='ltr'>appareat</span> <span class='ocrx_word' id='word_1_220' title='bbox 964 1515 995 1545; x_wconf 91' lang='lat' dir='ltr'>in</span> <span class='ocrx_word' id='word_1_221' title='bbox 1028 1516 1123 1546; x_wconf 87' lang='lat' dir='ltr'>rebus</span> 
     </span>
     <span class='ocr_line' id='line_1_32' title="bbox 165 1557 1123 1597; baseline -0.001 -8"><span class='ocrx_word' id='word_1_222' title='bbox 165 1559 317 1589; x_wconf 83' lang='lat' dir='ltr'>extremis</span> <span class='ocrx_word' id='word_1_223' title='bbox 335 1559 468 1590; x_wconf 82' lang='lat' dir='ltr'>coeleste</span> <span class='ocrx_word' id='word_1_224' title='bbox 487 1558 654 1589; x_wconf 80' lang='lat' dir='ltr'>auxilium.</span> <span class='ocrx_word' id='word_1_225' title='bbox 689 1558 846 1597; x_wconf 82' lang='lat' dir='ltr'>Iosephus</span> <span class='ocrx_word' id='word_1_226' title='bbox 866 1557 945 1588; x_wconf 82' lang='lat' dir='ltr'>falso</span> <span class='ocrx_word' id='word_1_227' title='bbox 959 1558 1123 1588; x_wconf 83' lang='lat' dir='ltr'>existimat</span> 
     </span>
     <span class='ocr_line' id='line_1_33' title="bbox 164 1600 1120 1641; baseline 0 -10"><span class='ocrx_word' id='word_1_228' title='bbox 164 1601 349 1632; x_wconf 81' lang='lat' dir='ltr'>obstetrices</span> <span class='ocrx_word' id='word_1_229' title='bbox 371 1602 468 1632; x_wconf 85' lang='lat' dir='ltr'>fuisse</span> <span class='ocrx_word' id='word_1_230' title='bbox 492 1601 688 1641; x_wconf 70' lang='lat' dir='ltr'>Aegyptias,</span> <span class='ocrx_word' id='word_1_231' title='bbox 719 1611 798 1640; x_wconf 91' lang='lat' dir='ltr'>quae</span> <span class='ocrx_word' id='word_1_232' title='bbox 825 1600 863 1630; x_wconf 88' lang='lat' dir='ltr'>ad</span> <span class='ocrx_word' id='word_1_233' title='bbox 888 1600 1120 1640; x_wconf 82' lang='lat' dir='ltr'>explorandum</span> 
     </span>
     <span class='ocr_line' id='line_1_34' title="bbox 164 1643 1122 1683; baseline 0 -9"><span class='ocrx_word' id='word_1_234' title='bbox 164 1644 279 1674; x_wconf 88' lang='lat' dir='ltr'>missae</span> <span class='ocrx_word' id='word_1_235' title='bbox 298 1644 430 1674; x_wconf 88' lang='lat' dir='ltr'>fuerint:</span> <span class='ocrx_word' id='word_1_236' title='bbox 451 1654 548 1683; x_wconf 87' lang='lat' dir='ltr'>quum</span> <span class='ocrx_word' id='word_1_237' title='bbox 568 1644 685 1674; x_wconf 86' lang='lat' dir='ltr'>diserte</span> <span class='ocrx_word' id='word_1_238' title='bbox 706 1648 815 1674; x_wconf 84' lang='lat' dir='ltr'>narret</span> <span class='ocrx_word' id='word_1_239' title='bbox 827 1643 944 1680; x_wconf 80' lang='lat' dir='ltr'>Moses,</span> <span class='ocrx_word' id='word_1_240' title='bbox 958 1643 1122 1674; x_wconf 88' lang='lat' dir='ltr'>ministras</span> 
     </span>
     <span class='ocr_line' id='line_1_35' title="bbox 164 1685 1123 1725; baseline -0.001 -9"><span class='ocrx_word' id='word_1_241' title='bbox 164 1686 324 1717; x_wconf 86' lang='lat' dir='ltr'>Hebraeis</span> <span class='ocrx_word' id='word_1_242' title='bbox 342 1686 529 1717; x_wconf 89' lang='lat' dir='ltr'>mulieribus</span> <span class='ocrx_word' id='word_1_243' title='bbox 552 1690 583 1716; x_wconf 90' lang='lat' dir='ltr'>et</span> <span class='ocrx_word' id='word_1_244' title='bbox 608 1686 781 1716; x_wconf 89' lang='lat' dir='ltr'>adiutrices</span> <span class='ocrx_word' id='word_1_245' title='bbox 805 1686 902 1716; x_wconf 87' lang='lat' dir='ltr'>fuisse</span> <span class='ocrx_word' id='word_1_246' title='bbox 933 1685 971 1716; x_wconf 87' lang='lat' dir='ltr'>ad</span> <span class='ocrx_word' id='word_1_247' title='bbox 996 1687 1123 1725; x_wconf 88' lang='lat' dir='ltr'>parien-</span> 
     </span>
     <span class='ocr_line' id='line_1_36' title="bbox 165 1728 1123 1769; baseline 0.002 -12"><span class='ocrx_word' id='word_1_248' title='bbox 165 1728 250 1759; x_wconf 83' lang='grc' dir='ltr'>ι111111.</span> <span class='ocrx_word' id='word_1_249' title='bbox 305 1729 348 1759; x_wconf 87' lang='lat' dir='ltr'>Et</span> <span class='ocrx_word' id='word_1_250' title='bbox 380 1739 419 1759; x_wconf 82' lang='lat' dir='ltr'>ex</span> <span class='ocrx_word' id='word_1_251' title='bbox 452 1733 518 1760; x_wconf 90' lang='lat' dir='ltr'>toto</span> <span class='ocrx_word' id='word_1_252' title='bbox 551 1734 703 1759; x_wconf 81' lang='lat' dir='ltr'>contextu</span> <span class='ocrx_word' id='word_1_253' title='bbox 742 1729 838 1769; x_wconf 88' lang='lat' dir='ltr'>plane</span> <span class='ocrx_word' id='word_1_254' title='bbox 878 1728 1036 1759; x_wconf 86' lang='lat' dir='ltr'>refellitur</span> <span class='ocrx_word' id='word_1_255' title='bbox 1069 1729 1123 1759; x_wconf 89' lang='lat' dir='ltr'>illa</span> 
     </span>
     <span class='ocr_line' id='line_1_37' title="bbox 165 1770 1123 1811; baseline 0 -10"><span class='ocrx_word' id='word_1_256' title='bbox 165 1770 326 1809; x_wconf 83' lang='lat' dir='ltr'>divinatio,</span> <span class='ocrx_word' id='word_1_257' title='bbox 341 1772 525 1811; x_wconf 86' lang='lat' dir='ltr'>praesertim</span> <span class='ocrx_word' id='word_1_258' title='bbox 540 1772 612 1811; x_wconf 88' lang='lat' dir='ltr'>quia</span> <span class='ocrx_word' id='word_1_259' title='bbox 625 1775 768 1801; x_wconf 80' lang='lat' dir='ltr'>retentae</span> <span class='ocrx_word' id='word_1_260' title='bbox 782 1771 912 1801; x_wconf 89' lang='lat' dir='ltr'>fuerunt</span> <span class='ocrx_word' id='word_1_261' title='bbox 926 1771 986 1801; x_wconf 92' lang='lat' dir='ltr'>Dei</span> <span class='ocrx_word' id='word_1_262' title='bbox 1001 1771 1123 1809; x_wconf 84' lang='lat' dir='ltr'>timore,</span> 
     </span>
     <span class='ocr_line' id='line_1_38' title="bbox 164 1813 1124 1854; baseline 0.001 -11"><span class='ocrx_word' id='word_1_263' title='bbox 164 1824 204 1844; x_wconf 87' lang='lat' dir='ltr'>ne</span> <span class='ocrx_word' id='word_1_264' title='bbox 227 1813 351 1844; x_wconf 85' lang='lat' dir='ltr'>libidini</span> <span class='ocrx_word' id='word_1_265' title='bbox 375 1815 505 1854; x_wconf 71' lang='lat' dir='ltr'>tyranni</span> <span class='ocrx_word' id='word_1_266' title='bbox 525 1825 645 1845; x_wconf 88' lang='lat' dir='ltr'>morem</span> <span class='ocrx_word' id='word_1_267' title='bbox 670 1819 827 1854; x_wconf 84' lang='lat' dir='ltr'>gererent.</span> <span class='ocrx_word' id='word_1_268' title='bbox 863 1813 958 1845; x_wconf 88' lang='lat' dir='ltr'>Unde</span> <span class='ocrx_word' id='word_1_269' title='bbox 978 1815 1124 1853; x_wconf 86' lang='lat' dir='ltr'>sequitur</span> 
     </span>
     <span class='ocr_line' id='line_1_39' title="bbox 164 1856 1123 1896; baseline 0.001 -10"><span class='ocrx_word' id='word_1_270' title='bbox 164 1856 281 1895; x_wconf 88' lang='lat' dir='ltr'>pietate</span> <span class='ocrx_word' id='word_1_271' title='bbox 315 1856 419 1896; x_wconf 89' lang='lat' dir='ltr'>aliqua</span> <span class='ocrx_word' id='word_1_272' title='bbox 451 1857 547 1888; x_wconf 87' lang='lat' dir='ltr'>fuisse</span> <span class='ocrx_word' id='word_1_273' title='bbox 581 1862 655 1888; x_wconf 88' lang='lat' dir='ltr'>ante</span> <span class='ocrx_word' id='word_1_274' title='bbox 690 1856 839 1887; x_wconf 90' lang='lat' dir='ltr'>imbutas.</span> <span class='ocrx_word' id='word_1_275' title='bbox 896 1856 1019 1887; x_wconf 89' lang='lat' dir='ltr'>Verum</span> <span class='ocrx_word' id='word_1_276' title='bbox 1060 1857 1123 1887; x_wconf 86' lang='lat' dir='ltr'>alia</span> 
     </span>
     <span class='ocr_line' id='line_1_40' title="bbox 162 1899 1123 1939; baseline 0.001 -11"><span class='ocrx_word' id='word_1_277' title='bbox 162 1899 305 1938; x_wconf 86' lang='lat' dir='ltr'>quaestio</span> <span class='ocrx_word' id='word_1_278' title='bbox 328 1900 479 1936; x_wconf 84' lang='lat' dir='ltr'>exoritur,</span> <span class='ocrx_word' id='word_1_279' title='bbox 504 1909 602 1939; x_wconf 89' lang='lat' dir='ltr'>quum</span> <span class='ocrx_word' id='word_1_280' title='bbox 626 1900 666 1930; x_wconf 88' lang='lat' dir='ltr'>sit</span> <span class='ocrx_word' id='word_1_281' title='bbox 686 1899 861 1930; x_wconf 89' lang='lat' dir='ltr'>verisimile</span> <span class='ocrx_word' id='word_1_282' title='bbox 880 1899 913 1929; x_wconf 92' lang='lat' dir='ltr'>in</span> <span class='ocrx_word' id='word_1_283' title='bbox 934 1903 1024 1930; x_wconf 85' lang='lat' dir='ltr'>tanta</span> <span class='ocrx_word' id='word_1_284' title='bbox 1043 1900 1123 1930; x_wconf 89' lang='lat' dir='ltr'>mul-</span> 
     </span>
     <span class='ocr_line' id='line_1_41' title="bbox 163 1940 1121 1979; baseline 0.002 -8"><span class='ocrx_word' id='word_1_285' title='bbox 163 1940 300 1971; x_wconf 87' lang='lat' dir='ltr'>titudine</span> <span class='ocrx_word' id='word_1_286' title='bbox 322 1941 440 1973; x_wconf 85' lang='lat' dir='ltr'>multas</span> <span class='ocrx_word' id='word_1_287' title='bbox 462 1942 562 1973; x_wconf 87' lang='lat' dir='ltr'>fuisse</span> <span class='ocrx_word' id='word_1_288' title='bbox 584 1942 784 1979; x_wconf 86' lang='lat' dir='ltr'>obstetrices,</span> <span class='ocrx_word' id='word_1_289' title='bbox 809 1953 868 1973; x_wconf 91' lang='lat' dir='ltr'>cur</span> <span class='ocrx_word' id='word_1_290' title='bbox 890 1942 971 1972; x_wconf 87' lang='lat' dir='ltr'>duae</span> <span class='ocrx_word' id='word_1_291' title='bbox 995 1946 1121 1973; x_wconf 88' lang='lat' dir='ltr'>tantum</span> 
     </span>
     <span class='ocr_line' id='line_1_42' title="bbox 162 1984 1120 2024; baseline 0.002 -11"><span class='ocrx_word' id='word_1_292' title='bbox 162 1984 378 2015; x_wconf 82' lang='lat' dir='ltr'>nominentur.</span> <span class='ocrx_word' id='word_1_293' title='bbox 424 1985 552 2024; x_wconf 78' lang='lat' dir='ltr'>Duplex</span> <span class='ocrx_word' id='word_1_294' title='bbox 575 1985 682 2015; x_wconf 85' lang='lat' dir='ltr'>afferri</span> <span class='ocrx_word' id='word_1_295' title='bbox 706 1990 811 2024; x_wconf 87' lang='lat' dir='ltr'>potest</span> <span class='ocrx_word' id='word_1_296' title='bbox 834 1985 933 2021; x_wconf 91' lang='lat' dir='ltr'>ratio,</span> <span class='ocrx_word' id='word_1_297' title='bbox 963 1984 1013 2015; x_wconf 85' lang='lat' dir='ltr'>vel</span> <span class='ocrx_word' id='word_1_298' title='bbox 1037 1985 1120 2024; x_wconf 87' lang='lat' dir='ltr'>quod</span> 
     </span>
     <span class='ocr_line' id='line_1_43' title="bbox 162 2025 1122 2068; baseline 0.003 -13"><span class='ocrx_word' id='word_1_299' title='bbox 162 2025 239 2056; x_wconf 86' lang='lat' dir='ltr'>duas</span> <span class='ocrx_word' id='word_1_300' title='bbox 252 2037 424 2066; x_wconf 80' lang='lat' dir='ltr'>aggressus</span> <span class='ocrx_word' id='word_1_301' title='bbox 437 2027 478 2058; x_wconf 82' lang='lat' dir='ltr'>sit</span> <span class='ocrx_word' id='word_1_302' title='bbox 496 2033 664 2068; x_wconf 61' lang='lat' dir='ltr'>tyrannus</span> <span class='ocrx_word' id='word_1_303' title='bbox 687 2038 767 2066; x_wconf 86' lang='lat' dir='ltr'>quae</span> <span class='ocrx_word' id='word_1_304' title='bbox 785 2027 912 2067; x_wconf 89' lang='lat' dir='ltr'>longius</span> <span class='ocrx_word' id='word_1_305' title='bbox 933 2032 1122 2067; x_wconf 81' lang='lat' dir='ltr'>spargerent</span> 
     </span>
     <span class='ocr_line' id='line_1_44' title="bbox 161 2068 1121 2110; baseline 0.003 -12"><span class='ocrx_word' id='word_1_306' title='bbox 161 2068 285 2108; x_wconf 90' lang='lat' dir='ltr'>imperii</span> <span class='ocrx_word' id='word_1_307' title='bbox 309 2074 479 2100; x_wconf 82' lang='lat' dir='ltr'>terrorem:</span> <span class='ocrx_word' id='word_1_308' title='bbox 503 2070 550 2101; x_wconf 78' lang='lat' dir='ltr'>vel</span> <span class='ocrx_word' id='word_1_309' title='bbox 572 2070 654 2109; x_wconf 87' lang='lat' dir='ltr'>quod</span> <span class='ocrx_word' id='word_1_310' title='bbox 673 2070 873 2101; x_wconf 89' lang='lat' dir='ltr'>clandestina</span> <span class='ocrx_word' id='word_1_311' title='bbox 892 2070 1004 2100; x_wconf 88' lang='lat' dir='ltr'>fraude</span> <span class='ocrx_word' id='word_1_312' title='bbox 1027 2081 1121 2110; x_wconf 87' lang='lat' dir='ltr'>agere</span> 
     </span>
     <span class='ocr_line' id='line_1_45' title="bbox 161 2111 1120 2152; baseline 0.004 -12"><span class='ocrx_word' id='word_1_313' title='bbox 161 2111 341 2150; x_wconf 88' lang='lat' dir='ltr'>instituens,</span> <span class='ocrx_word' id='word_1_314' title='bbox 365 2111 499 2143; x_wconf 88' lang='lat' dir='ltr'>duorum</span> <span class='ocrx_word' id='word_1_315' title='bbox 523 2113 647 2143; x_wconf 86' lang='lat' dir='ltr'>animos</span> <span class='ocrx_word' id='word_1_316' title='bbox 667 2113 851 2149; x_wconf 84' lang='lat' dir='ltr'>tentaverit,</span> <span class='ocrx_word' id='word_1_317' title='bbox 876 2123 1010 2152; x_wconf 88' lang='lat' dir='ltr'>quarum</span> <span class='ocrx_word' id='word_1_318' title='bbox 1031 2114 1120 2144; x_wconf 91' lang='lat' dir='ltr'>obse-</span> 
     </span>
     <span class='ocr_line' id='line_1_46' title="bbox 162 2153 1120 2195; baseline 0.004 -13"><span class='ocrx_word' id='word_1_319' title='bbox 162 2153 234 2192; x_wconf 91' lang='lat' dir='ltr'>quio</span> <span class='ocrx_word' id='word_1_320' title='bbox 264 2154 290 2184; x_wconf 90' lang='lat' dir='ltr'>si</span> <span class='ocrx_word' id='word_1_321' title='bbox 319 2155 437 2194; x_wconf 90' lang='lat' dir='ltr'>potitus</span> <span class='ocrx_word' id='word_1_322' title='bbox 465 2162 563 2193; x_wconf 82' lang='lat' dir='ltr'>esset,</span> <span class='ocrx_word' id='word_1_323' title='bbox 595 2155 675 2186; x_wconf 87' lang='lat' dir='ltr'>alias</span> <span class='ocrx_word' id='word_1_324' title='bbox 706 2155 857 2195; x_wconf 86' lang='lat' dir='ltr'>sperabat</span> <span class='ocrx_word' id='word_1_325' title='bbox 887 2155 998 2186; x_wconf 86' lang='lat' dir='ltr'>eodem</span> <span class='ocrx_word' id='word_1_326' title='bbox 1029 2156 1120 2187; x_wconf 84' lang='lat' dir='ltr'>facile</span> 
     </span>
     <span class='ocr_line' id='line_1_47' title="bbox 165 2197 1120 2237; baseline 0.003 -12"><span class='ocrx_word' id='word_1_327' title='bbox 165 2200 357 2234; x_wconf 85' lang='lat' dir='ltr'>pertractum</span> <span class='ocrx_word' id='word_1_328' title='bbox 382 2197 430 2228; x_wconf 91' lang='lat' dir='ltr'>iri.</span> <span class='ocrx_word' id='word_1_329' title='bbox 467 2197 649 2236; x_wconf 87' lang='lat' dir='ltr'>Quominus</span> <span class='ocrx_word' id='word_1_330' title='bbox 674 2199 758 2228; x_wconf 89' lang='lat' dir='ltr'>enim</span> <span class='ocrx_word' id='word_1_331' title='bbox 783 2198 888 2237; x_wconf 89' lang='lat' dir='ltr'>palam</span> <span class='ocrx_word' id='word_1_332' title='bbox 912 2202 945 2228; x_wconf 87' lang='lat' dir='ltr'>et</span> <span class='ocrx_word' id='word_1_333' title='bbox 968 2199 1120 2229; x_wconf 88' lang='lat' dir='ltr'>omnibus</span> 
     </span>
     <span class='ocr_line' id='line_1_48' title="bbox 162 2238 808 2280; baseline 0.006 -13"><span class='ocrx_word' id='word_1_334' title='bbox 162 2238 340 2276; x_wconf 86' lang='lat' dir='ltr'>promiscue</span> <span class='ocrx_word' id='word_1_335' title='bbox 363 2239 530 2270; x_wconf 84' lang='lat' dir='ltr'>mandaret</span> <span class='ocrx_word' id='word_1_336' title='bbox 552 2241 675 2271; x_wconf 85' lang='lat' dir='ltr'>obstitit</span> <span class='ocrx_word' id='word_1_337' title='bbox 698 2240 808 2280; x_wconf 88' lang='lat' dir='ltr'>pudor.</span> 
     </span>
    </p>

    <p class='ocr_par' dir='ltr' id='par_1_5' title="bbox 164 2280 1120 2665">
     <span class='ocr_line' id='line_1_49' title="bbox 248 2280 1119 2324; baseline 0.006 -14"><span class='ocrx_word' id='word_1_338' title='bbox 248 2280 296 2311; x_wconf 79' lang='lat'>17.</span> <span class='ocrx_word' id='word_1_339' title='bbox 336 2281 514 2313; x_wconf 74' lang='lat' dir='ltr'>Timuerwzt</span> <span class='ocrx_word' id='word_1_340' title='bbox 543 2283 653 2315; x_wconf 79' lang='lat' dir='ltr'>Deum.</span> <span class='ocrx_word' id='word_1_341' title='bbox 707 2283 779 2314; x_wconf 92' lang='lat' dir='ltr'>Non</span> <span class='ocrx_word' id='word_1_342' title='bbox 813 2283 967 2324; x_wconf 89' lang='lat' dir='ltr'>intelligit</span> <span class='ocrx_word' id='word_1_343' title='bbox 1001 2283 1119 2319; x_wconf 84' lang='lat' dir='ltr'>Moses,</span> 
     </span>
     <span class='ocr_line' id='line_1_50' title="bbox 165 2323 1119 2363; baseline 0.006 -12"><span class='ocrx_word' id='word_1_344' title='bbox 165 2328 240 2352; x_wconf 86' lang='lat' dir='ltr'>tunc</span> <span class='ocrx_word' id='word_1_345' title='bbox 262 2323 400 2362; x_wconf 87' lang='lat' dir='ltr'>primum</span> <span class='ocrx_word' id='word_1_346' title='bbox 424 2325 522 2356; x_wconf 86' lang='lat' dir='ltr'>fuisse</span> <span class='ocrx_word' id='word_1_347' title='bbox 544 2325 607 2356; x_wconf 90' lang='lat' dir='ltr'>Dei</span> <span class='ocrx_word' id='word_1_348' title='bbox 631 2326 745 2356; x_wconf 91' lang='lat' dir='ltr'>timore</span> <span class='ocrx_word' id='word_1_349' title='bbox 767 2330 884 2363; x_wconf 87' lang='lat' dir='ltr'>tactas,</span> <span class='ocrx_word' id='word_1_350' title='bbox 911 2325 965 2357; x_wconf 91' lang='lat' dir='ltr'>sed</span> <span class='ocrx_word' id='word_1_351' title='bbox 989 2336 1119 2357; x_wconf 88' lang='lat' dir='ltr'>causam</span> 
     </span>
     <span class='ocr_line' id='line_1_51' title="bbox 164 2364 1120 2408; baseline 0.006 -14"><span class='ocrx_word' id='word_1_352' title='bbox 164 2364 306 2404; x_wconf 75' lang='lat' dir='ltr'>a=signat</span> <span class='ocrx_word' id='word_1_353' title='bbox 335 2377 390 2396; x_wconf 89' lang='lat' dir='ltr'>cur</span> <span class='ocrx_word' id='word_1_354' title='bbox 418 2378 479 2398; x_wconf 91' lang='lat' dir='ltr'>non</span> <span class='ocrx_word' id='word_1_355' title='bbox 509 2370 676 2407; x_wconf 85' lang='lat' dir='ltr'>paruerint</span> <span class='ocrx_word' id='word_1_356' title='bbox 704 2369 824 2400; x_wconf 88' lang='lat' dir='ltr'>iniusto</span> <span class='ocrx_word' id='word_1_357' title='bbox 854 2369 1022 2404; x_wconf 79' lang='lat' dir='ltr'>mandato,</span> <span class='ocrx_word' id='word_1_358' title='bbox 1046 2370 1120 2408; x_wconf 89' lang='lat' dir='ltr'>quia</span> 
     </span>
     <span class='ocr_line' id='line_1_52' title="bbox 165 2407 1119 2452; baseline 0.006 -16"><span class='ocrx_word' id='word_1_359' title='bbox 165 2407 284 2437; x_wconf 87' lang='lat' dir='ltr'>scilicet</span> <span class='ocrx_word' id='word_1_360' title='bbox 317 2408 416 2447; x_wconf 88' lang='lat' dir='ltr'>pluris</span> <span class='ocrx_word' id='word_1_361' title='bbox 449 2410 533 2450; x_wconf 90' lang='lat' dir='ltr'>apud</span> <span class='ocrx_word' id='word_1_362' title='bbox 562 2411 633 2441; x_wconf 88' lang='lat' dir='ltr'>illas</span> <span class='ocrx_word' id='word_1_363' title='bbox 667 2412 729 2442; x_wconf 90' lang='lat' dir='ltr'>fuit</span> <span class='ocrx_word' id='word_1_364' title='bbox 757 2412 809 2441; x_wconf 86' lang='lat' dir='ltr'>vel</span> <span class='ocrx_word' id='word_1_365' title='bbox 842 2412 1025 2452; x_wconf 88' lang='lat' dir='ltr'>praevaluit</span> <span class='ocrx_word' id='word_1_366' title='bbox 1058 2413 1119 2443; x_wconf 86' lang='lat' dir='ltr'>Dei</span> 
     </span>
     <span class='ocr_line' id='line_1_53' title="bbox 166 2451 1119 2494; baseline 0.007 -16"><span class='ocrx_word' id='word_1_367' title='bbox 166 2451 356 2481; x_wconf 87' lang='lat' dir='ltr'>reverentia.</span> <span class='ocrx_word' id='word_1_368' title='bbox 408 2452 451 2482; x_wconf 88' lang='lat' dir='ltr'>Et</span> <span class='ocrx_word' id='word_1_369' title='bbox 479 2458 579 2490; x_wconf 85' lang='lat' dir='ltr'>certe,</span> <span class='ocrx_word' id='word_1_370' title='bbox 613 2458 648 2484; x_wconf 94' lang='lat' dir='ltr'>ut</span> <span class='ocrx_word' id='word_1_371' title='bbox 678 2454 737 2485; x_wconf 91' lang='lat' dir='ltr'>hoc</span> <span class='ocrx_word' id='word_1_372' title='bbox 768 2455 877 2485; x_wconf 85' lang='lat' dir='ltr'>fraeno</span> <span class='ocrx_word' id='word_1_373' title='bbox 912 2454 1032 2494; x_wconf 90' lang='lat' dir='ltr'>optime</span> <span class='ocrx_word' id='word_1_374' title='bbox 1069 2465 1119 2485; x_wconf 86' lang='lat' dir='ltr'>re-</span> 
     </span>
     <span class='ocr_line' id='line_1_54' title="bbox 165 2496 1119 2537; baseline 0.007 -16"><span class='ocrx_word' id='word_1_375' title='bbox 165 2497 286 2531; x_wconf 87' lang='lat' dir='ltr'>guntur</span> <span class='ocrx_word' id='word_1_376' title='bbox 319 2503 428 2524; x_wconf 89' lang='lat' dir='ltr'>omnes</span> <span class='ocrx_word' id='word_1_377' title='bbox 460 2497 559 2526; x_wconf 88' lang='lat' dir='ltr'>nostri</span> <span class='ocrx_word' id='word_1_378' title='bbox 600 2496 749 2534; x_wconf 81' lang='lat' dir='ltr'>affectus,</span> <span class='ocrx_word' id='word_1_379' title='bbox 783 2497 828 2527; x_wconf 87' lang='lat' dir='ltr'>ita</span> <span class='ocrx_word' id='word_1_380' title='bbox 861 2501 893 2527; x_wconf 89' lang='lat' dir='ltr'>et</span> <span class='ocrx_word' id='word_1_381' title='bbox 932 2497 1119 2537; x_wconf 85' lang='lat' dir='ltr'>aptissimus</span> 
     </span>
     <span class='ocr_line' id='line_1_55' title="bbox 164 2534 1120 2579; baseline 0.008 -16"><span class='ocrx_word' id='word_1_382' title='bbox 164 2538 212 2564; x_wconf 87' lang='lat' dir='ltr'>est</span> <span class='ocrx_word' id='word_1_383' title='bbox 242 2534 280 2564; x_wconf 90' lang='lat' dir='ltr'>ad</span> <span class='ocrx_word' id='word_1_384' title='bbox 304 2535 502 2574; x_wconf 85' lang='lat' dir='ltr'>repellendas</span> <span class='ocrx_word' id='word_1_385' title='bbox 535 2548 645 2569; x_wconf 91' lang='lat' dir='ltr'>omnes</span> <span class='ocrx_word' id='word_1_386' title='bbox 679 2539 873 2570; x_wconf 83' lang='lat' dir='ltr'>tentationes</span> <span class='ocrx_word' id='word_1_387' title='bbox 907 2539 1055 2579; x_wconf 71' lang='lat' dir='ltr'>clypeus,</span> <span class='ocrx_word' id='word_1_388' title='bbox 1089 2545 1120 2571; x_wconf 87' lang='lat' dir='ltr'>et</span> 
     </span>
     <span class='ocr_line' id='line_1_56' title="bbox 164 2577 1120 2622; baseline 0.008 -17"><span class='ocrx_word' id='word_1_389' title='bbox 164 2577 257 2606; x_wconf 89' lang='lat' dir='ltr'>firma</span> <span class='ocrx_word' id='word_1_390' title='bbox 279 2577 456 2609; x_wconf 89' lang='lat' dir='ltr'>animorum</span> <span class='ocrx_word' id='word_1_391' title='bbox 479 2579 614 2619; x_wconf 86' lang='lat' dir='ltr'>fultura,</span> <span class='ocrx_word' id='word_1_392' title='bbox 644 2592 684 2612; x_wconf 91' lang='lat' dir='ltr'>ne</span> <span class='ocrx_word' id='word_1_393' title='bbox 714 2582 747 2612; x_wconf 92' lang='lat' dir='ltr'>in</span> <span class='ocrx_word' id='word_1_394' title='bbox 777 2582 929 2622; x_wconf 89' lang='lat' dir='ltr'>periculis</span> <span class='ocrx_word' id='word_1_395' title='bbox 960 2583 1120 2613; x_wconf 86' lang='lat' dir='ltr'>vacillent.</span> 
     </span>
     <span class='ocr_line' id='line_1_57' title="bbox 165 2618 1120 2665; baseline 0.008 -17"><span class='ocrx_word' id='word_1_396' title='bbox 165 2618 266 2649; x_wconf 86' lang='lat' dir='ltr'>Porro</span> <span class='ocrx_word' id='word_1_397' title='bbox 289 2618 413 2651; x_wconf 89' lang='lat' dir='ltr'>facinus</span> <span class='ocrx_word' id='word_1_398' title='bbox 431 2620 489 2652; x_wconf 96' lang='grc'>1100</span> <span class='ocrx_word' id='word_1_399' title='bbox 507 2622 743 2655; x_wconf 80' lang='lat' dir='ltr'>exhorruerunt</span> <span class='ocrx_word' id='word_1_400' title='bbox 761 2635 824 2655; x_wconf 90' lang='lat' dir='ltr'>non</span> <span class='ocrx_word' id='word_1_401' title='bbox 844 2624 947 2656; x_wconf 85' lang='lat' dir='ltr'>solum</span> <span class='ocrx_word' id='word_1_402' title='bbox 966 2629 1120 2665; x_wconf 87' lang='lat' dir='ltr'>tanquam</span> 
     </span>
    </p>
   </div>
   <div class='ocr_carea' id='block_1_5' title="bbox 265 2668 723 2704">
    <p class='ocr_par' dir='ltr' id='par_1_6' title="bbox 265 2668 723 2704">
     <span class='ocr_line' id='line_1_58' title="bbox 265 2668 723 2704; baseline 0.015 -10"><span class='ocrx_word' id='word_1_403' title='bbox 265 2668 372 2695; x_wconf 78' lang='lat' dir='ltr'>Calvim&#39;</span> <span class='ocrx_word' id='word_1_404' title='bbox 391 2678 481 2704; x_wconf 80' lang='lat' dir='ltr'>opera.</span> <span class='ocrx_word' id='word_1_405' title='bbox 521 2673 576 2700; x_wconf 85' lang='lat' dir='ltr'>Vol.</span> <span class='ocrx_word' id='word_1_406' title='bbox 611 2673 686 2699; x_wconf 85' lang='lat' dir='ltr'>XXI</span> <span class='ocrx_word' id='word_1_407' title='bbox 694 2675 723 2701; x_wconf 89' lang='lat' dir='ltr'>V.</span> 
     </span>
    </p>
   </div>
   <div class='ocr_carea' id='block_1_6' title="bbox 761 188 1539 221">
    <p class='ocr_par' dir='ltr' id='par_1_7' title="bbox 761 188 1539 221">
     <span class='ocr_line' id='line_1_59' title="bbox 761 188 1539 221; baseline 0.001 -1"><span class='ocrx_word' id='word_1_408' title='bbox 761 188 1127 220; x_wconf 81' lang='lat' dir='ltr'><strong>COMMENTARIUS</strong></span> <span class='ocrx_word' id='word_1_409' title='bbox 1150 188 1199 219; x_wconf 92' lang='lat' dir='ltr'>IN</span> <span class='ocrx_word' id='word_1_410' title='bbox 1222 188 1371 220; x_wconf 85' lang='lat' dir='ltr'>EXODI</span> <span class='ocrx_word' id='word_1_411' title='bbox 1393 190 1489 221; x_wconf 82' lang='lat' dir='ltr'>GAP.</span> <span class='ocrx_word' id='word_1_412' title='bbox 1515 191 1539 221; x_wconf 94' lang='grc' dir='ltr'>Ι.</span> 
     </span>
    </p>
   </div>
   <div class='ocr_carea' id='block_1_7' title="bbox 1146 307 1155 2645">
    <p class='ocr_par' dir='ltr' id='par_1_8' title="bbox 1146 307 1155 2645">
     <span class='ocr_line' id='line_1_60' title="bbox 1146 307 1155 2645; baseline 0 0"><span class='ocrx_word' id='word_1_413' title='bbox 1146 307 1155 2645; x_wconf 95' lang='lat' dir='ltr'> </span> 
     </span>
    </p>
   </div>
   <div class='ocr_carea' id='block_1_8' title="bbox 2109 195 2149 226">
    <p class='ocr_par' dir='ltr' id='par_1_9' title="bbox 2109 195 2149 226">
     <span class='ocr_line' id='line_1_61' title="bbox 2109 195 2149 226; baseline 0.05 -2"><span class='ocrx_word' id='word_1_414' title='bbox 2109 195 2149 226; x_wconf 77' lang='grc'>18</span> 
     </span>
    </p>
   </div>
   <div class='ocr_carea' id='block_1_9' title="bbox 1170 281 2144 2620">
    <p class='ocr_par' dir='ltr' id='par_1_10' title="bbox 1175 281 2144 1854">
     <span class='ocr_line' id='line_1_62' title="bbox 1178 281 2142 325; baseline 0.003 -12"><span class='ocrx_word' id='word_1_415' title='bbox 1178 281 1307 313; x_wconf 87' lang='lat' dir='ltr'>crudele</span> <span class='ocrx_word' id='word_1_416' title='bbox 1331 287 1360 312; x_wconf 91' lang='lat' dir='ltr'>et</span> <span class='ocrx_word' id='word_1_417' title='bbox 1383 283 1611 315; x_wconf 87' lang='lat' dir='ltr'>inhumanum:</span> <span class='ocrx_word' id='word_1_418' title='bbox 1638 285 1692 315; x_wconf 87' lang='lat' dir='ltr'>sed</span> <span class='ocrx_word' id='word_1_419' title='bbox 1715 285 1789 325; x_wconf 91' lang='lat' dir='ltr'>quia</span> <span class='ocrx_word' id='word_1_420' title='bbox 1807 284 1938 325; x_wconf 88' lang='lat' dir='ltr'>vigebat</span> <span class='ocrx_word' id='word_1_421' title='bbox 1959 285 1990 315; x_wconf 92' lang='lat' dir='ltr'>in</span> <span class='ocrx_word' id='word_1_422' title='bbox 2010 285 2142 317; x_wconf 87' lang='lat' dir='ltr'>illarum</span> 
     </span>
     <span class='ocr_line' id='line_1_63' title="bbox 1177 324 2142 368; baseline 0.005 -14"><span class='ocrx_word' id='word_1_423' title='bbox 1177 324 1326 355; x_wconf 84' lang='lat' dir='ltr'>cordibus</span> <span class='ocrx_word' id='word_1_424' title='bbox 1350 325 1504 356; x_wconf 88' lang='lat' dir='ltr'>sincerior</span> <span class='ocrx_word' id='word_1_425' title='bbox 1526 327 1639 368; x_wconf 87' lang='lat' dir='ltr'>religio</span> <span class='ocrx_word' id='word_1_426' title='bbox 1662 332 1693 358; x_wconf 88' lang='lat' dir='ltr'>et</span> <span class='ocrx_word' id='word_1_427' title='bbox 1712 328 1824 367; x_wconf 88' lang='lat' dir='ltr'>pietas.</span> <span class='ocrx_word' id='word_1_428' title='bbox 1861 326 2015 359; x_wconf 80' lang='lat' dir='ltr'>Sciebant</span> <span class='ocrx_word' id='word_1_429' title='bbox 2034 332 2142 359; x_wconf 89' lang='lat' dir='ltr'>autem</span> 
     </span>
     <span class='ocr_line' id='line_1_64' title="bbox 1178 365 2142 409; baseline 0.005 -13"><span class='ocrx_word' id='word_1_430' title='bbox 1178 365 1334 398; x_wconf 89' lang='lat' dir='ltr'>divinitus</span> <span class='ocrx_word' id='word_1_431' title='bbox 1354 368 1490 398; x_wconf 88' lang='lat' dir='ltr'>electum</span> <span class='ocrx_word' id='word_1_432' title='bbox 1512 374 1541 400; x_wconf 83' lang='lat' dir='ltr'>et</span> <span class='ocrx_word' id='word_1_433' title='bbox 1562 380 1595 400; x_wconf 91' lang='lat' dir='ltr'>re</span> <span class='ocrx_word' id='word_1_434' title='bbox 1615 370 1684 409; x_wconf 88' lang='lat' dir='ltr'>ipsa</span> <span class='ocrx_word' id='word_1_435' title='bbox 1702 375 1854 409; x_wconf 78' lang='lat' dir='ltr'>expertae</span> <span class='ocrx_word' id='word_1_436' title='bbox 1877 374 1970 401; x_wconf 87' lang='lat' dir='ltr'>erant</span> <span class='ocrx_word' id='word_1_437' title='bbox 1993 370 2142 402; x_wconf 85' lang='lat' dir='ltr'>benedic-</span> 
     </span>
     <span class='ocr_line' id='line_1_65' title="bbox 1177 410 2143 453; baseline 0.005 -15"><span class='ocrx_word' id='word_1_438' title='bbox 1177 414 1244 439; x_wconf 88' lang='lat' dir='ltr'>tum</span> <span class='ocrx_word' id='word_1_439' title='bbox 1276 420 1346 440; x_wconf 87' lang='lat' dir='ltr'>esse</span> <span class='ocrx_word' id='word_1_440' title='bbox 1370 410 1520 442; x_wconf 86' lang='lat' dir='ltr'>Abrahae</span> <span class='ocrx_word' id='word_1_441' title='bbox 1544 422 1669 443; x_wconf 84' lang='lat' dir='ltr'>semen:</span> <span class='ocrx_word' id='word_1_442' title='bbox 1702 412 1788 443; x_wconf 89' lang='lat' dir='ltr'>unde</span> <span class='ocrx_word' id='word_1_443' title='bbox 1812 412 1931 443; x_wconf 90' lang='lat' dir='ltr'>sentire</span> <span class='ocrx_word' id='word_1_444' title='bbox 1954 417 2143 453; x_wconf 88' lang='lat' dir='ltr'>promptum</span> 
     </span>
     <span class='ocr_line' id='line_1_66' title="bbox 1176 452 2142 495; baseline 0.005 -14"><span class='ocrx_word' id='word_1_445' title='bbox 1176 457 1253 489; x_wconf 85' lang='lat' dir='ltr'>erat,</span> <span class='ocrx_word' id='word_1_446' title='bbox 1267 452 1475 492; x_wconf 84' lang='lat' dir='ltr'>exstinguere</span> <span class='ocrx_word' id='word_1_447' title='bbox 1498 454 1530 484; x_wconf 90' lang='lat' dir='ltr'>in</span> <span class='ocrx_word' id='word_1_448' title='bbox 1552 455 1618 493; x_wconf 80' lang='lat' dir='ltr'>ipso</span> <span class='ocrx_word' id='word_1_449' title='bbox 1632 455 1692 485; x_wconf 91' lang='lat' dir='ltr'>Dei</span> <span class='ocrx_word' id='word_1_450' title='bbox 1713 455 1859 495; x_wconf 81' lang='lat' dir='ltr'>gratiam,</span> <span class='ocrx_word' id='word_1_451' title='bbox 1879 455 2053 495; x_wconf 82' lang='lat' dir='ltr'>sacrilegae</span> <span class='ocrx_word' id='word_1_452' title='bbox 2072 465 2142 486; x_wconf 88' lang='lat' dir='ltr'>esse</span> 
     </span>
     <span class='ocr_line' id='line_1_67' title="bbox 1176 494 2142 533; baseline 0.005 -10"><span class='ocrx_word' id='word_1_453' title='bbox 1176 494 1360 533; x_wconf 85' lang='lat' dir='ltr'>impictatis.</span> <span class='ocrx_word' id='word_1_454' title='bbox 1395 495 1465 526; x_wconf 88' lang='lat' dir='ltr'>Iam</span> <span class='ocrx_word' id='word_1_455' title='bbox 1485 497 1626 527; x_wconf 88' lang='lat' dir='ltr'>notanda</span> <span class='ocrx_word' id='word_1_456' title='bbox 1645 500 1694 528; x_wconf 88' lang='lat' dir='ltr'>est</span> <span class='ocrx_word' id='word_1_457' title='bbox 1713 497 1883 528; x_wconf 82' lang='lat' dir='ltr'>antithesis</span> <span class='ocrx_word' id='word_1_458' title='bbox 1897 498 1980 528; x_wconf 86' lang='lat' dir='ltr'>inter</span> <span class='ocrx_word' id='word_1_459' title='bbox 1993 498 2142 529; x_wconf 86' lang='lat' dir='ltr'>timorem</span> 
     </span>
     <span class='ocr_line' id='line_1_68' title="bbox 1175 536 2141 579; baseline 0.005 -13"><span class='ocrx_word' id='word_1_460' title='bbox 1175 536 1238 566; x_wconf 93' lang='lat' dir='ltr'>Dei</span> <span class='ocrx_word' id='word_1_461' title='bbox 1269 541 1301 567; x_wconf 89' lang='lat' dir='ltr'>et</span> <span class='ocrx_word' id='word_1_462' title='bbox 1330 547 1452 576; x_wconf 87' lang='lat' dir='ltr'>poenae</span> <span class='ocrx_word' id='word_1_463' title='bbox 1481 537 1702 577; x_wconf 83' lang='lat' dir='ltr'>formidinem,</span> <span class='ocrx_word' id='word_1_464' title='bbox 1733 550 1812 579; x_wconf 89' lang='lat' dir='ltr'>quae</span> <span class='ocrx_word' id='word_1_465' title='bbox 1843 540 1929 579; x_wconf 86' lang='lat' dir='ltr'>ipsas</span> <span class='ocrx_word' id='word_1_466' title='bbox 1964 540 2002 571; x_wconf 88' lang='lat' dir='ltr'>ab</span> <span class='ocrx_word' id='word_1_467' title='bbox 2036 540 2141 572; x_wconf 78' lang='lat' dir='ltr'>officio</span> 
     </span>
     <span class='ocr_line' id='line_1_69' title="bbox 1176 578 2141 622; baseline 0.005 -14"><span class='ocrx_word' id='word_1_468' title='bbox 1176 578 1340 610; x_wconf 87' lang='lat' dir='ltr'>dimovere</span> <span class='ocrx_word' id='word_1_469' title='bbox 1373 584 1507 619; x_wconf 85' lang='lat' dir='ltr'>poterat.</span> <span class='ocrx_word' id='word_1_470' title='bbox 1565 581 1703 620; x_wconf 89' lang='lat' dir='ltr'>Quando</span> <span class='ocrx_word' id='word_1_471' title='bbox 1737 592 1802 613; x_wconf 90' lang='lat' dir='ltr'>non</span> <span class='ocrx_word' id='word_1_472' title='bbox 1840 582 1931 613; x_wconf 80' lang='lat' dir='ltr'>facile</span> <span class='ocrx_word' id='word_1_473' title='bbox 1972 583 2141 622; x_wconf 83' lang='lat' dir='ltr'>patiuntur</span> 
     </span>
     <span class='ocr_line' id='line_1_70' title="bbox 1177 622 2141 664; baseline 0.005 -13"><span class='ocrx_word' id='word_1_474' title='bbox 1177 622 1307 661; x_wconf 84' lang='lat' dir='ltr'>tyranni</span> <span class='ocrx_word' id='word_1_475' title='bbox 1337 624 1499 653; x_wconf 83' lang='lat' dir='ltr'>contemni</span> <span class='ocrx_word' id='word_1_476' title='bbox 1531 634 1589 655; x_wconf 89' lang='lat' dir='ltr'>sua</span> <span class='ocrx_word' id='word_1_477' title='bbox 1615 624 1765 664; x_wconf 86' lang='lat' dir='ltr'>imperia,</span> <span class='ocrx_word' id='word_1_478' title='bbox 1794 628 1898 655; x_wconf 87' lang='lat' dir='ltr'>morte</span> <span class='ocrx_word' id='word_1_479' title='bbox 1927 629 2002 655; x_wconf 83' lang='lat' dir='ltr'>ante</span> <span class='ocrx_word' id='word_1_480' title='bbox 2032 625 2141 657; x_wconf 89' lang='lat' dir='ltr'>oculos</span> 
     </span>
     <span class='ocr_line' id='line_1_71' title="bbox 1176 664 2141 704; baseline 0.005 -11"><span class='ocrx_word' id='word_1_481' title='bbox 1176 664 1313 700; x_wconf 83' lang='lat' dir='ltr'>obiecta,</span> <span class='ocrx_word' id='word_1_482' title='bbox 1349 675 1445 704; x_wconf 88' lang='lat' dir='ltr'>puras</span> <span class='ocrx_word' id='word_1_483' title='bbox 1477 670 1584 696; x_wconf 88' lang='lat' dir='ltr'>tamen</span> <span class='ocrx_word' id='word_1_484' title='bbox 1617 677 1634 696; x_wconf 85' lang='lat' dir='ltr'>a</span> <span class='ocrx_word' id='word_1_485' title='bbox 1665 667 1784 698; x_wconf 87' lang='lat' dir='ltr'>scelere</span> <span class='ocrx_word' id='word_1_486' title='bbox 1816 678 1931 698; x_wconf 87' lang='lat' dir='ltr'>manus</span> <span class='ocrx_word' id='word_1_487' title='bbox 1965 668 2141 698; x_wconf 85' lang='lat' dir='ltr'>continent.</span> 
     </span>
     <span class='ocr_line' id='line_1_72' title="bbox 1175 706 2142 741; baseline 0.004 -5"><span class='ocrx_word' id='word_1_488' title='bbox 1175 706 1226 737; x_wconf 84' lang='lat' dir='ltr'>Ita</span> <span class='ocrx_word' id='word_1_489' title='bbox 1256 706 1319 737; x_wconf 89' lang='lat' dir='ltr'>Dei</span> <span class='ocrx_word' id='word_1_490' title='bbox 1350 709 1531 739; x_wconf 81' lang='lat' dir='ltr'>reverentia</span> <span class='ocrx_word' id='word_1_491' title='bbox 1560 714 1684 740; x_wconf 87' lang='lat' dir='ltr'>erectae</span> <span class='ocrx_word' id='word_1_492' title='bbox 1717 714 1748 740; x_wconf 87' lang='lat' dir='ltr'>ct</span> <span class='ocrx_word' id='word_1_493' title='bbox 1778 710 1929 740; x_wconf 88' lang='lat' dir='ltr'>suffultae</span> <span class='ocrx_word' id='word_1_494' title='bbox 1960 709 2142 741; x_wconf 87' lang='lat' dir='ltr'>Pharaonis</span> 
     </span>
     <span class='ocr_line' id='line_1_73' title="bbox 1176 748 2141 792; baseline 0.006 -14"><span class='ocrx_word' id='word_1_495' title='bbox 1176 748 1362 780; x_wconf 85' lang='lat' dir='ltr'>mandatum</span> <span class='ocrx_word' id='word_1_496' title='bbox 1399 756 1430 780; x_wconf 91' lang='lat' dir='ltr'>et</span> <span class='ocrx_word' id='word_1_497' title='bbox 1464 751 1567 782; x_wconf 87' lang='lat' dir='ltr'>minas</span> <span class='ocrx_word' id='word_1_498' title='bbox 1602 751 1729 782; x_wconf 88' lang='lat' dir='ltr'>fortiter</span> <span class='ocrx_word' id='word_1_499' title='bbox 1769 757 1970 791; x_wconf 85' lang='lat' dir='ltr'>spreverunt.</span> <span class='ocrx_word' id='word_1_500' title='bbox 2026 752 2141 792; x_wconf 85' lang='lat' dir='ltr'>Itaque</span> 
     </span>
     <span class='ocr_line' id='line_1_74' title="bbox 1175 794 2142 834; baseline 0.004 -13"><span class='ocrx_word' id='word_1_501' title='bbox 1175 802 1253 831; x_wconf 85' lang='lat' dir='ltr'>quos</span> <span class='ocrx_word' id='word_1_502' title='bbox 1284 803 1302 822; x_wconf 87' lang='lat' dir='ltr'>a</span> <span class='ocrx_word' id='word_1_503' title='bbox 1332 796 1419 823; x_wconf 89' lang='lat' dir='ltr'>recto</span> <span class='ocrx_word' id='word_1_504' title='bbox 1451 804 1546 824; x_wconf 87' lang='lat' dir='ltr'>eursu</span> <span class='ocrx_word' id='word_1_505' title='bbox 1577 794 1693 834; x_wconf 87' lang='lat' dir='ltr'>abripit</span> <span class='ocrx_word' id='word_1_506' title='bbox 1728 795 1896 825; x_wconf 88' lang='lat' dir='ltr'>hominum</span> <span class='ocrx_word' id='word_1_507' title='bbox 1931 800 2048 833; x_wconf 88' lang='lat' dir='ltr'>terror,</span> <span class='ocrx_word' id='word_1_508' title='bbox 2083 805 2142 826; x_wconf 89' lang='lat' dir='ltr'>sua</span> 
     </span>
     <span class='ocr_line' id='line_1_75' title="bbox 1175 834 2136 877; baseline 0.005 -14"><span class='ocrx_word' id='word_1_509' title='bbox 1175 834 1309 865; x_wconf 87' lang='lat' dir='ltr'>mollitie</span> <span class='ocrx_word' id='word_1_510' title='bbox 1343 834 1483 874; x_wconf 88' lang='lat' dir='ltr'>produnt</span> <span class='ocrx_word' id='word_1_511' title='bbox 1517 837 1766 867; x_wconf 82' lang='lat' dir='ltr'>inexcusabilem</span> <span class='ocrx_word' id='word_1_512' title='bbox 1803 837 1864 867; x_wconf 91' lang='lat' dir='ltr'>Dei</span> <span class='ocrx_word' id='word_1_513' title='bbox 1905 842 2136 877; x_wconf 85' lang='lat' dir='ltr'>cont-emptum,</span> 
     </span>
     <span class='ocr_line' id='line_1_76' title="bbox 1175 878 2140 919; baseline 0.003 -12"><span class='ocrx_word' id='word_1_514' title='bbox 1175 878 1390 908; x_wconf 83' lang='lat' dir='ltr'>saerosanctis</span> <span class='ocrx_word' id='word_1_515' title='bbox 1414 878 1481 908; x_wconf 87' lang='lat' dir='ltr'>eius</span> <span class='ocrx_word' id='word_1_516' title='bbox 1505 878 1630 918; x_wconf 87' lang='lat' dir='ltr'>placitis</span> <span class='ocrx_word' id='word_1_517' title='bbox 1661 880 1829 910; x_wconf 87' lang='lat' dir='ltr'>hominum</span> <span class='ocrx_word' id='word_1_518' title='bbox 1853 880 1989 919; x_wconf 86' lang='lat' dir='ltr'>gratiam</span> <span class='ocrx_word' id='word_1_519' title='bbox 2014 880 2140 919; x_wconf 87' lang='lat' dir='ltr'>praefe-</span> 
     </span>
     <span class='ocr_line' id='line_1_77' title="bbox 1175 919 2141 962; baseline 0.004 -13"><span class='ocrx_word' id='word_1_520' title='bbox 1175 919 1284 950; x_wconf 88' lang='lat' dir='ltr'>rendo.</span> <span class='ocrx_word' id='word_1_521' title='bbox 1331 920 1446 950; x_wconf 88' lang='lat' dir='ltr'>Latius</span> <span class='ocrx_word' id='word_1_522' title='bbox 1476 921 1571 951; x_wconf 85' lang='lat' dir='ltr'>etiam</span> <span class='ocrx_word' id='word_1_523' title='bbox 1603 926 1690 960; x_wconf 84' lang='lat' dir='ltr'>patet</span> <span class='ocrx_word' id='word_1_524' title='bbox 1724 922 1869 953; x_wconf 89' lang='lat' dir='ltr'>doctrina</span> <span class='ocrx_word' id='word_1_525' title='bbox 1902 922 2024 953; x_wconf 85' lang='lat' dir='ltr'>multos</span> <span class='ocrx_word' id='word_1_526' title='bbox 2054 923 2141 962; x_wconf 89' lang='lat' dir='ltr'>plus-</span> 
     </span>
     <span class='ocr_line' id='line_1_78' title="bbox 1175 964 2141 1004; baseline 0.004 -13"><span class='ocrx_word' id='word_1_527' title='bbox 1175 973 1270 1001; x_wconf 88' lang='lat' dir='ltr'>quam</span> <span class='ocrx_word' id='word_1_528' title='bbox 1285 967 1490 1002; x_wconf 83' lang='lat' dir='ltr'>praepostere</span> <span class='ocrx_word' id='word_1_529' title='bbox 1510 974 1630 1002; x_wconf 81' lang='lat' dir='ltr'>sapere,</span> <span class='ocrx_word' id='word_1_530' title='bbox 1646 964 1720 994; x_wconf 89' lang='lat' dir='ltr'>dum</span> <span class='ocrx_word' id='word_1_531' title='bbox 1741 965 1946 995; x_wconf 88' lang='lat' dir='ltr'>subiectionis</span> <span class='ocrx_word' id='word_1_532' title='bbox 1960 969 2141 1004; x_wconf 79' lang='lat' dir='ltr'>praetextu,</span> 
     </span>
     <span class='ocr_line' id='line_1_79' title="bbox 1177 1005 2142 1047; baseline 0.004 -13"><span class='ocrx_word' id='word_1_533' title='bbox 1177 1010 1302 1045; x_wconf 85' lang='lat' dir='ltr'>praeter</span> <span class='ocrx_word' id='word_1_534' title='bbox 1326 1005 1375 1035; x_wconf 86' lang='lat' dir='ltr'>ius</span> <span class='ocrx_word' id='word_1_535' title='bbox 1399 1010 1428 1035; x_wconf 91' lang='lat' dir='ltr'>et</span> <span class='ocrx_word' id='word_1_536' title='bbox 1454 1006 1500 1035; x_wconf 85' lang='lat' dir='ltr'>fas</span> <span class='ocrx_word' id='word_1_537' title='bbox 1531 1006 1692 1045; x_wconf 85' lang='lat' dir='ltr'>improbae</span> <span class='ocrx_word' id='word_1_538' title='bbox 1722 1018 1833 1047; x_wconf 84' lang='lat' dir='ltr'>regum</span> <span class='ocrx_word' id='word_1_539' title='bbox 1864 1007 1988 1037; x_wconf 86' lang='lat' dir='ltr'>libidini</span> <span class='ocrx_word' id='word_1_540' title='bbox 2018 1008 2142 1038; x_wconf 88' lang='lat' dir='ltr'>obtem-</span> 
     </span>
     <span class='ocr_line' id='line_1_80' title="bbox 1176 1047 2141 1089; baseline 0.003 -12"><span class='ocrx_word' id='word_1_541' title='bbox 1176 1052 1300 1087; x_wconf 84' lang='lat' dir='ltr'>perant,</span> <span class='ocrx_word' id='word_1_542' title='bbox 1325 1047 1400 1078; x_wconf 87' lang='lat' dir='ltr'>dum</span> <span class='ocrx_word' id='word_1_543' title='bbox 1425 1047 1479 1078; x_wconf 93' lang='lat' dir='ltr'>alii</span> <span class='ocrx_word' id='word_1_544' title='bbox 1503 1049 1656 1079; x_wconf 86' lang='lat' dir='ltr'>avaritiae</span> <span class='ocrx_word' id='word_1_545' title='bbox 1680 1054 1711 1079; x_wconf 89' lang='lat' dir='ltr'>et</span> <span class='ocrx_word' id='word_1_546' title='bbox 1730 1049 1924 1089; x_wconf 84' lang='lat' dir='ltr'>rapacitatis,</span> <span class='ocrx_word' id='word_1_547' title='bbox 1949 1050 2002 1080; x_wconf 91' lang='lat' dir='ltr'>alii</span> <span class='ocrx_word' id='word_1_548' title='bbox 2027 1050 2141 1081; x_wconf 87' lang='lat' dir='ltr'>crude-</span> 
     </span>
     <span class='ocr_line' id='line_1_81' title="bbox 1176 1090 2142 1133; baseline 0.004 -14"><span class='ocrx_word' id='word_1_549' title='bbox 1176 1090 1277 1121; x_wconf 87' lang='lat' dir='ltr'>litatis</span> <span class='ocrx_word' id='word_1_550' title='bbox 1301 1095 1377 1120; x_wconf 89' lang='lat' dir='ltr'>sunt</span> <span class='ocrx_word' id='word_1_551' title='bbox 1400 1090 1554 1121; x_wconf 86' lang='lat' dir='ltr'>ministri:</span> <span class='ocrx_word' id='word_1_552' title='bbox 1580 1092 1651 1128; x_wconf 87' lang='lat' dir='ltr'>imo,</span> <span class='ocrx_word' id='word_1_553' title='bbox 1677 1096 1712 1122; x_wconf 87' lang='lat' dir='ltr'>ut</span> <span class='ocrx_word' id='word_1_554' title='bbox 1731 1091 1859 1123; x_wconf 84' lang='lat' dir='ltr'>caducis</span> <span class='ocrx_word' id='word_1_555' title='bbox 1880 1092 1992 1123; x_wconf 88' lang='lat' dir='ltr'>muudi</span> <span class='ocrx_word' id='word_1_556' title='bbox 2011 1093 2142 1133; x_wconf 86' lang='lat' dir='ltr'>regibus</span> 
     </span>
     <span class='ocr_line' id='line_1_82' title="bbox 1177 1132 2140 1175; baseline 0.004 -13"><span class='ocrx_word' id='word_1_557' title='bbox 1177 1133 1416 1173; x_wconf 81' lang='lat' dir='ltr'>gratificentur,</span> <span class='ocrx_word' id='word_1_558' title='bbox 1452 1132 1556 1163; x_wconf 88' lang='lat' dir='ltr'>Deum</span> <span class='ocrx_word' id='word_1_559' title='bbox 1592 1145 1648 1173; x_wconf 85' lang='lat' dir='ltr'>pro</span> <span class='ocrx_word' id='word_1_560' title='bbox 1683 1134 1783 1165; x_wconf 90' lang='lat' dir='ltr'>nihilo</span> <span class='ocrx_word' id='word_1_561' title='bbox 1818 1134 1956 1172; x_wconf 87' lang='lat' dir='ltr'>ducunt,</span> <span class='ocrx_word' id='word_1_562' title='bbox 1998 1134 2140 1175; x_wconf 88' lang='lat' dir='ltr'>adeoque</span> 
     </span>
     <span class='ocr_line' id='line_1_83' title="bbox 1177 1175 2144 1219; baseline 0.003 -14"><span class='ocrx_word' id='word_1_563' title='bbox 1177 1186 1292 1214; x_wconf 87' lang='lat' dir='ltr'>puram</span> <span class='ocrx_word' id='word_1_564' title='bbox 1317 1175 1505 1215; x_wconf 76' lang='lat' dir='ltr'>religionem</span> <span class='ocrx_word' id='word_1_565' title='bbox 1537 1176 1634 1215; x_wconf 74' lang='lat' dir='ltr'>(qnod</span> <span class='ocrx_word' id='word_1_566' title='bbox 1665 1182 1713 1207; x_wconf 89' lang='lat' dir='ltr'>est</span> <span class='ocrx_word' id='word_1_567' title='bbox 1743 1177 1885 1207; x_wconf 89' lang='lat' dir='ltr'>omnium</span> <span class='ocrx_word' id='word_1_568' title='bbox 1917 1177 2144 1219; x_wconf 88' lang='lat' dir='ltr'>deterrimum)</span> 
     </span>
     <span class='ocr_line' id='line_1_84' title="bbox 1177 1218 2142 1261; baseline 0.004 -14"><span class='ocrx_word' id='word_1_569' title='bbox 1177 1218 1261 1248; x_wconf 90' lang='lat' dir='ltr'>ferro</span> <span class='ocrx_word' id='word_1_570' title='bbox 1280 1223 1310 1248; x_wconf 90' lang='lat' dir='ltr'>et</span> <span class='ocrx_word' id='word_1_571' title='bbox 1329 1218 1460 1257; x_wconf 79' lang='lat' dir='ltr'>ignibus</span> <span class='ocrx_word' id='word_1_572' title='bbox 1481 1229 1520 1249; x_wconf 80' lang='lat' dir='ltr'>ex</span> <span class='ocrx_word' id='word_1_573' title='bbox 1540 1219 1680 1258; x_wconf 88' lang='lat' dir='ltr'>professo</span> <span class='ocrx_word' id='word_1_574' title='bbox 1701 1224 1898 1259; x_wconf 86' lang='lat' dir='ltr'>oppugnant.</span> <span class='ocrx_word' id='word_1_575' title='bbox 1938 1220 2010 1258; x_wconf 90' lang='lat' dir='ltr'>Quo</span> <span class='ocrx_word' id='word_1_576' title='bbox 2038 1221 2142 1261; x_wconf 84' lang='lat' dir='ltr'>magis</span> 
     </span>
     <span class='ocr_line' id='line_1_85' title="bbox 1178 1260 2142 1302; baseline 0.004 -12"><span class='ocrx_word' id='word_1_577' title='bbox 1178 1260 1374 1291; x_wconf 88' lang='lat' dir='ltr'>detestabilis</span> <span class='ocrx_word' id='word_1_578' title='bbox 1419 1266 1467 1291; x_wconf 84' lang='lat' dir='ltr'>est</span> <span class='ocrx_word' id='word_1_579' title='bbox 1511 1272 1621 1291; x_wconf 82' lang='lat' dir='ltr'>eorum</span> <span class='ocrx_word' id='word_1_580' title='bbox 1672 1262 1888 1302; x_wconf 86' lang='lat' dir='ltr'>impudentia,</span> <span class='ocrx_word' id='word_1_581' title='bbox 1934 1262 2015 1302; x_wconf 89' lang='lat' dir='ltr'>quod</span> <span class='ocrx_word' id='word_1_582' title='bbox 2065 1262 2142 1294; x_wconf 88' lang='lat' dir='ltr'>dum</span> 
     </span>
     <span class='ocr_line' id='line_1_86' title="bbox 1179 1302 2141 1343; baseline 0.003 -10"><span class='ocrx_word' id='word_1_583' title='bbox 1179 1302 1347 1334; x_wconf 85' lang='lat' dir='ltr'>Christum</span> <span class='ocrx_word' id='word_1_584' title='bbox 1378 1304 1568 1343; x_wconf 86' lang='lat' dir='ltr'>crucifigunt</span> <span class='ocrx_word' id='word_1_585' title='bbox 1598 1304 1733 1335; x_wconf 83' lang='lat' dir='ltr'>scientes</span> <span class='ocrx_word' id='word_1_586' title='bbox 1764 1310 1795 1334; x_wconf 90' lang='lat' dir='ltr'>et</span> <span class='ocrx_word' id='word_1_587' title='bbox 1829 1304 1973 1335; x_wconf 83' lang='lat' dir='ltr'>volentes</span> <span class='ocrx_word' id='word_1_588' title='bbox 2007 1305 2040 1336; x_wconf 90' lang='grc'>10</span> <span class='ocrx_word' id='word_1_589' title='bbox 2074 1306 2141 1337; x_wconf 88' lang='grc'>5015</span> 
     </span>
     <span class='ocr_line' id='line_1_87' title="bbox 1178 1345 2139 1385; baseline 0.002 -9"><span class='ocrx_word' id='word_1_590' title='bbox 1178 1346 1345 1382; x_wconf 80' lang='lat' dir='ltr'>membris,</span> <span class='ocrx_word' id='word_1_591' title='bbox 1377 1345 1522 1385; x_wconf 84' lang='lat' dir='ltr'>putidam</span> <span class='ocrx_word' id='word_1_592' title='bbox 1554 1351 1659 1377; x_wconf 88' lang='lat' dir='ltr'>tamen</span> <span class='ocrx_word' id='word_1_593' title='bbox 1684 1347 1924 1378; x_wconf 83' lang='lat' dir='ltr'>exeusationem</span> <span class='ocrx_word' id='word_1_594' title='bbox 1949 1347 2139 1385; x_wconf 85' lang='lat' dir='ltr'>obtendunt,</span> 
     </span>
     <span class='ocr_line' id='line_1_88' title="bbox 1177 1389 2142 1429; baseline 0.004 -11"><span class='ocrx_word' id='word_1_595' title='bbox 1177 1399 1211 1419; x_wconf 88' lang='lat' dir='ltr'>se</span> <span class='ocrx_word' id='word_1_596' title='bbox 1239 1399 1279 1419; x_wconf 84' lang='lat' dir='ltr'>ex</span> <span class='ocrx_word' id='word_1_597' title='bbox 1308 1389 1368 1419; x_wconf 81' lang='lat' dir='ltr'>Dei</span> <span class='ocrx_word' id='word_1_598' title='bbox 1398 1389 1497 1419; x_wconf 87' lang='lat' dir='ltr'>verbo</span> <span class='ocrx_word' id='word_1_599' title='bbox 1529 1389 1726 1429; x_wconf 86' lang='lat' dir='ltr'>principibus</span> <span class='ocrx_word' id='word_1_600' title='bbox 1757 1390 1822 1420; x_wconf 85' lang='lat' dir='ltr'>suis</span> <span class='ocrx_word' id='word_1_601' title='bbox 1853 1389 1991 1420; x_wconf 85' lang='lat' dir='ltr'>obedire.</span> <span class='ocrx_word' id='word_1_602' title='bbox 2039 1390 2142 1429; x_wconf 88' lang='lat' dir='ltr'>Quasi</span> 
     </span>
     <span class='ocr_line' id='line_1_89' title="bbox 1178 1431 2142 1473; baseline 0.003 -12"><span class='ocrx_word' id='word_1_603' title='bbox 1178 1441 1253 1462; x_wconf 89' lang='lat' dir='ltr'>vero</span> <span class='ocrx_word' id='word_1_604' title='bbox 1266 1431 1427 1471; x_wconf 90' lang='lat' dir='ltr'>principes</span> <span class='ocrx_word' id='word_1_605' title='bbox 1439 1431 1625 1470; x_wconf 78' lang='lat' dir='ltr'>ordinando,</span> <span class='ocrx_word' id='word_1_606' title='bbox 1644 1432 1692 1462; x_wconf 91' lang='lat' dir='ltr'>ius</span> <span class='ocrx_word' id='word_1_607' title='bbox 1712 1432 1776 1463; x_wconf 89' lang='lat' dir='ltr'>illis</span> <span class='ocrx_word' id='word_1_608' title='bbox 1795 1443 1890 1462; x_wconf 90' lang='lat' dir='ltr'>suum</span> <span class='ocrx_word' id='word_1_609' title='bbox 1907 1432 2142 1473; x_wconf 86' lang='lat' dir='ltr'>resignaverit:</span> 
     </span>
     <span class='ocr_line' id='line_1_90' title="bbox 1177 1474 2143 1515; baseline 0.003 -11"><span class='ocrx_word' id='word_1_610' title='bbox 1177 1484 1213 1504; x_wconf 89' lang='lat' dir='ltr'>ac</span> <span class='ocrx_word' id='word_1_611' title='bbox 1247 1484 1312 1504; x_wconf 92' lang='lat' dir='ltr'>non</span> <span class='ocrx_word' id='word_1_612' title='bbox 1346 1475 1452 1514; x_wconf 87' lang='lat' dir='ltr'>potius</span> <span class='ocrx_word' id='word_1_613' title='bbox 1492 1474 1612 1514; x_wconf 87' lang='lat' dir='ltr'>optimo</span> <span class='ocrx_word' id='word_1_614' title='bbox 1645 1475 1713 1505; x_wconf 88' lang='lat' dir='ltr'>iure</span> <span class='ocrx_word' id='word_1_615' title='bbox 1748 1475 1779 1505; x_wconf 91' lang='lat' dir='ltr'>in</span> <span class='ocrx_word' id='word_1_616' title='bbox 1820 1474 1965 1505; x_wconf 88' lang='lat' dir='ltr'>ordinem</span> <span class='ocrx_word' id='word_1_617' title='bbox 2007 1481 2143 1515; x_wconf 87' lang='lat' dir='ltr'>cogatur</span> 
     </span>
     <span class='ocr_line' id='line_1_91' title="bbox 1177 1517 2139 1556; baseline 0.004 -10"><span class='ocrx_word' id='word_1_618' title='bbox 1177 1520 1306 1547; x_wconf 88' lang='lat' dir='ltr'>terrena</span> <span class='ocrx_word' id='word_1_619' title='bbox 1336 1517 1468 1556; x_wconf 77' lang='lat' dir='ltr'>quaevis</span> <span class='ocrx_word' id='word_1_620' title='bbox 1502 1522 1657 1556; x_wconf 87' lang='lat' dir='ltr'>potestas,</span> <span class='ocrx_word' id='word_1_621' title='bbox 1688 1517 1740 1548; x_wconf 90' lang='lat' dir='ltr'>ubi</span> <span class='ocrx_word' id='word_1_622' title='bbox 1769 1518 1801 1547; x_wconf 91' lang='lat' dir='ltr'>in</span> <span class='ocrx_word' id='word_1_623' title='bbox 1832 1517 1954 1548; x_wconf 88' lang='lat' dir='ltr'>coelum</span> <span class='ocrx_word' id='word_1_624' title='bbox 1980 1528 2012 1548; x_wconf 86' lang='lat' dir='ltr'>se</span> <span class='ocrx_word' id='word_1_625' title='bbox 2037 1519 2139 1550; x_wconf 86' lang='lat' dir='ltr'>effert.</span> 
     </span>
     <span class='ocr_line' id='line_1_92' title="bbox 1177 1558 2140 1600; baseline 0.003 -11"><span class='ocrx_word' id='word_1_626' title='bbox 1177 1558 1318 1597; x_wconf 81' lang='lat' dir='ltr'>Quando</span> <span class='ocrx_word' id='word_1_627' title='bbox 1353 1564 1460 1589; x_wconf 89' lang='lat' dir='ltr'>autem</span> <span class='ocrx_word' id='word_1_628' title='bbox 1500 1560 1559 1590; x_wconf 90' lang='grc'>1100</span> <span class='ocrx_word' id='word_1_629' title='bbox 1594 1566 1717 1590; x_wconf 90' lang='lat' dir='ltr'>tantum</span> <span class='ocrx_word' id='word_1_630' title='bbox 1753 1563 1884 1599; x_wconf 86' lang='lat' dir='ltr'>captant</span> <span class='ocrx_word' id='word_1_631' title='bbox 1918 1565 1953 1590; x_wconf 90' lang='lat' dir='ltr'>ut</span> <span class='ocrx_word' id='word_1_632' title='bbox 1985 1561 2140 1600; x_wconf 86' lang='lat' dir='ltr'>probrum</span> 
     </span>
     <span class='ocr_line' id='line_1_93' title="bbox 1177 1602 2139 1644; baseline 0.003 -12"><span class='ocrx_word' id='word_1_633' title='bbox 1177 1602 1262 1641; x_wconf 87' lang='lat' dir='ltr'>apud</span> <span class='ocrx_word' id='word_1_634' title='bbox 1277 1602 1424 1633; x_wconf 88' lang='lat' dir='ltr'>homines</span> <span class='ocrx_word' id='word_1_635' title='bbox 1438 1602 1594 1642; x_wconf 83' lang='lat' dir='ltr'>effugiant</span> <span class='ocrx_word' id='word_1_636' title='bbox 1613 1602 1758 1633; x_wconf 70' lang='lat' dir='ltr'>scelerati</span> <span class='ocrx_word' id='word_1_637' title='bbox 1779 1603 1930 1641; x_wconf 85' lang='lat' dir='ltr'>obsequii,</span> <span class='ocrx_word' id='word_1_638' title='bbox 1950 1613 2014 1633; x_wconf 90' lang='lat' dir='ltr'>non</span> <span class='ocrx_word' id='word_1_639' title='bbox 2034 1603 2139 1644; x_wconf 90' lang='lat' dir='ltr'>longis</span> 
     </span>
     <span class='ocr_line' id='line_1_94' title="bbox 1176 1644 2138 1684; baseline 0.004 -11"><span class='ocrx_word' id='word_1_640' title='bbox 1176 1645 1356 1675; x_wconf 88' lang='lat' dir='ltr'>rationibus</span> <span class='ocrx_word' id='word_1_641' title='bbox 1369 1644 1562 1684; x_wconf 77' lang='lat' dir='ltr'>coarguendi</span> <span class='ocrx_word' id='word_1_642' title='bbox 1576 1651 1660 1681; x_wconf 83' lang='lat' dir='ltr'>sunt,</span> <span class='ocrx_word' id='word_1_643' title='bbox 1674 1645 1726 1675; x_wconf 82' lang='lat' dir='ltr'>scd</span> <span class='ocrx_word' id='word_1_644' title='bbox 1741 1644 1780 1675; x_wconf 86' lang='lat' dir='ltr'>ad</span> <span class='ocrx_word' id='word_1_645' title='bbox 1800 1645 1970 1675; x_wconf 87' lang='lat' dir='ltr'>mulierum</span> <span class='ocrx_word' id='word_1_646' title='bbox 1984 1645 2138 1677; x_wconf 90' lang='lat' dir='ltr'>iudicium</span> 
     </span>
     <span class='ocr_line' id='line_1_95' title="bbox 1175 1687 2139 1727; baseline 0.003 -10"><span class='ocrx_word' id='word_1_647' title='bbox 1175 1687 1339 1723; x_wconf 85' lang='lat' dir='ltr'>mittendi,</span> <span class='ocrx_word' id='word_1_648' title='bbox 1371 1688 1445 1727; x_wconf 88' lang='lat' dir='ltr'>quia</span> <span class='ocrx_word' id='word_1_649' title='bbox 1479 1688 1685 1718; x_wconf 84' lang='lat' dir='ltr'>obstetricum</span> <span class='ocrx_word' id='word_1_650' title='bbox 1721 1688 1902 1726; x_wconf 77' lang='lat' dir='ltr'>exemplum</span> <span class='ocrx_word' id='word_1_651' title='bbox 1938 1687 2065 1719; x_wconf 87' lang='lat' dir='ltr'>abunde</span> <span class='ocrx_word' id='word_1_652' title='bbox 2099 1689 2139 1720; x_wconf 85' lang='lat' dir='ltr'>ad</span> 
     </span>
     <span class='ocr_line' id='line_1_96' title="bbox 1175 1729 2139 1769; baseline 0.004 -10"><span class='ocrx_word' id='word_1_653' title='bbox 1175 1740 1286 1760; x_wconf 88' lang='lat' dir='ltr'>eorum</span> <span class='ocrx_word' id='word_1_654' title='bbox 1307 1729 1545 1760; x_wconf 83' lang='lat' dir='ltr'>damnationem</span> <span class='ocrx_word' id='word_1_655' title='bbox 1565 1730 1698 1761; x_wconf 85' lang='lat' dir='ltr'>sufficit:</span> <span class='ocrx_word' id='word_1_656' title='bbox 1723 1730 1911 1769; x_wconf 83' lang='lat' dir='ltr'>praesertim</span> <span class='ocrx_word' id='word_1_657' title='bbox 1933 1730 1984 1761; x_wconf 92' lang='lat' dir='ltr'>ubi</span> <span class='ocrx_word' id='word_1_658' title='bbox 2007 1741 2060 1762; x_wconf 88' lang='lat' dir='ltr'>eas</span> <span class='ocrx_word' id='word_1_659' title='bbox 2081 1742 2139 1763; x_wconf 89' lang='lat' dir='ltr'>suo</span> 
     </span>
     <span class='ocr_line' id='line_1_97' title="bbox 1175 1772 2138 1813; baseline 0.002 -10"><span class='ocrx_word' id='word_1_660' title='bbox 1175 1772 1277 1812; x_wconf 88' lang='lat' dir='ltr'>elogio</span> <span class='ocrx_word' id='word_1_661' title='bbox 1289 1772 1494 1803; x_wconf 86' lang='lat' dir='ltr'>commendat</span> <span class='ocrx_word' id='word_1_662' title='bbox 1513 1773 1654 1812; x_wconf 74' lang='lat' dir='ltr'>spiritus,</span> <span class='ocrx_word' id='word_1_663' title='bbox 1669 1772 1751 1812; x_wconf 85' lang='lat' dir='ltr'>quod</span> <span class='ocrx_word' id='word_1_664' title='bbox 1771 1773 1839 1812; x_wconf 84' lang='lat' dir='ltr'>regi</span> <span class='ocrx_word' id='word_1_665' title='bbox 1860 1783 1924 1803; x_wconf 88' lang='lat' dir='ltr'>non</span> <span class='ocrx_word' id='word_1_666' title='bbox 1943 1773 2138 1813; x_wconf 84' lang='lat' dir='ltr'>obseqnutae</span> 
     </span>
     <span class='ocr_line' id='line_1_98' title="bbox 1175 1815 1656 1854; baseline 0 -9"><span class='ocrx_word' id='word_1_667' title='bbox 1175 1815 1241 1845; x_wconf 91' lang='lat' dir='ltr'>sint</span> <span class='ocrx_word' id='word_1_668' title='bbox 1264 1815 1337 1854; x_wconf 87' lang='lat' dir='ltr'>quia</span> <span class='ocrx_word' id='word_1_669' title='bbox 1361 1815 1516 1846; x_wconf 87' lang='lat' dir='ltr'>timebant</span> <span class='ocrx_word' id='word_1_670' title='bbox 1542 1816 1656 1845; x_wconf 89' lang='lat' dir='ltr'>Deum.</span> 
     </span>
    </p>

    <p class='ocr_par' dir='ltr' id='par_1_11' title="bbox 1170 1857 2139 2620">
     <span class='ocr_line' id='line_1_99' title="bbox 1262 1857 2139 1897; baseline 0.002 -9"><span class='ocrx_word' id='word_1_671' title='bbox 1262 1858 1309 1889; x_wconf 76' lang='lat'>18.</span> <span class='ocrx_word' id='word_1_672' title='bbox 1334 1857 1376 1888; x_wconf 69' lang='lat' dir='ltr'>Et</span> <span class='ocrx_word' id='word_1_673' title='bbox 1398 1868 1506 1888; x_wconf 74' lang='lat' dir='ltr'>vocans</span> <span class='ocrx_word' id='word_1_674' title='bbox 1532 1857 1666 1889; x_wconf 78' lang='lat' dir='ltr'>Pharao.</span> <span class='ocrx_word' id='word_1_675' title='bbox 1712 1857 1784 1887; x_wconf 90' lang='lat' dir='ltr'>Non</span> <span class='ocrx_word' id='word_1_676' title='bbox 1808 1857 1969 1897; x_wconf 86' lang='lat' dir='ltr'>aequitate</span> <span class='ocrx_word' id='word_1_677' title='bbox 1993 1868 2051 1888; x_wconf 90' lang='lat' dir='ltr'>nec</span> <span class='ocrx_word' id='word_1_678' title='bbox 2074 1859 2139 1890; x_wconf 90' lang='lat' dir='ltr'>ele-</span> 
     </span>
     <span class='ocr_line' id='line_1_100' title="bbox 1173 1899 2137 1940; baseline 0.002 -10"><span class='ocrx_word' id='word_1_679' title='bbox 1173 1901 1297 1931; x_wconf 87' lang='lat' dir='ltr'>mentia</span> <span class='ocrx_word' id='word_1_680' title='bbox 1327 1900 1365 1930; x_wconf 91' lang='lat' dir='ltr'>ad</span> <span class='ocrx_word' id='word_1_681' title='bbox 1399 1900 1564 1931; x_wconf 86' lang='lat' dir='ltr'>moderate</span> <span class='ocrx_word' id='word_1_682' title='bbox 1596 1899 1755 1940; x_wconf 88' lang='lat' dir='ltr'>agendum</span> <span class='ocrx_word' id='word_1_683' title='bbox 1787 1900 1937 1930; x_wconf 84' lang='lat' dir='ltr'>inductus</span> <span class='ocrx_word' id='word_1_684' title='bbox 1971 1900 2046 1931; x_wconf 86' lang='lat' dir='ltr'>fuit:</span> <span class='ocrx_word' id='word_1_685' title='bbox 2081 1901 2137 1932; x_wconf 78' lang='lat' dir='ltr'>sed</span> 
     </span>
     <span class='ocr_line' id='line_1_101' title="bbox 1173 1942 2136 1983; baseline 0.003 -11"><span class='ocrx_word' id='word_1_686' title='bbox 1173 1943 1248 1982; x_wconf 87' lang='lat' dir='ltr'>quia</span> <span class='ocrx_word' id='word_1_687' title='bbox 1271 1943 1377 1983; x_wconf 86' lang='lat' dir='ltr'>palam</span> <span class='ocrx_word' id='word_1_688' title='bbox 1402 1954 1466 1973; x_wconf 92' lang='lat' dir='ltr'>non</span> <span class='ocrx_word' id='word_1_689' title='bbox 1490 1942 1627 1973; x_wconf 85' lang='lat' dir='ltr'>audebat</span> <span class='ocrx_word' id='word_1_690' title='bbox 1649 1943 1782 1973; x_wconf 88' lang='lat' dir='ltr'>miseros</span> <span class='ocrx_word' id='word_1_691' title='bbox 1806 1947 1837 1973; x_wconf 90' lang='lat' dir='ltr'>et</span> <span class='ocrx_word' id='word_1_692' title='bbox 1860 1942 2008 1973; x_wconf 85' lang='lat' dir='ltr'>innoxios</span> <span class='ocrx_word' id='word_1_693' title='bbox 2030 1943 2136 1975; x_wconf 87' lang='lat' dir='ltr'>foetus</span> 
     </span>
     <span class='ocr_line' id='line_1_102' title="bbox 1173 1985 2137 2025; baseline 0.002 -9"><span class='ocrx_word' id='word_1_694' title='bbox 1173 1996 1212 2016; x_wconf 78' lang='lat' dir='ltr'>ex</span> <span class='ocrx_word' id='word_1_695' title='bbox 1234 1990 1326 2017; x_wconf 89' lang='lat' dir='ltr'>utero</span> <span class='ocrx_word' id='word_1_696' title='bbox 1350 1986 1545 2025; x_wconf 89' lang='lat' dir='ltr'>prodeuntes</span> <span class='ocrx_word' id='word_1_697' title='bbox 1568 1985 1607 2015; x_wconf 89' lang='lat' dir='ltr'>ad</span> <span class='ocrx_word' id='word_1_698' title='bbox 1630 1985 1874 2015; x_wconf 87' lang='lat' dir='ltr'>trucidationem</span> <span class='ocrx_word' id='word_1_699' title='bbox 1898 1985 2067 2024; x_wconf 89' lang='lat' dir='ltr'>proiicere,</span> <span class='ocrx_word' id='word_1_700' title='bbox 2096 1997 2137 2018; x_wconf 86' lang='lat' dir='ltr'>ne</span> 
     </span>
     <span class='ocr_line' id='line_1_103' title="bbox 1174 2027 2135 2060; baseline 0.002 -2"><span class='ocrx_word' id='word_1_701' title='bbox 1174 2032 1267 2058; x_wconf 86' lang='lat' dir='ltr'>tanta</span> <span class='ocrx_word' id='word_1_702' title='bbox 1310 2029 1461 2059; x_wconf 88' lang='lat' dir='ltr'>atrocitas</span> <span class='ocrx_word' id='word_1_703' title='bbox 1506 2028 1544 2059; x_wconf 88' lang='lat' dir='ltr'>ad</span> <span class='ocrx_word' id='word_1_704' title='bbox 1590 2027 1761 2059; x_wconf 85' lang='lat' dir='ltr'>ulciscendi</span> <span class='ocrx_word' id='word_1_705' title='bbox 1808 2027 1927 2058; x_wconf 86' lang='lat' dir='ltr'>rabiem</span> <span class='ocrx_word' id='word_1_706' title='bbox 1968 2027 2135 2060; x_wconf 87' lang='lat' dir='ltr'>Israelitas</span> 
     </span>
     <span class='ocr_line' id='line_1_104' title="bbox 1173 2070 2134 2109; baseline 0.002 -8"><span class='ocrx_word' id='word_1_707' title='bbox 1173 2070 1370 2102; x_wconf 88' lang='lat' dir='ltr'>accenderet.</span> <span class='ocrx_word' id='word_1_708' title='bbox 1415 2071 1608 2102; x_wconf 86' lang='lat' dir='ltr'>Clanculum</span> <span class='ocrx_word' id='word_1_709' title='bbox 1641 2070 1739 2107; x_wconf 70' lang='lat' dir='ltr'>igitur</span> <span class='ocrx_word' id='word_1_710' title='bbox 1766 2070 1902 2100; x_wconf 79' lang='lat' dir='ltr'>feminas</span> <span class='ocrx_word' id='word_1_711' title='bbox 1926 2070 2074 2109; x_wconf 87' lang='lat' dir='ltr'>accersit,</span> <span class='ocrx_word' id='word_1_712' title='bbox 2098 2082 2134 2103; x_wconf 87' lang='lat' dir='ltr'>ac</span> 
     </span>
     <span class='ocr_line' id='line_1_105' title="bbox 1172 2112 2136 2153; baseline 0.001 -9"><span class='ocrx_word' id='word_1_713' title='bbox 1172 2114 1351 2153; x_wconf 87' lang='lat' dir='ltr'>interrogat</span> <span class='ocrx_word' id='word_1_714' title='bbox 1374 2123 1430 2144; x_wconf 90' lang='lat' dir='ltr'>cur</span> <span class='ocrx_word' id='word_1_715' title='bbox 1444 2124 1507 2144; x_wconf 91' lang='grc'>000</span> <span class='ocrx_word' id='word_1_716' title='bbox 1526 2118 1719 2152; x_wconf 79' lang='lat' dir='ltr'>exsequutae</span> <span class='ocrx_word' id='word_1_717' title='bbox 1739 2113 1804 2143; x_wconf 88' lang='lat' dir='ltr'>sint</span> <span class='ocrx_word' id='word_1_718' title='bbox 1822 2112 1904 2152; x_wconf 91' lang='lat' dir='ltr'>quod</span> <span class='ocrx_word' id='word_1_719' title='bbox 1926 2123 2136 2153; x_wconf 85' lang='lat' dir='ltr'>praeceperat</span> 
     </span>
     <span class='ocr_line' id='line_1_106' title="bbox 1173 2154 2135 2196; baseline 0.002 -10"><span class='ocrx_word' id='word_1_720' title='bbox 1173 2156 1211 2186; x_wconf 90' lang='lat' dir='ltr'>de</span> <span class='ocrx_word' id='word_1_721' title='bbox 1241 2155 1392 2187; x_wconf 86' lang='lat' dir='ltr'>necandis</span> <span class='ocrx_word' id='word_1_722' title='bbox 1420 2156 1451 2186; x_wconf 89' lang='grc'>10</span> <span class='ocrx_word' id='word_1_723' title='bbox 1483 2157 1551 2196; x_wconf 88' lang='lat' dir='ltr'>ipso</span> <span class='ocrx_word' id='word_1_724' title='bbox 1580 2160 1670 2195; x_wconf 86' lang='lat' dir='ltr'>partu</span> <span class='ocrx_word' id='word_1_725' title='bbox 1701 2155 1886 2185; x_wconf 81' lang='lat' dir='ltr'>infantibus.</span> <span class='ocrx_word' id='word_1_726' title='bbox 1938 2154 2135 2195; x_wconf 80' lang='lat' dir='ltr'>Quanquam</span> 
     </span>
     <span class='ocr_line' id='line_1_107' title="bbox 1172 2197 2134 2239; baseline 0 -10"><span class='ocrx_word' id='word_1_727' title='bbox 1172 2210 1237 2229; x_wconf 91' lang='lat' dir='ltr'>non</span> <span class='ocrx_word' id='word_1_728' title='bbox 1262 2198 1372 2230; x_wconf 90' lang='lat' dir='ltr'>dubito</span> <span class='ocrx_word' id='word_1_729' title='bbox 1396 2198 1561 2229; x_wconf 88' lang='lat' dir='ltr'>seditionis</span> <span class='ocrx_word' id='word_1_730' title='bbox 1586 2203 1672 2228; x_wconf 86' lang='lat' dir='ltr'>metu</span> <span class='ocrx_word' id='word_1_731' title='bbox 1703 2198 1799 2228; x_wconf 86' lang='lat' dir='ltr'>fuisse</span> <span class='ocrx_word' id='word_1_732' title='bbox 1829 2197 2005 2228; x_wconf 87' lang='lat' dir='ltr'>cohibitum</span> <span class='ocrx_word' id='word_1_733' title='bbox 2030 2200 2134 2239; x_wconf 87' lang='lat' dir='ltr'>magis</span> 
     </span>
     <span class='ocr_line' id='line_1_108' title="bbox 1173 2240 2134 2281; baseline 0 -9"><span class='ocrx_word' id='word_1_734' title='bbox 1173 2252 1267 2281; x_wconf 82' lang='lat' dir='ltr'>quam</span> <span class='ocrx_word' id='word_1_735' title='bbox 1299 2242 1428 2281; x_wconf 87' lang='lat' dir='ltr'>pudore.</span> <span class='ocrx_word' id='word_1_736' title='bbox 1475 2241 1514 2271; x_wconf 93' lang='lat' dir='ltr'>In</span> <span class='ocrx_word' id='word_1_737' title='bbox 1544 2241 1749 2271; x_wconf 86' lang='lat' dir='ltr'>obstetricum</span> <span class='ocrx_word' id='word_1_738' title='bbox 1781 2250 1932 2279; x_wconf 80' lang='lat' dir='ltr'>responso</span> <span class='ocrx_word' id='word_1_739' title='bbox 1963 2240 2024 2271; x_wconf 92' lang='lat' dir='ltr'>duo</span> <span class='ocrx_word' id='word_1_740' title='bbox 2055 2242 2134 2272; x_wconf 87' lang='lat' dir='ltr'>vitia</span> 
     </span>
     <span class='ocr_line' id='line_1_109' title="bbox 1172 2283 2134 2323; baseline 0 -8"><span class='ocrx_word' id='word_1_741' title='bbox 1172 2284 1314 2315; x_wconf 83' lang='lat' dir='ltr'>notanda</span> <span class='ocrx_word' id='word_1_742' title='bbox 1351 2288 1442 2320; x_wconf 86' lang='lat' dir='ltr'>sunt,</span> <span class='ocrx_word' id='word_1_743' title='bbox 1477 2284 1550 2323; x_wconf 86' lang='lat' dir='ltr'>quia</span> <span class='ocrx_word' id='word_1_744' title='bbox 1586 2294 1643 2313; x_wconf 84' lang='lat' dir='ltr'>nec</span> <span class='ocrx_word' id='word_1_745' title='bbox 1684 2284 1761 2313; x_wconf 85' lang='lat' dir='ltr'>satis</span> <span class='ocrx_word' id='word_1_746' title='bbox 1796 2283 1934 2322; x_wconf 88' lang='lat' dir='ltr'>ingenue</span> <span class='ocrx_word' id='word_1_747' title='bbox 1972 2283 2134 2322; x_wconf 85' lang='lat' dir='ltr'>professae</span> 
     </span>
     <span class='ocr_line' id='line_1_110' title="bbox 1171 2324 2133 2366; baseline -0.001 -8"><span class='ocrx_word' id='word_1_748' title='bbox 1171 2331 1247 2358; x_wconf 88' lang='lat' dir='ltr'>sunt</span> <span class='ocrx_word' id='word_1_749' title='bbox 1269 2337 1361 2358; x_wconf 88' lang='lat' dir='ltr'>suam</span> <span class='ocrx_word' id='word_1_750' title='bbox 1382 2327 1544 2366; x_wconf 83' lang='lat' dir='ltr'>pietatem,</span> <span class='ocrx_word' id='word_1_751' title='bbox 1565 2331 1597 2356; x_wconf 86' lang='lat' dir='ltr'>et</span> <span class='ocrx_word' id='word_1_752' title='bbox 1615 2325 1787 2361; x_wconf 87' lang='lat' dir='ltr'>mendacio,</span> <span class='ocrx_word' id='word_1_753' title='bbox 1812 2324 1895 2364; x_wconf 85' lang='lat' dir='ltr'>quod</span> <span class='ocrx_word' id='word_1_754' title='bbox 1919 2326 2052 2365; x_wconf 89' lang='lat' dir='ltr'>gravius</span> <span class='ocrx_word' id='word_1_755' title='bbox 2076 2333 2133 2365; x_wconf 83' lang='lat' dir='ltr'>est,</span> 
     </span>
     <span class='ocr_line' id='line_1_111' title="bbox 1171 2368 2132 2410; baseline 0 -10"><span class='ocrx_word' id='word_1_756' title='bbox 1171 2370 1299 2410; x_wconf 86' lang='lat' dir='ltr'>elapsae</span> <span class='ocrx_word' id='word_1_757' title='bbox 1319 2374 1404 2400; x_wconf 89' lang='lat' dir='ltr'>sunt.</span> <span class='ocrx_word' id='word_1_758' title='bbox 1440 2369 1522 2399; x_wconf 89' lang='lat' dir='ltr'>Nam</span> <span class='ocrx_word' id='word_1_759' title='bbox 1546 2368 1654 2399; x_wconf 84' lang='lat' dir='ltr'>fabula</span> <span class='ocrx_word' id='word_1_760' title='bbox 1672 2378 1767 2407; x_wconf 84' lang='lat' dir='ltr'>quam</span> <span class='ocrx_word' id='word_1_761' title='bbox 1789 2368 1971 2407; x_wconf 83' lang='lat' dir='ltr'>excogitant</span> <span class='ocrx_word' id='word_1_762' title='bbox 1990 2368 2132 2400; x_wconf 88' lang='lat' dir='ltr'>Rabbini</span> 
     </span>
     <span class='ocr_line' id='line_1_112' title="bbox 1170 2409 2131 2452; baseline 0.001 -10"><span class='ocrx_word' id='word_1_763' title='bbox 1170 2412 1210 2442; x_wconf 90' lang='lat' dir='ltr'>ad</span> <span class='ocrx_word' id='word_1_764' title='bbox 1234 2411 1436 2452; x_wconf 87' lang='lat' dir='ltr'>purgandam</span> <span class='ocrx_word' id='word_1_765' title='bbox 1460 2422 1567 2442; x_wconf 86' lang='lat' dir='ltr'>carum</span> <span class='ocrx_word' id='word_1_766' title='bbox 1593 2411 1734 2450; x_wconf 80' lang='lat' dir='ltr'>eulpam,</span> <span class='ocrx_word' id='word_1_767' title='bbox 1758 2409 1955 2449; x_wconf 85' lang='lat' dir='ltr'>repudianda</span> <span class='ocrx_word' id='word_1_768' title='bbox 1979 2416 2043 2442; x_wconf 85' lang='lat' dir='ltr'>cst:</span> <span class='ocrx_word' id='word_1_769' title='bbox 2068 2423 2131 2443; x_wconf 89' lang='lat' dir='ltr'>non</span> 
     </span>
     <span class='ocr_line' id='line_1_113' title="bbox 1171 2453 2131 2494; baseline 0 -9"><span class='ocrx_word' id='word_1_770' title='bbox 1171 2457 1298 2486; x_wconf 89' lang='lat' dir='ltr'>venisse</span> <span class='ocrx_word' id='word_1_771' title='bbox 1311 2455 1343 2485; x_wconf 95' lang='lat' dir='ltr'>in</span> <span class='ocrx_word' id='word_1_772' title='bbox 1358 2459 1510 2494; x_wconf 83' lang='lat' dir='ltr'>tempore,</span> <span class='ocrx_word' id='word_1_773' title='bbox 1524 2453 1598 2493; x_wconf 90' lang='lat' dir='ltr'>quia</span> <span class='ocrx_word' id='word_1_774' title='bbox 1611 2453 1844 2483; x_wconf 86' lang='lat' dir='ltr'>admonuerant-</span> <span class='ocrx_word' id='word_1_775' title='bbox 1856 2462 1966 2483; x_wconf 88' lang='lat' dir='ltr'>omnes</span> <span class='ocrx_word' id='word_1_776' title='bbox 1979 2454 2131 2486; x_wconf 86' lang='lat' dir='ltr'>mulieres</span> 
     </span>
     <span class='ocr_line' id='line_1_114' title="bbox 1170 2494 2132 2536; baseline -0.001 -8"><span class='ocrx_word' id='word_1_777' title='bbox 1170 2498 1337 2528; x_wconf 89' lang='lat' dir='ltr'>Hebraeas</span> <span class='ocrx_word' id='word_1_778' title='bbox 1369 2497 1408 2527; x_wconf 90' lang='lat' dir='ltr'>de</span> <span class='ocrx_word' id='word_1_779' title='bbox 1438 2497 1536 2536; x_wconf 86' lang='lat' dir='ltr'>impia</span> <span class='ocrx_word' id='word_1_780' title='bbox 1565 2496 1650 2535; x_wconf 84' lang='lat' dir='ltr'>regis</span> <span class='ocrx_word' id='word_1_781' title='bbox 1679 2494 1932 2525; x_wconf 87' lang='lat' dir='ltr'>machinatione:</span> <span class='ocrx_word' id='word_1_782' title='bbox 1964 2500 2058 2535; x_wconf 85' lang='lat' dir='ltr'>atque</span> <span class='ocrx_word' id='word_1_783' title='bbox 2086 2498 2132 2528; x_wconf 82' lang='lat' dir='ltr'>ita</span> 
     </span>
     <span class='ocr_line' id='line_1_115' title="bbox 1171 2536 2131 2579; baseline -0.001 -9"><span class='ocrx_word' id='word_1_784' title='bbox 1171 2541 1290 2571; x_wconf 89' lang='lat' dir='ltr'>factum</span> <span class='ocrx_word' id='word_1_785' title='bbox 1324 2549 1393 2570; x_wconf 86' lang='lat' dir='ltr'>esse</span> <span class='ocrx_word' id='word_1_786' title='bbox 1425 2544 1461 2569; x_wconf 90' lang='lat' dir='ltr'>ut</span> <span class='ocrx_word' id='word_1_787' title='bbox 1494 2538 1692 2579; x_wconf 86' lang='lat' dir='ltr'>parientibus</span> <span class='ocrx_word' id='word_1_788' title='bbox 1726 2548 1788 2567; x_wconf 90' lang='lat' dir='ltr'>non</span> <span class='ocrx_word' id='word_1_789' title='bbox 1829 2536 1986 2568; x_wconf 84' lang='lat' dir='ltr'>adessent.</span> <span class='ocrx_word' id='word_1_790' title='bbox 2044 2538 2131 2577; x_wconf 88' lang='lat' dir='ltr'>Quid</span> 
     </span>
     <span class='ocr_line' id='line_1_116' title="bbox 1171 2579 2131 2620; baseline -0.001 -7"><span class='ocrx_word' id='word_1_791' title='bbox 1171 2583 1255 2613; x_wconf 89' lang='lat' dir='ltr'>enim</span> <span class='ocrx_word' id='word_1_792' title='bbox 1286 2582 1347 2613; x_wconf 87' lang='lat' dir='ltr'>hac</span> <span class='ocrx_word' id='word_1_793' title='bbox 1377 2581 1575 2612; x_wconf 89' lang='lat' dir='ltr'>divinatione</span> <span class='ocrx_word' id='word_1_794' title='bbox 1605 2579 1775 2620; x_wconf 75' lang='lat' dir='ltr'>frigidius?</span> <span class='ocrx_word' id='word_1_795' title='bbox 1811 2580 1909 2619; x_wconf 85' lang='lat' dir='ltr'>Atqui</span> <span class='ocrx_word' id='word_1_796' title='bbox 1934 2580 2041 2611; x_wconf 87' lang='lat' dir='ltr'>Moses</span> <span class='ocrx_word' id='word_1_797' title='bbox 2072 2593 2131 2614; x_wconf 84' lang='lat' dir='ltr'>sua</span> 
     </span>
    </p>
   </div>
   <div class='ocr_carea' id='block_1_10' title="bbox 1171 2621 2132 2689">
    <p class='ocr_par' dir='ltr' id='par_1_12' title="bbox 1171 2621 2132 2689">
     <span class='ocr_line' id='line_1_117' title="bbox 1171 2621 2132 2664; baseline 0.001 -8"><span class='ocrx_word' id='word_1_798' title='bbox 1171 2625 1359 2656; x_wconf 87' lang='lat' dir='ltr'>narratione</span> <span class='ocrx_word' id='word_1_799' title='bbox 1381 2625 1532 2656; x_wconf 85' lang='lat' dir='ltr'>mentitas</span> <span class='ocrx_word' id='word_1_800' title='bbox 1556 2623 1652 2654; x_wconf 88' lang='lat' dir='ltr'>fuisse</span> <span class='ocrx_word' id='word_1_801' title='bbox 1675 2622 1823 2653; x_wconf 85' lang='lat' dir='ltr'>ostendit.</span> <span class='ocrx_word' id='word_1_802' title='bbox 1863 2621 2003 2660; x_wconf 83' lang='lat' dir='ltr'>Quidam</span> <span class='ocrx_word' id='word_1_803' title='bbox 2027 2633 2132 2664; x_wconf 84' lang='lat' dir='ltr'>genus</span> 
     </span>
     <span class='ocr_line' id='line_1_118' title="bbox 1907 2672 1923 2689; baseline 0 -5"><span class='ocrx_word' id='word_1_804' title='bbox 1907 2672 1923 2689; x_wconf 69' lang='grc' dir='ltr'>τ)</span> 
     </span>
    </p>
   </div>
  </div>
 </body>
</html>
