2304 3034
182 184 246 216 575

184 283 353 311 verterunt
376 275 521 315 quidam:
550 273 616 312 Qui
639 273 852 313 expresserit,
884 273 1060 312 insipidum
1084 278 1150 304 est:

184 322 265 353 mihi
296 320 428 351 verbum
459 316 672 357 transfigendi
703 317 824 356 optime
854 316 1014 355 quadrare
1047 316 1149 347 visum

184 370 232 396 est
255 361 417 403 praesenti
440 360 526 391 loco:
553 370 611 390 nec
636 359 772 390 multum
798 358 954 389 absimilis
977 363 1026 389 est
1049 358 1151 390 latina

182 405 342 446 loquutio,
366 401 586 444 proscindere,
611 402 662 432 vel
685 401 840 433 lacerare.
887 401 938 432 De
961 411 1059 432 sensu
1082 401 1151 440 qui-

183 449 254 480 dem
275 447 351 478 satis
370 445 529 482 convenit,
553 445 637 484 quod
652 445 742 475 Deus
762 454 890 475 sacrum
914 454 1008 475 suum
1032 454 1151 475 nomen

184 491 262 522 nolit
299 489 450 529 probrose
485 487 618 520 traduci.
665 487 709 518 Et
746 492 831 518 certe
862 486 1075 518 intolerabilis
1103 491 1153 517 est

182 533 340 573 impietas,
366 530 420 562 ubi
444 530 589 561 mortalis
614 531 708 561 homo
733 530 878 570 linguam
902 539 983 569 quae
1007 528 1047 559 ad
1070 529 1151 560 cele-

182 574 322 607 brandas
342 574 404 605 Dei
426 573 537 604 laudes
560 580 668 604 creata
689 577 748 610 est,
771 572 806 603 in
830 573 900 603 eius
923 572 1152 603 contumeliam

182 618 310 650 exserit.
346 617 460 648 Genus
474 626 601 656 quoque
614 616 727 647 mortis
745 615 949 655 exprimitur,
969 614 1046 646 dum
1064 615 1153 646 iubet

181 660 342 702 lapidibus
371 659 463 691 obrui
493 669 512 690 a
542 664 609 690 toto
632 658 765 699 populo,
797 663 831 689 ut
853 668 965 689 omnes
989 668 1005 689 e
1028 663 1152 698 specta·

181 704 255 736 culo
283 703 338 734 illo
369 702 530 733 discerent
558 701 753 733 abolendum
777 711 846 732 esse
869 701 933 731 tale
958 705 1151 740 portentum,

181 746 265 787 quod
289 751 411 777 terram
433 744 682 777 contaminabat.
729 743 843 775 Voluit
866 744 963 774 etiam
989 743 1080 774 Deus
1103 753 1153 774 ze-

181 789 250 820 lum
273 788 382 829 populi
405 788 455 819 sui
479 788 625 828 probare,
649 798 749 827 quum
773 797 886 818 omnes
910 791 1089 817 accerseret
1112 785 1152 817 ad

183 832 403 863 defensionem
423 831 546 871 gloriae
570 841 658 867 suae,
683 835 717 861 et
739 829 779 861 ad
804 829 980 861 vindictam
1002 832 1152 860 armaret.

182 876 283 906 Porro
306 885 370 905 non
389 873 528 905 Iudaeos
551 873 667 911 solum,
691 873 745 913 qui
769 883 802 904 se
826 872 1062 913 profitebantur
1085 872 1154 903 eius

182 918 338 953 cultores,
369 916 445 948 huic
476 926 597 956 poenae
627 915 781 952 subiecit,
812 914 869 946 sed
893 921 1022 946 exteros
1045 915 1153 952 etiam,

182 962 236 1001 qui
260 959 445 1000 negotiandi
468 969 565 991 causa
587 959 621 990 in
644 963 731 990 terra
754 958 928 999 degerent,
954 968 1069 998 nempe
1091 967 1155 997 quo

182 1003 326 1035 severius
354 1002 388 1033 in
418 1002 498 1043 ipsis
522 1001 707 1033 domesticis
729 1002 784 1042 qui
808 1002 916 1032 minus
940 1006 1035 1032 erant
1057 1010 1155 1031 excu-

182 1046 308 1083 sabiles,
332 1046 454 1077 crimen
478 1044 642 1085 punirent.

268 1088 330 1119 Ex.
361 1088 417 1126 22,
447 1088 478 1119 9.
512 1087 548 1119 Si
574 1088 646 1127 quis
669 1087 793 1119 dederit.
840 1086 1037 1126 Quanquam
1061 1086 1095 1116 in
1119 1097 1156 1118 eo

182 1132 249 1163 loco
263 1131 347 1162 unde
367 1131 447 1162 duos
467 1131 543 1162 istos
563 1141 677 1162 versus
696 1130 829 1171 sumpsi,
850 1129 989 1170 depositi
1007 1130 1045 1160 fit
1064 1139 1156 1160 men-

887 180 1113 219 QUARTUM
1143 181 1465 214 PRAECEPTUM.

2111 181 2176 215 576

1202 275 1255 309 tio,
1279 279 1311 305 et
1324 274 1432 306 Moses
1451 275 1627 311 fraudibus,
1653 275 1775 315 rapinis
1797 280 1828 306 et
1852 276 1945 306 furtis
1968 286 2008 306 ex
2031 277 2176 315 professo

1203 318 1352 355 occurrit,
1375 317 1453 349 haec
1478 322 1587 348 tamen
1612 328 1686 357 pars
1710 317 1821 348 debuit
1842 318 1955 349 referri
1979 318 2018 349 ad
2042 319 2174 350 tertium

1203 366 1411 400 praeceptum
1425 361 1500 400 quia
1520 361 1703 401 legitimum
1723 371 1818 391 usum
1837 360 2048 392 iurisiurandi
2066 366 2175 393 osten-

1204 402 1259 441 dit,
1283 413 1399 443 nempe
1420 408 1454 434 ut
1474 404 1507 434 in
1527 403 1623 434 rebus
1642 403 1775 434 occultis
1798 402 1838 434 ad
1863 403 1927 434 Dei
1950 404 2174 436 testimonium

1204 445 1391 485 confugiant
1407 446 1564 484 homines,
1580 457 1616 477 ac
1635 446 1826 485 interposito
1845 457 1936 477 sacro
1955 447 2024 478 eius
2042 447 2174 479 nomine

1205 488 1245 519 lis
1267 488 1353 519 inter
1375 489 1461 528 ipsos
1485 489 1664 520 dirimatur.
1711 487 1822 527 Quum
1842 494 1950 519 autem
1973 500 2014 520 ex
2039 489 2100 521 Dei
2123 500 2175 521 re-

1205 531 1352 562 verentia
1371 531 1509 571 pendeat
1530 542 1613 572 quae
1636 531 1779 562 defertur
1802 532 1960 563 autoritas
1974 532 2174 571 iuramentis,

1205 573 1301 605 simul
1325 575 1359 604 in
1383 575 1459 614 ipsis
1482 574 1728 606 commendatur
1751 573 1830 605 fides
1853 581 1885 605 et
1907 574 2036 615 religio,
2065 581 2102 606 ut
2124 575 2175 606 in-

1206 621 1255 647 ter
1283 627 1316 647 se
1346 618 1455 648 omnia
1479 617 1703 657 respondeant.
1751 616 1831 647 Vult
1853 617 1950 648 etiam
1974 617 2096 649 absolvi
2120 617 2175 649 de-

1206 659 1394 699 positarium
1417 660 1444 691 si
1468 661 1553 691 iuret
1576 659 1695 690 animal
1718 659 1802 699 quod
1825 659 1859 690 in
1882 659 2062 691 custodiam
2086 671 2175 692 acce-

1206 708 1296 742 perat
1318 703 1469 742 periisse,
1497 703 1645 742 quamvis
1668 702 1736 733 eius
1760 702 1807 733 rei
1830 707 1945 734 testem
1970 712 2035 733 non
2056 703 2175 743 produ-

1206 750 1272 776 cat:
1304 745 1378 785 quia
1412 746 1557 785 iniquum
1590 752 1639 776 est
1673 752 1709 775 ut
1742 744 1870 784 culpam
1905 746 2078 783 sustineat,
2112 746 2176 777 nisi

1206 787 1294 819 fraus
1335 788 1387 819 vel
1424 788 1565 820 crassius
1598 787 1727 828 aliquod
1761 787 1914 819 delictum
1948 788 2174 820 intervenerit.

1208 830 1285 861 Ideo
1312 830 1346 861 in
1379 831 1443 862 fine
1471 830 1605 867 dicitur,
1638 830 1795 870 suscipiet
1823 840 1989 870 possessor
2011 831 2176 862 iuramen-

1209 877 1292 911 tum,
1316 874 1400 913 quod
1425 873 1613 904 tantundem
1639 873 1727 904 valet
1750 883 1786 904 ac
1809 879 1941 914 cogetur
1964 874 2175 914 acquiescere,

1208 926 1248 947 ne
1286 916 1369 947 ultra
1402 917 1583 948 molestiam
1614 917 1759 947 facessat.
1814 916 1964 947 Notanda
1993 922 2101 948 autem
2130 916 2176 947 lo-

1207 959 1318 999 quutio
1341 964 1405 991 est:
1437 960 1510 990 Erit
1533 958 1759 990 iusiurandum
1784 958 1925 990 Iehovae
1947 959 2033 990 inter
2055 959 2176 997 ambos,

1208 1012 1271 1042 qua
1294 1002 1423 1033 iurandi
1447 1001 1559 1042 religio
1582 1006 1615 1032 et
1637 1003 1793 1033 sanctitas
1816 1001 2071 1040 commendatur,
2098 1001 2176 1033 dum

1208 1044 1357 1076 admonet
1371 1045 1479 1076 Moses
1499 1044 1605 1075 Deum
1629 1055 1698 1075 esse
1721 1049 1867 1076 autorem
1892 1055 2001 1076 sacrae
2024 1045 2177 1076 testifica-

1209 1087 1312 1125 tionis,
1334 1088 1467 1128 ideoque
1489 1087 1628 1119 iudicem
1652 1097 1688 1118 ac
1712 1087 1873 1119 vindicem
1897 1087 2089 1128 praesidere.

792 1621 1109 1675 QUARTUM
1136 1619 1579 1667 PRAECEPTUM,

498 1772 560 1804 EX
585 1771 735 1804 EXODI
758 1772 837 1804 XX.

271 1860 299 1891 8.
332 1858 506 1890 Recordare
533 1859 596 1890 diei
628 1857 788 1895 sabbathi,
819 1861 853 1889 ut
877 1858 1050 1898 sanctifices
1071 1868 1156 1889 eum:

184 1904 214 1935 9.
249 1902 309 1934 Sex
342 1902 448 1933 diebus
481 1901 661 1941 operaberis
690 1904 717 1931 et
744 1902 842 1940 facies
871 1902 1050 1933 universum
1080 1911 1158 1941 opus

185 1949 281 1977 tuum.
329 1944 378 1975 10.
404 1944 483 1975 Dies
509 1946 611 1975 autem
641 1944 790 1983 septimus
815 1943 1005 1975 Sabbathum
1029 1944 1158 1975 Iehovae

186 1989 249 2020 Dei
267 1988 313 2019 tui
332 1990 383 2019 cst.
419 1987 491 2018 Non
508 1987 606 2026 facies
624 1986 723 2017 ullum
745 1997 833 2025 opus,
855 1990 896 2026 tu,
920 1990 948 2018 et
966 1987 1055 2027 filius
1077 1990 1157 2025 tuus,

185 2034 211 2062 et
227 2031 297 2070 filia
320 2033 390 2068 tua,
412 2040 521 2061 servus
543 2032 632 2067 tuus,
657 2032 683 2060 et
705 2030 821 2061 aneilla
845 2033 909 2065 tua,
932 2033 959 2060 et
982 2030 1159 2070 vinquilinus

185 2078 258 2105 tuus
288 2074 343 2113 qui
365 2075 407 2104 cst
429 2074 463 2103 in
480 2073 583 2112 portis
606 2073 682 2103 tuis:
718 2073 766 2103 11.
795 2073 948 2111 Quoniam
971 2083 1027 2103 sex
1050 2072 1159 2104 diebus

185 2118 256 2157 fecit
279 2116 392 2147 Iehova
414 2116 528 2147 coelum
550 2118 577 2146 et
598 2117 729 2152 terram,
752 2126 838 2146 mare
861 2118 888 2146 et
909 2126 1104 2155 quaecunque
1127 2116 1159 2146 in

186 2160 252 2190 illis
280 2162 365 2197 sunt,
393 2161 419 2189 et
441 2159 556 2198 quievit
578 2158 627 2188 <lie
649 2159 793 2197 septimo:
817 2161 984 2198 propterea
1006 2158 1159 2190 benedixit

189 2202 304 2233 Ielzova
327 2202 409 2234 diem
431 2200 579 2238 sabbathi,
604 2203 630 2232 et
652 2201 855 2240 sanctificavit
877 2212 953 2232 eum.

384 2370 643 2409 REPETITIO,
668 2371 731 2402 EX
755 2371 888 2403 DEUT.
915 2371 955 2401 V.

278 2458 325 2488 12.
360 2456 493 2488 Observa
527 2457 607 2487 diem
642 2457 785 2488 sabbathi
820 2460 852 2487 ut
881 2467 951 2488 eum
979 2456 1159 2494 sanctificesy

190 2500 445 2540 quemadmodem
463 2501 623 2539 praecepit
647 2499 761 2530 Ichova
784 2499 872 2531 Deus
895 2503 974 2530 tuus.
1024 2499 1070 2530 13.
1098 2498 1159 2529 Sea)

190 2543 296 2573 diebus
328 2542 517 2581 operaberis,
553 2546 580 2572 ct
611 2543 709 2582 facies
743 2543 921 2574 mziversum
954 2552 1033 2582 opus
1059 2545 1160 2572 tuum:

190 2586 256 2616 dics·
285 2589 386 2617 autem
415 2586 564 2623 septimus
591 2585 770 2616 sabbathum
799 2588 842 2616 est
866 2585 996 2616 Iehovae
1019 2585 1081 2616 Dei
1103 2585 1157 2614 tui.

194 2629 240 2658 14.
267 2628 338 2659 Nou
365 2628 462 2667 facies
491 2628 589 2658 ullum
619 2639 697 2667 opus
719 2631 751 2659 tu
775 2631 802 2658 et
822 2628 910 2666 filius
933 2630 1020 2663 tuus,
1049 2630 1075 2658 et
1096 2628 1159 2658 ase?-

1209 1782 1269 1803 nus
1290 1774 1379 1809 tuus,
1401 1771 1529 1811 quodvis
1551 1772 1722 1802 iumentum
1744 1774 1840 1810 tuum,
1865 1775 1892 1803 et
1914 1773 2088 1813 inquilinus
2109 1776 2182 1805 tuus

1209 1815 1263 1855 qui
1290 1817 1333 1846 est
1355 1815 1389 1846 iu
1407 1815 1507 1854 portis
1530 1815 1607 1852 tuis,
1637 1817 1671 1844 ut
1691 1814 1829 1854 quiescat
1850 1825 1958 1847 servus
1979 1818 2052 1848 tuus
2074 1819 2102 1848 et
2122 1827 2181 1848 an-

1210 1858 1281 1889 cilla
1302 1860 1356 1888 tua
1379 1858 1456 1888 sicut
1478 1859 1518 1888 tu.
1559 1857 1607 1888 15.
1632 1856 1680 1888 Ac
1701 1858 1865 1888 recordare
1886 1858 1966 1898 quod
1988 1869 2096 1891 servus
2116 1860 2182 1900 fuc-

1210 1901 1258 1932 ris
1281 1901 1314 1931 iu
1336 1903 1419 1931 terra
1441 1899 1583 1940 Aeyypti,
1603 1902 1628 1930 ct
1651 1900 1792 1931 eduxerit
1814 1903 1841 1932 te
1864 1900 1979 1932 Iehova
2001 1901 2092 1934 Deus
2109 1904 2183 1934 tuus

1211 1943 1283 1974 iude
1306 1953 1363 1983 per
1390 1953 1515 1973 manum
1541 1943 1651 1982 fortem
1679 1945 1706 1973 et
1732 1942 1893 1974 brachium
1920 1946 2082 1976 extentum.
2129 1945 2184 1976 Id-

1210 1987 1288 2017 circo
1305 1986 1463 2026 praecepit
1486 1985 1598 2016 Iehova
1622 1985 1710 2017 Deus
1737 1988 1808 2016 tuus
1830 1989 1864 2016 ut
1884 1986 1988 2026 facias
2010 1987 2092 2018 diem
2113 1987 2182 2019 sab-

1211 2029 1303 2060 bathi.

1299 2113 1403 2145 Exodi
1434 2113 1491 2149 20,
1523 2113 1551 2143 8.
1589 2112 1762 2144 Recordare
1792 2113 1855 2143 diei
1884 2113 2032 2144 sabbathi.
2084 2114 2180 2146 Finis

1213 2157 1311 2188 huius
1340 2156 1503 2197 praecepti
1533 2161 1581 2186 est
1611 2161 1647 2186 ut
1670 2166 1704 2186 se
1728 2160 1900 2187 exerceant
1923 2156 2034 2187 fideles
2057 2156 2093 2187 in
2116 2157 2179 2189 Dei

1213 2200 1312 2231 cultu.
1348 2199 1476 2230 Scimus
1500 2199 1597 2235 enim,
1621 2198 1683 2228 nisi
1706 2198 1741 2229 in
1765 2198 1885 2229 tuenda
1909 2199 2078 2239 religionis
2100 2210 2180 2232 cura

1214 2248 1245 2274 et
1272 2242 1380 2274 studio
1404 2241 1535 2273 fulturis
1555 2241 1702 2271 nitantur
1721 2241 1772 2272 vel
1797 2241 2002 2272 adminiculis
2026 2252 2179 2274 movean-

1214 2292 1268 2317 tur
1290 2285 1454 2320 homines,
1478 2294 1573 2323 quam
1598 2283 1757 2323 proclives
1781 2284 1846 2314 sint
1869 2283 1909 2315 ad
1933 2284 2106 2324 ignaviam.
2139 2285 2179 2316 In

1213 2328 1354 2359 secundo
1384 2326 1513 2367 quidem
1545 2331 1715 2366 praecepto
1743 2326 1864 2366 aliquid
1896 2326 1934 2357 de
1957 2334 2093 2359 externa
2113 2328 2179 2368 pie-

1213 2371 1289 2402 tatis
1309 2371 1502 2410 professione
1526 2369 1589 2400 iam
1614 2369 1791 2409 attigimus,
1815 2374 1848 2400 et
1869 2369 1902 2400 in
1926 2369 2029 2409 primo
2052 2381 2179 2411 quoque

1198 2414 1321 2445 1brevis
1351 2414 1434 2444 faeta
1463 2412 1526 2443 fuit
1556 2412 1676 2442 mentio
1706 2412 1862 2442 festorum
1884 2412 2089 2452 quorundam
2112 2413 2178 2444 die-

1214 2465 1300 2487 rum:
1331 2463 1489 2496 quatenus
1517 2455 1639 2486 scilicet
1662 2454 1694 2484 iu
1719 2454 1870 2494 paschate
1894 2460 1925 2485 et
1948 2455 2100 2495 primitiis
2123 2467 2178 2496 po-

1213 2500 1324 2539 pulus,
1359 2499 1450 2538 quasi
1480 2497 1606 2528 solenni
1636 2498 1826 2536 repetitione
1856 2497 2009 2536 foederis,
2043 2509 2077 2530 se
2106 2499 2177 2530 Deo

1211 2540 1386 2573 addicebat.
1422 2541 1545 2571 Multae
1565 2540 1662 2570 etiam
1686 2550 1726 2570 ox
1749 2541 1958 2571 caeremoniis
1980 2551 2061 2581 quas
2082 2552 2177 2582 expo-

1212 2585 1345 2621 suimus,
1369 2583 1525 2614 sabbatho
1549 2582 1663 2613 aflines
1687 2589 1788 2613 erant.
1827 2583 1947 2614 Verum
1973 2594 2037 2615 non
2062 2584 2118 2615 abs
2142 2595 2176 2615 re

1214 2628 1301 2658 Deus
1319 2626 1490 2666 specialem
1510 2626 1616 2656 locum
1637 2625 1785 2656 attribuit
1808 2630 1874 2657 tam
1899 2624 2056 2658 sabbatho
2078 2637 2178 2667 quam
