2304 3034
202 206 264 238 543

492 293 555 324 EX
580 292 729 325 EXODI
752 293 886 325 XXIII.

292 383 336 413 19.
363 381 434 412 Nou
456 390 562 419 coques
583 379 711 410 hoedum
734 379 769 410 iu
793 379 868 410 lacte
888 378 1001 409 matris
1023 388 1108 409 suae.

477 549 541 581 EX
565 549 714 581 EXODI
738 549 904 581 XXXIV.

289 638 338 668 26.
365 636 434 667 Non
458 646 564 676 coques
587 635 718 667 hoedum
738 636 772 666 iu
795 635 869 666 lacte
891 635 1006 666 matris
1028 645 1113 667 suae.

523 807 586 838 EX
607 806 740 838 DEUT.
766 805 860 837 XIV.

290 894 339 924 21.
367 893 436 924 Non
460 902 566 932 coques
589 892 717 923 hoedum
743 892 775 922 in
797 892 873 923 lacte
895 891 1006 922 matris
1025 902 1108 923 suae.

290 979 427 1010 Levitic.
460 979 510 1015 22,
543 978 594 1009 27.
629 977 695 1008 Bos
724 977 770 1008 vel
798 987 906 1017 aquus.
962 977 1061 1008 Vetat
1085 977 1174 1009 Deus

206 1029 333 1053 teneros
357 1021 463 1053 foetus
487 1022 597 1053 statim
622 1020 662 1051 ab
685 1026 777 1051 utero
801 1019 887 1050 trahi
912 1019 950 1050 ad
975 1020 1086 1056 altare,
1111 1031 1173 1051 non

206 1063 300 1095 modo
330 1065 405 1104 quia
435 1064 579 1104 proclive
602 1063 718 1094 fuisset
741 1063 800 1094 hoc
824 1062 1009 1102 exemplum
1035 1074 1053 1093 a
1076 1064 1174 1094 sacri-

205 1107 285 1139 ficiis
319 1107 485 1139 traducere
516 1106 555 1137 ad
586 1117 791 1138 communem
821 1106 959 1137 victum:
991 1106 1046 1137 sed
1077 1107 1174 1137 etiam

205 1151 280 1190 quia
304 1150 510 1181 fraudulenta
534 1150 648 1181 fuisset
672 1149 800 1180 oblatio.
842 1148 994 1179 Vidimus
1018 1149 1176 1180 sacrificiu.

206 1194 311 1225 vocari
325 1192 388 1224 Dei
409 1204 534 1234 panem,
559 1203 620 1232 quo
640 1192 805 1223 liberalius
829 1202 862 1223 se
885 1196 1000 1232 gerant
1018 1192 1176 1231 homines,

206 1246 265 1267 nec
294 1236 462 1267 immolent
493 1236 683 1267 macilentas
714 1235 870 1266 victimas.
925 1235 1069 1266 Mactare
1102 1246 1176 1266 vero

205 1279 329 1310 foetum
349 1279 389 1310 ab
409 1285 500 1310 utero
525 1284 698 1313 recentem.
722 1278 851 1318 signum
875 1278 988 1309 fuisset
1011 1281 1175 1318 contemp-

207 1328 272 1353 tus:
299 1332 484 1362 quanquam
508 1321 722 1352 humanitatis
746 1321 842 1352 etiam
868 1320 978 1351 habita
1001 1320 1063 1351 fuit
1086 1321 1176 1359 ratio,

207 1375 246 1396 110
271 1364 387 1396 talibus
412 1365 577 1397 sacrificiis
602 1364 772 1401 vescendo,
797 1363 836 1394 ad
861 1363 1042 1394 barbariem
1066 1373 1176 1395 assue-

206 1408 331 1439 fierent.
378 1408 457 1440 Dies
481 1412 587 1439 autem
612 1415 745 1439 octavus
769 1406 1016 1447 praescribitur,
1046 1416 1108 1446 quo
1132 1406 1176 1437 le-

207 1451 320 1491 gitima
348 1461 418 1482 esse
448 1451 582 1490 incipiat
605 1451 747 1482 victima.
792 1450 890 1480 Ratio
913 1459 1009 1489 quam
1029 1449 1176 1480 nonnulli

207 1494 392 1534 assignant,
418 1505 531 1525 vereor
555 1505 595 1524 ne
619 1494 661 1524 sit
685 1493 821 1523 nimium
846 1497 971 1532 arguta,
995 1492 1176 1532 perfectum

207 1542 331 1576 septem
355 1537 467 1568 diebus
492 1537 580 1568 reddi
603 1536 732 1572 animal,
756 1536 831 1575 quia
848 1536 937 1566 Deus
961 1540 1085 1575 septem
1110 1535 1176 1566 die-

208 1579 267 1610 bus
298 1580 412 1611 mundi
437 1580 632 1611 creationem
657 1579 841 1610 absolverit.
888 1577 983 1609 Adde
1007 1577 1092 1618 quod
1117 1578 1176 1609 hac

208 1623 333 1654 ratione
367 1624 523 1663 septimus
555 1622 622 1654 dies
652 1621 785 1653 idoneus
815 1625 900 1652 esset
929 1620 967 1652 ad
997 1621 1177 1653 sacrifican-

208 1665 301 1696 dum:
332 1667 407 1706 quia
437 1678 494 1697 sex
524 1665 636 1697 diebus
668 1665 842 1705 complevit
865 1664 955 1695 Deus
979 1674 1074 1694 omne
1097 1674 1178 1704 opus

209 1718 320 1745 suum,
352 1710 508 1749 septimus
541 1719 617 1740 vero
647 1708 686 1739 ad
716 1709 785 1739 eius
816 1707 939 1738 cultum
972 1711 1179 1738 consecratus

208 1751 277 1783 fuit.
314 1752 396 1783 Mihi
416 1753 494 1783 satis
513 1757 561 1783 est
584 1751 699 1782 aetatis
723 1750 946 1781 maturitatem
970 1749 1067 1781 fuisse
1090 1760 1178 1790 spec-

210 1802 321 1831 tatam,
347 1806 411 1825 non
436 1805 527 1826 secus
551 1798 646 1834 atque
670 1795 705 1824 in
729 1793 984 1825 circumcisione.

296 1839 346 1870 28.
378 1838 495 1869 Bovem
533 1840 587 1868 (ιῑιί
615 1837 773 1876 pecudem
826 1835 1020 1866 Immanitas
1050 1834 1179 1875 quidem

209 1882 269 1913 1100
288 1888 460 1922 praecepto
485 1881 639 1911 damnata
662 1880 737 1910 fuit.
762 1890 826 1910 non
852 1884 960 1910 11111011
985 1877 1096 1909 dubito
1110 1877 1180 1908 Mo·

210 1935 266 1955 sen
305 1923 344 1955 de
379 1924 544 1955 sacrificiis
580 1923 710 1963 proprie
748 1922 843 1962 loqui.
896 1922 1015 1952 Fateor
1045 1921 1180 1951 verbum

210 1974 286 2000 :Ru
311 1977 372 2007 quo
393 1968 494 1997 utitur
514 1977 583 1997 csse
601 1965 766 2006 generale:
793 1964 848 1995 sed
872 1975 971 2004 quum
997 1974 1053 2004 per
1076 1968 1178 1994 totum

210 2016 308 2050 caput
342 2009 380 2041 dc
415 2009 581 2041 stcrificiis
614 2020 653 2039 ex
689 2007 833 2048 professo
862 2007 1016 2044 disserat,
1046 2010 1077 2037 et
1106 2005 1180 2036 huic

211 2053 390 2084 sententiae
407 2053 560 2083 continuo
580 2051 718 2083 addatur
742 2050 895 2088 clausula,
921 2056 956 2080 ut
979 2049 1179 2081 sanctificent

210 2106 331 2126 nomen
360 2096 437 2133 Dei,
468 2099 640 2126 contextus
671 2093 813 2134 postulat
845 2097 880 2124 ut
920 2092 1063 2124 dicamus
1098 2101 1180 2123 com-

211 2138 359 2169 mendari
382 2138 558 2178 puritatem
583 2138 615 2168 in
641 2137 701 2168 Dei
725 2137 821 2168 cultu.
869 2135 905 2167 Si
929 2136 982 2166 cui
1004 2135 1101 2166 latius
1125 2145 1180 2164 ex-

211 2180 342 2213 tendere
366 2182 501 2221 placeat,
526 2191 590 2212 non
614 2179 791 2211 contendo:
817 2183 913 2219 atque
937 2179 982 2209 ita
1007 2178 1085 2209 haec
1108 2187 1181 2208 sen·

898 198 1152 231 SECUNDUM
1176 199 1498 235 PRAEOEPTUM.

2135 202 2200 234 544

1227 294 1330 325 tentia
1367 293 1529 334 appendix
1569 298 1654 324 esset
1685 293 1771 324 sexti
1802 295 1977 334 piaecepti.
2032 294 2094 336 Seq
2099 300 2197 328 nutus

1227 341 1335 368 tamen
1364 347 1435 367 sum
1467 335 1549 376 quod
1574 336 1677 376 magis
1701 341 1769 366 erat
1794 336 1973 376 probabile,
2003 342 2035 368 et
2057 339 2135 369 mihi
2159 343 2197 370 ut

1226 389 1320 419 spelo
1352 380 1421 410 sani
1446 379 1555 410 iudicii
1580 379 1715 409 lectores
1739 379 1950 411 subscribent.
1999 380 2127 412 Interea
2149 381 2196 412 fa-

1228 426 1296 452 teor
1320 423 1478 453 feritatem
1504 432 1633 452 omnem
1657 428 1686 451 et
1712 421 1882 452 saevitiam
1903 423 2005 453 arceri
2029 424 2122 455 aDei
2145 435 2196 456 sa-

1226 465 1372 501 crificiis,
1399 469 1431 495 et
1454 466 1487 495 in
1512 465 1591 505 ipsis
1614 463 1762 503 regulam
1786 465 1899 501 statui,
1928 475 1969 496 ne
1991 465 2138 498 homines
2161 467 2196 498 in

1227 507 1415 547 quotidiano
1453 509 1538 538 victu
1574 505 1721 538 crudeles
1756 508 1830 539 sint.
1883 506 2114 548 Spectaculum
2148 514 2197 541 est

1227 550 1406 582 mansuetis
1436 550 1573 589 ingeniis
1602 549 1735 580 minime
1765 550 1959 589 iucundum,
1989 554 2126 582 matrem
2150 552 2197 583 iu-

1228 593 1339 633 gulare
1358 603 1431 624 cum
1455 604 1512 624 suo
1536 593 1638 623 foetu:
1663 592 1694 622 id
1719 592 1745 623 si
1769 593 2005 624 consuetudine
2029 598 2196 634 receptum

1227 635 1333 673 fuerit,
1352 636 1444 666 facile
1465 635 1611 666 homines
1630 634 1669 666 ad
1689 635 1890 675 promiscuas
1908 636 2022 667 caedes
2041 636 2195 669 obdures-

1228 684 1309 709 cent.
1344 679 1433 719 Ergo
1452 679 1581 718 pietatis
1599 678 1752 709 exercitia
1773 678 1873 709 voluit
1886 679 1977 710 Deus
2000 689 2065 710 non
2090 679 2196 712 aliena

1228 731 1298 752 esse
1329 721 1367 752 ab
1399 721 1611 752 humanitatis
1634 720 1761 752 officiis:
1793 726 1825 752 et
1847 720 1911 752 huc
1935 721 2039 752 tendit
2061 722 2195 754 manda-

1228 768 1306 801 tum,
1330 774 1371 794 ne
1396 764 1457 794 Dei
1481 764 1582 794 altare
1605 763 1766 803 cyclopica
1789 764 1831 795 sit
1853 764 2052 796 carnificina..

1313 806 1417 837 Exodi
1453 807 1503 841 23,
1539 806 1588 837 19.
1621 806 1692 837 Non
1726 816 1832 845 coques
1871 806 2007 838 hoedum.
2060 808 2195 848 Triplex

1228 849 1372 880 mandati
1404 850 1551 889 repetitio
1580 848 1732 880 admonet
1761 849 1800 880 de
1829 860 1862 880 re
1885 850 1968 881 seria
1992 851 2091 882 verba
2113 850 2194 882 fieri.

1226 893 1329 932 Atqui
1349 892 1419 924 leve
1443 897 1491 923 est
1514 903 1550 923 ac
1574 902 1675 931 paene
1700 892 1853 923 frivolum
1879 892 1963 932 quod
1987 893 2101 924 volunt
2123 893 2196 933 qui-

1227 934 1316 972 dam,
1347 935 1451 967 vetari
1482 935 1625 966 edulium
1657 935 1765 966 minus
1795 935 1933 966 salubre.
1979 935 2094 967 Iudaei
2116 946 2196 968 vero

1227 978 1323 1008 finem
1344 989 1409 1009 non
1429 983 1620 1018 spectantesy
1646 983 1680 1008 ut
1699 978 1732 1008 in
1756 978 1852 1018 nugis
1875 978 2056 1018 puerilibus
2080 979 2196 1011 sancti-

1227 1020 1369 1051 moniam
1393 1022 1561 1058 affectant,
1594 1031 1659 1051 non
1683 1020 1805 1052 audent
1827 1031 1900 1052 cum
1923 1031 2021 1053 carne
2045 1021 2096 1053 vel
2119 1021 2196 1054 hoe-

1228 1063 1304 1094 dina
1335 1064 1386 1094 vel
1418 1063 1537 1104 agnina
1564 1073 1691 1094 caseum
1716 1068 1863 1105 gustare,
1894 1063 1994 1095 donec
2018 1063 2099 1096 bene
2121 1074 2195 1104 per-

1228 1106 1395 1137 frieuerint
1426 1117 1500 1137 suos
1524 1105 1648 1137 dentes.
1694 1107 1765 1146 Ego
1789 1117 1867 1138 vero
1891 1117 1956 1137 non
1980 1106 2092 1138 dubito
2116 1107 2196 1147 quin

1228 1148 1307 1180 haec
1336 1149 1512 1189 prohibitio
1543 1150 1582 1179 ad
1605 1150 1761 1180 sacrificia
1783 1150 1962 1189 pertineat,
1993 1150 2068 1190 quia
2090 1150 2196 1190 primo

1228 1192 1296 1223 loco
1337 1192 1536 1223 coniunctim
1578 1192 1747 1223 subiicitur
1781 1192 1997 1232 primitiarum
2031 1192 2195 1224 oblationi.

1229 1234 1380 1266 Secundo
1399 1235 1496 1266 etiam
1516 1235 1559 1266 ita
1583 1235 1718 1275 legitur:
1744 1234 1892 1266 Adduces
1916 1235 1950 1266 in
1974 1236 2196 1267 sanctuarium

1229 1277 1290 1308 Dei
1310 1278 1358 1308 tui
1378 1282 1523 1309 maturos
1542 1282 1646 1308 terrae
1667 1279 1800 1316 fructus,
1827 1289 1885 1309 nec
1911 1288 2027 1318 coques
2055 1277 2197 1309 hoedum

1229 1322 1262 1351 111
1286 1320 1367 1351 lacte
1391 1322 1503 1351 matris
1526 1330 1620 1351 suae:
1650 1321 1799 1352 similiter
1822 1321 1916 1352 tertio
1938 1321 2022 1352 loco:
2047 1321 2121 1352 Non
2145 1332 2196 1353 co·

1230 1363 1339 1394 medes
1368 1363 1522 1400 cadaver,
1554 1364 1627 1403 quia
1658 1364 1795 1403 populus
1826 1368 1958 1395 sanctus
1981 1374 2015 1395 es
2039 1364 2108 1395 Deo
2132 1369 2197 1402 tuo,

1232 1416 1291 1437 nec
1319 1416 1436 1446 coques
1466 1405 1603 1437 hoedum
1634 1406 1666 1436 in
1696 1407 1778 1438 lacte
1809 1407 1921 1438 matris
1948 1417 2034 1438 suae.
2079 1406 2199 1438 Fateor

1234 1448 1361 1488 quidem
1376 1449 1490 1480 Mosen
1510 1449 1681 1488 aliquando
1700 1454 1872 1489 praecepta
1890 1449 2025 1480 miscere
2045 1449 2083 1480 de
2102 1449 2198 1482 rebus

1235 1491 1386 1523 diversis:
1422 1502 1534 1523 verum
1570 1498 1745 1532 perpetuus
1779 1492 1833 1523 ille
1867 1498 2036 1524 contextus
2066 1493 2198 1531 evincit,

1238 1541 1443 1574 praeceptum
1460 1534 1519 1565 1100
1542 1534 1627 1565 inter
1650 1535 1869 1566 caeremonias
1887 1535 2012 1572 referri,
2037 1538 2133 1576 atque
2154 1536 2199 1567 ita

1235 1578 1358 1609 censeri
1392 1583 1516 1617 partem
1552 1578 1602 1618 leg
1606 1577 1664 1608 ¹{lis
1698 1578 1813 1609 cultus.
1868 1577 1965 1610 Unde
1998 1582 2105 1609 statuo
2134 1589 2199 1610 non

1234 1626 1359 1652 tantum
1376 1619 1526 1651 interdici
1545 1631 1584 1651 ne
1608 1621 1745 1660 populus
1769 1625 1918 1652 vescatur
1942 1620 1998 1652 tali
2021 1620 2121 1652 edulii
2140 1632 2199 1670 'ge-

1233 1674 1324 1700 nere,
1355 1662 1488 1703 perinde
1519 1673 1555 1694 ac
1579 1663 1605 1693 si
1627 1674 1757 1695 carnem
1781 1668 1935 1695 vorarent
1957 1664 2115 1704 sanguine
2138 1664 2198 1695 im-

1233 1707 1357 1738 butam:
1388 1705 1443 1737 sed
1474 1716 1514 1736 ne
1544 1705 1600 1736 illa
1627 1706 1760 1737 immani
1784 1707 1920 1738 mistura
1943 1706 2102 1738 sacrificia
2124 1716 2199 1738 0011-

1233 1749 1399 1780 taminent.
1446 1748 1618 1779 Probabile
1642 1755 1749 1780 autem
1774 1755 1824 1780 est
1846 1759 1959 1781 carnes
1982 1749 2064 1781 lacte
2088 1749 2198 1781 condi-

1232 1797 1282 1823 tas
1313 1792 1410 1823 fuisse
1434 1792 1467 1822 in
1492 1790 1625 1822 delitiis:
1650 1791 1705 1822 sed
1729 1792 1805 1832 quia
1828 1792 1983 1832 obrepere
2006 1796 2133 1832 poterat
2153 1792 2199 1824 fe-

1232 1835 1325 1873 ritas,
1353 1835 1379 1865 si
1406 1844 1528 1874 agnum
1559 1834 1608 1864 vol
1634 1834 1774 1865 hoedum
1798 1835 2005 1866 comederent
2026 1835 2060 1866 in
2085 1835 2200 1867 matris

1233 1878 1330 1914 lacte,
1358 1878 1461 1908 vetuit
1482 1877 1571 1907 Deus
1591 1877 1651 1908 sibi
1669 1877 1779 1908 offerri
1797 1877 1883 1917 quod
1906 1888 1947 1909 ne
1971 1878 2005 1908 in
2036 1878 2201 1909 communi

1232 1919 1360 1960 quidem
1393 1920 1478 1951 victu
1510 1924 1577 1950 erat
1603 1920 1775 1951 tolerabile.
1820 1920 1915 1959 Quod
1939 1925 2109 1961 exponunt
2131 1921 2201 1961 qui-

1233 1963 1305 1994 dam
1335 1962 1454 1993 hoedos
1477 1962 1605 1994 excludi
1629 1973 1647 1993 a
1670 1963 1805 2001 mensis,
1836 1963 1937 1994 donec
1961 1963 2112 1995 ablactati
2137 1964 2202 1995 fue—

1233 2006 1307 2043 rint,
1333 2005 1473 2036 alienum
1493 2009 1541 2036 est
1561 2016 1578 2035 a
1599 2006 1737 2036 ratione:
1763 2006 1838 2045 quia
1858 2011 1934 2037 tunc
1955 2005 2082 2037 hircum
2106 2006 2201 2037 subo·

1232 2049 1297 2079 lere
1326 2049 1493 2088 incipiunt.
1540 2047 1665 2078 Verum
1697 2049 1817 2088 optime
1847 2049 2000 2080 convenit
2023 2048 2080 2079 illa
2102 2049 2201 2088 ratio,

1234 2092 1338 2122 Deum
1368 2091 1401 2121 in
1431 2090 1598 2121 sacrificiis
1623 2091 1688 2121 suis
1714 2101 1778 2121 non
1801 2090 1972 2122 admittere
1996 2094 2200 2131 portentum:

1232 2139 1267 2165 ut
1288 2144 1362 2165 caro
1386 2134 1488 2164 teneri
1509 2134 1615 2164 foetus
1640 2139 1796 2173 coquatur
1819 2134 1852 2164 in
1872 2133 1954 2164 lacte
1978 2134 2108 2172 matris,
2132 2138 2203 2165 tan-

1233 2187 1329 2217 quam
1353 2177 1385 2207 in
1409 2186 1466 2207 suo
1490 2176 1659 2216 sanguine.
