2304 3034
63 192 125 223 545

757 187 1009 220 SECUNDUM
1033 188 1353 222 PRAEGEPTUM.

1980 193 2044 223 546

432 386 762 424 APPENDICES
786 386 1070 423 POLITICAE
1094 387 1324 424 SECUNDI
1349 388 1660 425 PRAECEPTI.

346 496 409 527 EX
431 493 575 526 EXODI
598 493 731 525 XXIII.

152 582 201 614 24.
224 580 413 613 Destrueizdo
430 579 565 610 destrues
588 588 646 617 eos,
668 581 695 610 et
716 578 933 618 eorzfrinyendo
955 588 1022 610 eou-

64 626 182 665 frinyes
203 626 321 656 statuas
341 632 451 654 eorum.

351 801 414 832 EX
437 800 632 832 DEUTER.
656 799 736 832 XII.

151 897 177 928 1.
200 896 283 928 Haec
311 897 380 927 sunt
408 896 523 925 statuta
544 897 571 925 et
592 894 712 925 iudicia
734 905 812 934 quae
835 894 1020 932 custodietis,
1047 906 1048 925 ι

64 943 98 972 ut
123 940 246 979 faciatis
270 938 303 968 in
331 940 414 968 terra
442 947 535 976 quam
565 937 697 968 daturus
726 939 768 968 est
797 937 911 968 Iehova
935 937 1022 968 Deus

62 985 184 1023 patrum
201 984 321 1012 tuorum
338 980 401 1017 tibi,
424 989 482 1018 quo
496 980 686 1018 possideatis
709 990 777 1010 eam
799 980 938 1011 omnibus
960 980 1023 1011 die·
1047 997 1050 1017 1,

65 1026 119 1056 lms
149 1024 257 1064 quibus
282 1033 333 1054 vos
359 1022 468 1053 vivetis
496 1032 589 1060 super
617 1025 733 1053 terram
757 1022 853 1054 illam.
900 1023 929 1054 2.
959 1022 1022 1054 De·
1047 1041 1048 1044 =

63 1068 202 1099 struendo
231 1065 391 1097 destruetis
419 1065 522 1095 omnia
550 1065 615 1096 loca
645 1066 679 1095 iu
708 1065 820 1104 quibus
848 1066 1023 1096 servierunt
1047 1102 1048 1108 ἵ

60 1113 159 1150 yentes
187 1118 265 1149 quas
288 1108 464 1147 possessuri
485 1108 571 1144 estis,
600 1108 664 1138 diis
686 1109 770 1141 suis.
793 1118 886 1148 super
909 1110 1023 1138 montes

62 1152 204 1187 excelsos,
226 1154 253 1182 et
274 1161 366 1190 super
387 1149 485 1187 colles,
508 1153 535 1181 et
556 1150 612 1181 sub
632 1151 715 1181 omni
738 1150 844 1182 arbore
864 1151 1020 1190 frondosa.

61 1195 90 1226 3.
109 1194 308 1233 Diruetisque
329 1202 405 1224 aras
427 1203 542 1232 earum,
567 1195 594 1223 et
615 1196 737 1224 statuas
759 1204 866 1224 earum
889 1193 1022 1232 eonfriu-
1048 1207 1049 1210 ¹

58 1238 141 1278 yetis,
160 1237 242 1269 lucos
259 1246 366 1268 earum
383 1235 562 1267 comburetis
579 1236 653 1275 tyni,
671 1238 699 1267 et
715 1236 878 1275 sculptilia
895 1237 1023 1268 deorum

60 1291 165 1311 earum
192 1279 367 1315 considetis,
396 1278 608 1318 abolebitisque
636 1289 743 1310 uomen
766 1289 873 1310 earum
895 1290 933 1310 ez
955 1280 1023 1319 ipso

59 1323 128 1355 loeo.

323 1498 387 1530 EX
412 1498 559 1530 EXODI
584 1499 748 1531 XXXIV.

146 1585 191 1616 13.
215 1585 301 1616 Aras
323 1594 427 1615 eorum
448 1585 594 1619 diruatis.
617 1588 738 1616 statuas
762 1596 866 1617 eorum
888 1587 1020 1626 confrin-

59 1629 142 1669 9etis,
164 1628 301 1668 lucosque
322 1637 426 1658 eorum
447 1628 618 1659 succidetis.

376 1806 438 1837 EX
463 1805 597 1838 DEUT.
622 1805 699 1837 VII.

143 1897 170 1929 5.
197 1897 247 1929 Sic
271 1899 392 1938 facietis
422 1900 482 1937 eisy
512 1900 629 1931 altaria
657 1911 762 1932 eorum
784 1902 962 1940 destruetis,
993 1905 1020 1934 et

60 1942 177 1971 statuas
198 1951 299 1972 eorum
321 1942 535 1981 coufrinyetis,
558 1942 699 1982 lucosque
721 1954 824 1975 eorum
847 1945 1017 1983 succidetis,

60 1992 95 2013 ac
115 1983 267 2023 sculptilia
289 1994 394 2015 eorum
416 1985 594 2016 comburetis
617 1987 691 2026 tyni.

310 2154 372 2185 EX
395 2155 567 2188 NUMER.
591 2155 759 2188 XXXIII.

88 2278 93 2283 ι
145 2236 194 2267 52.
207 2237 360 2270 Destruite
378 2250 478 2271 omnes
496 2244 616 2272 statuas
634 2252 750 2279 earum,
774 2245 801 2273 et
820 2252 922 2273 omnes
940 2243 1018 2274 ima·
1042 2239 1044 2263 5

60 2288 146 2318 ymes
166 2281 326 2318 conflatiles
347 2283 505 2321 destruite,
530 2286 555 2314 et
578 2294 679 2315 omnes
701 2295 776 2315 aras
799 2295 902 2316 eorum
925 2286 1017 2317 dissi-
1042 2302 1043 2306 =

57 2323 138 2359 pate.

368 2494 429 2525 EX
453 2494 585 2527 DEUT.
611 2496 704 2527 XVI.

146 2574 184 2604 21
211 2575 279 2606 Non
293 2577 447 2615 plantabis
465 2580 519 2611 tibi
543 2581 644 2613 lucum
666 2583 848 2621 quarumvis
870 2583 1014 2614 arborum

60 2617 146 2655 apud
168 2617 264 2648 altare
287 2619 412 2652 Ieltovae
434 2622 494 2653 Dei
517 2624 571 2661 tui,
593 2625 672 2664 quod
692 2625 788 2664 facies
810 2625 873 2656 tibi.

129 2667 237 2694 calvini
251 2676 340 2702 opera.
378 2672 431 2699 Vol.
452 2673 560 2700 XXIV.

1038 2609 1040 2627 1

1160 494 1265 525 Exodi
1284 495 1333 534 23,
1353 496 1403 527 24.
1438 495 1631 527 Destruendo
1651 496 1796 528 destrues.
1832 497 1949 529 Fateor
1968 499 2039 538 qui-

1075 536 1146 567 dem
1182 537 1239 568 has
1281 538 1474 578 appendices
1509 539 1626 578 partim
1660 538 1818 578 quadrare
1859 546 1891 570 et
1930 542 2035 580 aptari

1074 590 1166 619 posse
1198 581 1301 620 primo
1331 586 1517 621 praecepto:
1549 580 1604 612 sed
1636 581 1710 621 quia
1736 581 1852 621 ubique
1884 593 2038 622 expressa

1075 622 1110 653 fit
1136 621 1293 654 idolorum
1313 623 1443 660 ment-io,
1467 624 1554 655 locus
1578 624 1629 655 hic
1653 624 1741 655 visus
1764 629 1813 655 est
1835 627 2039 660 commodior.

1075 666 1250 705 Postquam
1281 672 1388 696 autem
1417 666 1523 697 docuit
1546 666 1654 698 Moses
1677 666 1760 706 quod
1783 666 1956 700 observatu
1981 680 2037 701 ne-

1074 708 1250 740 cessarium
1274 714 1350 746 erat,
1379 719 1441 748 quo
1466 708 1651 749 diligentius
1675 709 1735 740 sibi
1759 710 1895 750 populus
1917 717 2039 751 caveat,

1075 751 1237 790 politicam
1269 750 1372 789 legem
1405 750 1494 781 addit
1524 751 1563 782 de
1586 752 1774 792 frangendis
1797 756 1912 784 statuis
1936 759 1967 785 et
1991 755 2038 786 di·

1075 793 1205 824 ruendis
1219 794 1382 824 altaribus
1414 792 1581 824 Differunt
1599 799 1705 825 autem
1732 795 1764 825 111
1784 795 1843 827 1001
1862 798 2039 836 asuperio-

1074 836 1179 867 ribus:
1208 836 1281 876 quia
1304 835 1461 867 haetenus
1485 837 1728 875 superstitiones
1752 837 1934 870 damnando
1958 850 2039 880 quae

1074 889 1130 918 per
1153 890 1185 910 se
1209 879 1343 909 vitiosae
1366 883 1452 913 sunt,
1477 879 1682 919 praescripsit
1695 880 1783 911 Deus
1804 881 1887 920 quod
1910 883 2041 915 volebat

1074 922 1195 952 servari
1218 932 1317 961 usque
1341 920 1380 951 ad
1405 921 1516 951 mundi
1540 922 1646 952 finem.
1688 922 1784 954 Nunc
1808 926 2039 964 temporalibus

1074 964 1234 995 exercitiis
1267 964 1437 995 confirmat
1466 963 1645 994 doctrinam
1675 965 1779 1003 illam,
1813 971 1849 997 ut
1883 969 2039 1007 populum

1075 1012 1218 1038 veterem
1255 1006 1289 1037 in
1323 1006 1427 1037 officio
1458 1007 1630 1037 contineat.
1685 1007 1797 1047 Neque
1826 1010 1913 1040 enim
1945 1012 2036 1042 nobis

1074 1049 1169 1080 hodie
1194 1049 1307 1089 religio
1331 1054 1388 1086 est,
1412 1049 1532 1088 templa
1556 1049 1695 1080 retinere
1718 1061 1798 1090 quae
1822 1052 1944 1091 polluta
1967 1053 2037 1084 fue-

1075 1096 1152 1122 runt
1186 1091 1294 1128 idolis,
1329 1096 1361 1121 ct
1392 1091 1634 1122 accommodare
1663 1092 1697 1122 in
1727 1093 1891 1125 meliorem
1923 1106 2035 1127 usum:

1047 1144 1048 1154 ¹
1074 1135 1147 1173 quia
1167 1145 1224 1165 nos
1245 1144 1307 1165 non
1326 1133 1497 1173 obstringit
1517 1134 1599 1173 quod
1624 1139 1753 1174 propter
1776 1139 2038 1177 consequentiam

1045 1543 1047 1562 1

1046 1533 1047 1537 ¹
1074 1518 1157 1558 quod
1182 1518 1215 1548 in
1240 1518 1342 1557 primo
1366 1518 1508 1548 breviter
1532 1518 1683 1557 attigerat
1707 1519 1823 1550 Moses.

1074 1176 1123 1218 (ut
1152 1176 1342 1217 loquuntur)
1379 1176 1442 1216 legi
1471 1176 1614 1206 additum
1648 1182 1704 1208 est.
1757 1178 1876 1210 Fateor
1906 1180 2037 1220 quidem

1048 1230 1281 1259 ¹quaecunque
1313 1219 1352 1249 ad
1385 1219 1648 1258 superstitionem
1677 1220 1846 1252 fovendam
1879 1229 2036 1263 spectant,

1075 1273 1090 1293 e
1121 1262 1226 1293 medio
1258 1261 1399 1292 tollenda
1429 1272 1515 1299 esse,
1547 1261 1640 1293 modo
1665 1274 1703 1293 ne
1728 1265 1868 1302 praecise
1892 1266 2037 1306 urgendo

1075 1305 1156 1344 quod
1178 1315 1233 1344 per
1256 1315 1289 1335 se
1312 1303 1453 1335 medium
1476 1309 1533 1340 est,
1557 1305 1658 1335 simus
1682 1305 1714 1335 in
1738 1306 1836 1337 nimio
1860 1307 1965 1347 rigore
1984 1320 2037 1340 su-

1075 1348 1256 1388 perstitiosi.
1301 1346 1438 1379 Summa
1466 1357 1560 1387 porro
1589 1347 1652 1378 huc
1680 1347 1798 1379 tendit:
1830 1360 1892 1389 quo
1922 1351 2038 1383 melius

1074 1395 1182 1430 pateat
1198 1395 1394 1430 quantopere
1414 1389 1591 1420 detestetur
1604 1390 1693 1420 Deus
1712 1390 1934 1429 idololatriam,
1956 1393 2039 1425 velle

1073 1443 1185 1464 eorum
1215 1433 1359 1463 omnium
1389 1433 1577 1463 memoriam
1609 1433 1727 1463 aboleri
1758 1445 1839 1473 quae
1869 1436 1966 1467 semel
1992 1436 2039 1467 di-

1073 1480 1145 1507 cata
1179 1480 1254 1506 sunt
1288 1475 1390 1506 idolis.
1437 1474 1606 1506 Secundus
1642 1475 1728 1506 locus
1762 1477 1862 1508 fusius
1897 1479 2039 1518 explicat

1871 1520 1952 1552 Nam
1978 1523 2036 1553 sub

1045 1572 1046 1588 1
1074 1571 1152 1591 voce
1182 1566 1305 1591 statuae
1336 1560 1625 1599 comprehenderat
1654 1572 1735 1600 quae
1758 1568 1868 1601 postea
1892 1570 2037 1596 recenset

1045 1633 1046 1650 ἢ
1073 1603 1269 1634 idololatriae
1282 1603 1438 1643 insignia:
1460 1603 1574 1642 quibus
1589 1610 1706 1634 terram
1724 1604 1768 1634 ita
1788 1607 1917 1645 purgari
1938 1606 2036 1645 iubet,

1073 1652 1108 1677 ut
1129 1646 1234 1677 nullae
1258 1650 1432 1685 appareant
1456 1646 1617 1685 reliquiae.
1653 1646 1747 1685 Quod
1772 1654 1877 1677 autem
1903 1649 2035 1680 dieitur:

1045 1691 1047 1712 Ξ
1073 1688 1181 1727 Quum
1208 1688 1333 1719 veneris
1356 1689 1387 1718 in
1412 1693 1540 1726 terram,
1566 1693 1601 1719 ut
1626 1688 1805 1728 possideas:
1829 1701 1869 1720 ex
1893 1691 1943 1722 1115
1968 1703 2036 1723 ver-

1045 1766 1047 1768 ,
1073 1732 1120 1762 bis
1144 1731 1320 1771 prudenter
1342 1731 1464 1771 colligit
1478 1732 1689 1771 Augustinus,
1713 1743 1776 1762 non
1802 1733 1943 1764 mandari
1964 1735 2032 1773 qui-

1074 1774 1211 1805 buslibet
1231 1774 1367 1813 privatis
1391 1780 1426 1804 ut
1449 1774 1686 1814 superstitionis
1710 1775 1925 1807 instrumenta
1949 1776 2034 1808 diru-

1073 1822 1145 1847 ant:
1170 1816 1223 1847 sed
1244 1816 1302 1847 hac
1323 1817 1496 1847 autoritate
1515 1817 1632 1847 armari
1656 1817 1706 1847 vel
1732 1819 1846 1848 instrui
1871 1819 2032 1858 populum,

1043 1857 1045 1866 ¹
1072 1872 1110 1890 ex
1136 1870 1197 1899 quo
1224 1865 1309 1890 terra
1335 1860 1463 1898 potitus,
1487 1870 1596 1890 euram
1619 1861 1756 1890 sustinet
1779 1860 1949 1891 ordinandi
1974 1873 2033 1901 pu-

1071 1903 1144 1933 blici
1169 1906 1280 1932 status.
1317 1902 1446 1933 Tertius
1469 1901 1557 1933 locus
1582 1902 1709 1933 brevior
1733 1908 1790 1940 est,
1811 1904 1884 1942 quia
1907 1910 2032 1935 tantum

1071 1951 1134 1976 tres
1148 1948 1317 1975 enumerat
1330 1945 1467 1984 species:
1481 1950 1613 1984 quartus
1627 1945 1716 1975 addit
1727 1946 1896 1985 sculptilia.
1928 1946 2032 1985 Quin-

1071 1993 1123 2018 tus
1154 1993 1260 2018 autem
1289 1987 1376 2018 lucos
1400 1987 1528 2024 omittit,
1553 1998 1588 2018 ac
1612 1998 1722 2018 eorum
1747 1989 1814 2018 loeo
1838 1989 1928 2027 ponit
1950 1990 2031 2020 ima-

1071 2032 1175 2071 gines,
1212 2030 1261 2060 vel
1300 2031 1610 2070 repraesentationes
1645 2041 1684 2061 ex
1723 2031 1856 2061 matoria
1892 2032 2032 2063 conflata

1070 2074 1187 2104 factas:
1211 2073 1266 2104 ubi
1290 2071 1465 2103 notandum
1491 2077 1539 2104 est
1562 2072 1643 2112 quod
1669 2073 1743 2103 alibi
1767 2073 1944 2113 attigimus,
1979 2086 2034 2106 no-

1042 2144 1044 2163 ).
1071 2127 1144 2146 men
1164 2120 1287 2146 statuae
1307 2115 1466 2145 interdum
1487 2116 1569 2145 sumi
1590 2116 1620 2145 iu
1642 2115 1755 2146 bonan]
1780 2122 1920 2155 partem:
1945 2116 2032 2148 ideo-

1070 2170 1131 2198 que
1145 2159 1333 2189 existimant
1346 2157 1465 2195 Iudaei,
1491 2158 1575 2197 quod
1591 2159 1735 2197 patribus
1752 2163 1826 2189 ante
1843 2158 1944 2199 legem
1960 2170 2031 2199 per-

1071 2202 1203 2232 missum
1219 2201 1331 2238 fuerat,
1354 2211 1438 2231 nune
1455 2201 1568 2231 vetari.
1604 2200 1685 2231 Mihi
1711 2206 1817 2231 tamen
1842 2202 1945 2241 magis
1958 2212 2032 2241 pro-

1071 2244 1174 2275 babile
1196 2250 1252 2280 051,
1277 2248 1399 2273 statuas
1423 2253 1510 2274 nunc
1525 2242 1681 2280 damnari,
1706 2254 1769 2273 non
1787 2243 1911 2283 qualem
1928 2246 2032 2275 erexit

1070 2286 1181 2323 Iacob,
1220 2291 1256 2316 ut
1286 2290 1369 2316 esset
1398 2290 1646 2316 monumentum
1677 2285 1852 2322 duntaxat,
1884 2286 1938 2316 sed
1968 2298 2032 2327 qua

1071 2329 1226 2369 putabant
1252 2329 1356 2359 Deum
1387 2329 1528 2368 figurari.
1576 2328 1641 2359 Alii
1673 2328 1781 2359 titulos
1805 2333 1953 2367 vertunt,
1977 2330 2031 2361 alii

1070 2373 1227 2412 picturas:
1260 2381 1355 2410 quam
1384 2376 1471 2410 apte,
1504 2371 1648 2410 relinquo
1672 2370 1822 2402 iudicium
1849 2371 2029 2404 lectoribus.

1070 2414 1226 2453 Adiungit
1250 2413 1424 2453 imagines,
1455 2413 1537 2453 quod
1562 2424 1677 2444 nomen
1702 2413 1776 2443 licet
1799 2424 1856 2452 per
1879 2424 1912 2444 se
1936 2415 2029 2446 vitio-

1068 2468 1138 2488 sum
1170 2467 1232 2486 non
1264 2457 1323 2492 sit,
1356 2457 1470 2486 morito
1500 2460 1609 2487 tamen
1633 2455 1820 2495 repudiatur
1841 2456 1943 2495 quoad
1967 2457 2030 2489 Dei

1040 2504 1042 2512 '
1068 2500 1200 2531 cultum.
1246 2499 1352 2529 Homo
1374 2504 1422 2529 est
1444 2499 1551 2539 imago
1576 2498 1652 2536 Dei,
1677 2499 1758 2529 hauc
1783 2498 1867 2529 euim
1893 2500 2029 2531 eandem

1069 2553 1179 2573 vocem
1200 2546 1335 2580 usurpat
1347 2541 1455 2572 Moses
1476 2542 1528 2572 ubi
1549 2546 1657 2572 narrat
1671 2540 1811 2571 hominis
1825 2543 2031 2575 creationem.

1066 2585 1190 2615 Verum
1216 2583 1280 2613 ulla
1305 2584 1408 2621 figura
1433 2584 1537 2614 Deum
1564 2589 1807 2623 repraesentare
1831 2584 1915 2623 apud
1935 2596 2030 2624 quam

1038 2628 1040 2640 l
1067 2628 1197 2663 colatur,
1229 2626 1308 2656 nihil
1333 2625 1419 2657 aliud
1444 2632 1492 2657 est
1516 2637 1611 2666 quarn
1636 2626 1703 2657 01115
1727 2625 1864 2666 gloriam
1888 2637 2032 2658 corrum-

1788 2675 1821 2701 35
