2304 3034
213 204 271 234 351

211 295 398 337 superstitio
423 292 507 333 quod
534 291 751 323 substiterunt
769 290 883 321 Iudaei
902 290 935 320 in
955 290 1177 321 observatione

213 340 342 371 frivola:
367 347 402 368 ae
426 337 452 366 si
476 335 546 375 quis
570 334 806 365 elementorum
826 333 964 373 figuram
989 332 1099 370 discat,
1123 343 1177 364 ne-

214 393 273 422 que
297 382 328 411 in
354 389 448 410 usum
472 377 705 413 accommodet,
740 380 777 407 ut
807 376 893 416 legat
916 374 1000 415 quod
1024 375 1177 415 seriptum

214 429 270 455 est.
316 424 363 453 Ae
393 432 432 451 ex
461 431 571 451 eorum
602 419 749 459 exemplo
783 418 987 459 cognoscitur
1010 428 1104 457 quam
1128 429 1180 449 cu-

213 466 286 507 pide
309 464 466 503 arripiant
490 463 638 493 homines
668 471 877 502 quaecunque
904 461 1028 491 faciunt
1057 460 1097 491 ad
1121 460 1182 501 hy-

213 509 350 549 pocrisin
373 506 552 537 fovendam.
577 505 690 545 Neque
711 505 797 536 enim
820 508 946 534 tantum
969 503 1009 534 ad
1031 508 1182 534 terrestre

213 561 307 582 suum
337 549 504 589 ingenium
534 553 706 579 traxerunt
734 557 815 587 quae
843 546 936 577 utilia
966 550 1060 577 erant
1090 546 1181 577 adiu-

212 600 321 624 menta
360 592 399 623 ad
436 602 547 622 veram
581 591 685 622 cordis
720 590 944 630 integritatem
978 589 1181 620 sectandam:

213 636 268 667 sed
302 635 367 666 illis
402 645 466 665 non
499 634 661 671 contenti,
702 637 936 664 coacervarunt
970 632 1030 663 sibi
1064 632 1182 663 multos

213 688 429 719 supervacuos
453 677 544 708 ritus.
570 677 657 708 Hinc
681 687 764 716 aqua
786 675 966 715 expiatoria
988 674 1040 705 vel
1064 674 1182 705 lustra-

213 722 252 752 lis
276 731 402 760 semper
432 721 465 750 in
489 731 565 756 usu,
596 720 744 759 quamvis
768 719 889 749 nullius
912 717 1098 758 pollutionis
1121 717 1181 748 sibi

213 764 332 796 conscii
356 769 479 794 essent:
512 762 589 794 hinc
617 762 734 793 anxius
764 761 854 792 labor
876 761 911 791 in
934 759 1083 791 lavandis
1106 760 1181 791 cali-

213 807 304 839 cibus
318 812 350 837 et
370 806 501 846 patinis:
527 810 561 836 ut
581 805 672 836 facile
688 809 853 846 appareat,
874 814 1001 843 semper
1014 803 1181 834 hominum

214 851 291 880 vitio
328 850 359 880 in
394 848 528 880 abusum
553 849 694 888 torqueri
718 847 803 888 quod
828 846 918 877 Deus
945 846 1066 886 optima
1087 856 1183 877 causa

214 893 363 924 instituit.

510 1061 576 1092 EX
600 1060 732 1092 DEU'P.
757 1059 842 1091 XIV
858 1059 890 1101 ¹).

302 1148 352 1179 21.
379 1147 450 1178 Non
472 1147 631 1178 comedetis
654 1146 753 1177 ullam
775 1147 924 1178 cadaver:
948 1145 1111 1186 pereyrino
1133 1145 1186 1184 qai

216 1193 258 1223 est
288 1192 373 1222 intra
397 1193 508 1230 portas
536 1193 607 1220 tuas
634 1189 725 1220 dabis
752 1189 847 1224 illud,
886 1191 913 1219 et
940 1188 1068 1219 comedet
1098 1187 1186 1225 illud,

216 1237 271 1265 aut
294 1234 403 1264 vendes
432 1233 637 1273 alieniqenae:
666 1232 806 1271 populus
836 1232 917 1263 enim
939 1234 1064 1263 sanctus
1087 1241 1117 1262 es
1141 1230 1187 1261 Ie-

218 1277 310 1308 hovae
329 1276 396 1308 Deo
420 1279 479 1307 tuo.

516 1447 579 1478 EX
603 1445 752 1478 EXODI
776 1445 892 1476 XXII.

305 1533 343 1563 31
362 1533 395 1574 ²).
435 1533 505 1563 Viri
535 1532 635 1563 sancti
663 1532 750 1563 eritis
774 1531 867 1562 mim.-
897 1540 1021 1562 carncm
1051 1530 1079 1560 in
1114 1539 1188 1569 ayro

219 1578 344 1615 raptam
368 1586 425 1607 non
447 1575 614 1612 comedetis,
638 1576 709 1606 cani
727 1575 903 1614 proiictetzsss
926 1583 1001 1604 eam.

511 1746 575 1777 EX
604 1747 756 1778 LEVIT.
787 1746 900 1778 XVII.

310 1834 357 1865 15.
388 1834 497 1865 Omnis
530 1833 638 1864 anima
668 1842 745 1871 quae
772 1831 932 1863 comederit
961 1830 1104 1866 cadaver,
1137 1831 1192 1860 aut

222 1880 356 1917 raptum,
380 1879 442 1907 tam
465 1876 501 1907 de
520 1875 676 1915 indigenis
698 1885 792 1915 quam
815 1875 850 1906 (Ie
867 1873 1052 1914 pereyrinis,
1076 1871 1191 1903 lavabit

222 1921 398 1951 vestimenta
410 1928 476 1956 sua,
500 1918 553 1949 ubi
571 1918 682 1949 laverit
703 1929 735 1949 se
752 1928 853 1957 aqua:
876 1917 992 1956 eritque
1012 1915 1190 1946 immundus

222 1974 318 2002 usque
341 1963 382 1993 ad
400 1971 569 2000 vesperam,
587 1961 698 1992 deinde
720 1961 855 1992 mundus
877 1960 943 1991 erit.
982 1959 1030 1989 16.
1059 1957 1143 1997 Quod
1161 1957 1190 1988 si

222 2016 281 2037 non
304 2006 414 2037 laverit
435 2006 538 2041 vestes,
562 2006 588 2034 et
610 2014 735 2035 carnem
757 2014 818 2035 non
840 2003 959 2040 laverit,
974 2001 1110 2041 portabit
1128 2000 1189 2030 imt-

221 2050 365 2088 quitatem
385 2057 487 2079 suam.

310 2133 406 2164 Deut.
434 2133 483 2170 14,
503 2132 552 2162 21.
580 2132 651 2163 Non
669 2132 834 2163 comedetis.
860 2130 1065 2161 Cadaverum
1078 2133 1110 2160 et
1121 2139 1191 2160 car-

224 2178 273 2208 nis
297 2188 315 2207 a
334 2177 410 2207 feris
430 2175 610 2216 discerptae
630 2185 704 2205 esus
724 2174 863 2206 refertur
882 2174 968 2204 inter
987 2172 1189 2213 pollutiones.

223 2219 373 2251 Cadaver
403 2224 511 2249 autem
546 2218 695 2249 animalis
719 2217 881 2257 intellige,
912 2215 995 2256 quod
1026 2215 1078 2246 vel
1108 2215 1191 2261 fame

225 2263 275 2293 vel
301 2261 413 2293 morbo
437 2261 547 2301 periit:
579 2261 655 2301 quia
684 2271 725 2292 ex
756 2261 862 2300 specie
892 2259 1005 2290 mortis
1028 2260 1192 2289 contramt

225 2304 464 2336 immunditiem
477 2303 562 2344 quod
576 2314 632 2344 per
656 2314 689 2335 se
712 2303 831 2343 alioqui
856 2312 972 2343 purum
996 2304 1072 2332 erat.
1101 2300 1192 2347 Finis

225 2348 387 2388 praecepti
411 2346 575 2387 colligitur
598 2357 638 2377 ex
659 2346 783 2377 ratione
807 2355 881 2376 mox
906 2344 1015 2375 addita
1038 2343 1113 2383 quia
1129 2347 1194 2373 sint

226 2391 362 2431 populus
386 2395 517 2421 sanctus
543 2390 613 2425 Dei,
637 2394 667 2420 et
688 2389 753 2420 ritu
773 2388 955 2423 ablutionis,
982 2386 1020 2417 de
1039 2396 1100 2425 quo
1120 2389 1192 2415 tan-

227 2434 298 2464 dem
330 2435 363 2464 in
396 2433 544 2464 Levitico
579 2432 784 2472 praecipitur.
832 2429 982 2462 Secundo
1012 2428 1080 2459 loco
1108 2427 1193 2458 idem

227 2477 401 2507 mandatur
430 2475 468 2506 de
498 2485 594 2506 carne
623 2480 714 2515 rapta
743 2474 828 2515 quod
858 2477 932 2504 ante
966 2471 1004 2502 de
1028 2471 1194 2508 cadavere,

227 2520 301 2559 quia
345 2518 550 2550 lacerationis
592 2517 729 2549 foeditas
768 2515 991 2548 immundities
1036 2519 1193 2545 censetur.

316 2620 343 2686 ξς
362 2621 448 2679 &ultre
464 2620 638 2680 ggiiendence
658 2620 704 2645 des
729 2619 823 2645 choses
848 2618 965 2650 impurus
993 2625 1041 2649 par
1065 2615 1196 2640 accident.

316 2661 329 2678 ι
390 2663 445 2679 cn.
465 2656 469 2662 ¹
500 2675 505 2679 .
796 2671 813 2688 .

934 197 1119 228 PRIMUM
1155 195 1476 227 PRAECEPTUM.

2139 197 2202 228 352

1230 289 1349 329 Populi
1373 290 1527 321 sanctitas
1551 290 1669 320 iterum
1697 289 1837 320 refertur
1860 300 1923 329 quo
1947 289 2136 330 diligentius
2160 291 2199 322 ab

1231 332 1485 372 inquinamentis
1510 336 1630 363 caveat.
1677 331 1772 363 Unde
1795 333 1940 371 sequitur
1963 334 2200 365 contaminatos

1232 374 1329 406 fuisse
1358 375 1414 414 qui
1444 385 1573 406 carnem
1609 374 1803 414 discerptam
1828 375 2041 406 comederent.
2087 376 2201 416 Itaque

1233 418 1328 448 tertio
1351 418 1419 448 loeo
1451 428 1563 447 rursus
1587 418 1761 448 confirmat
1784 417 1979 448 abstinuisse
2003 418 2140 450 Iudaeos
2169 424 2201 450 et

1233 460 1412 500 prohibitos
1426 461 1525 491 fuisse
1544 460 1582 490 ab
1603 471 1659 490 esu
1680 459 1846 491 cadaveris
1866 460 1917 491 vel
1936 461 2042 491 carnis
2061 471 2080 492 a
2098 461 2202 493 bestia

1232 503 1401 540 laceratae,
1428 513 1467 533 ne
1491 513 1524 533 se
1547 502 1738 542 polluerent.
1784 502 1852 533 Nec
1874 502 1979 533 obstat
2002 503 2085 543 quod
2109 504 2202 535 cada-

1235 546 1320 577 veris
1347 551 1379 576 et
1408 545 1576 584 sanguinis
1607 544 1781 584 prohibitio
1809 545 1905 576 simul
1936 545 2002 577 illic
2032 546 2201 587 coniungi—

1234 595 1303 619 tur:
1334 588 1407 628 quia
1436 588 1555 618 scimus
1585 588 1669 627 apud
1696 588 1808 619 Mosen
1840 599 1904 619 non
1928 599 2056 628 semper
2079 589 2203 620 servari

1234 631 1348 662 seriem
1369 631 1402 661 in
1423 630 1609 670 praeceptis,
1634 630 1689 661 sed
1711 631 1891 670 promiscue
1910 631 2038 662 misceri
2058 642 2139 671 quae
2163 631 2203 662 ad

1235 673 1379 705 diversas
1403 673 1519 704 classes
1543 673 1716 712 pertinent.
1743 673 1818 704 Ideo
1840 673 2069 713 distinguenda
2092 675 2204 706 censui

1234 727 1314 756 quae
1345 717 1490 747 diversos
1521 715 1682 747 habebant
1711 717 1802 748 fines.
1848 717 1944 747 Certe
1975 716 2204 748 dissimilitudo

1234 770 1315 799 quae
1339 770 1378 789 ex
1401 769 1503 799 poena
1526 758 1663 795 elicitur,
1688 759 1793 799 palam
1819 767 1966 799 apparet:
2009 759 2074 798 Qui
2098 770 2203 791 come-

1235 802 1319 833 derit
1341 802 1542 842 sanguinem,
1566 801 1733 833 excidetur
1752 812 1769 832 e
1793 803 1923 842 populo:
1948 803 2003 842 qui
2026 803 2204 833 comederit

1235 845 1383 882 cadaver,
1419 844 1539 875 lavabit
1571 855 1617 881 se,
1653 849 1685 875 et
1719 844 1907 876 immundus
1941 845 2004 875 erit
2032 855 2132 885 usque
2164 845 2204 876 ad

1236 898 1414 927 vesperam.
1442 888 1490 918 De
1509 897 1605 918 carne
1626 891 1718 928 rapta
1738 887 1788 918 vel
1805 887 1946 919 lacerata
1965 895 2073 927 posset
2086 888 2204 918 iterum

1237 930 1360 961 moveri
1381 930 1534 970 quaestio,
1558 930 1613 960 sed
1633 942 1672 961 ex
1692 935 1856 967 contextu,
1879 940 1951 961 meo
1972 930 2098 968 iudicio,
2126 931 2206 962 satis

1236 978 1334 1013 patet,
1358 983 1487 1004 carnem
1508 984 1526 1003 a
1545 972 1655 1004 bestiis
1675 973 1847 1004 laceratam
1869 973 1993 1004 censeri
2011 973 2097 1004 inter
2116 973 2205 1005 cibos

1236 1015 1430 1047 immundos.
1458 1016 1553 1046 Ratio
1572 1016 1659 1046 enim
1679 1016 1759 1056 legis
1778 1016 1986 1057 exprimitur,
2018 1018 2093 1056 quia
2111 1015 2207 1048 electi

1236 1059 1269 1089 in
1290 1059 1443 1099 populum
1463 1063 1612 1090 sanctum
1631 1070 1730 1099 puros
1749 1069 1782 1090 se
1799 1064 1829 1090 et
1848 1060 1992 1100 integros
2011 1069 2142 1090 servare
2155 1058 2208 1090 de-

1236 1101 1350 1132 beant:
1385 1112 1444 1133 nec
1479 1102 1567 1132 Deus
1603 1102 1710 1133 cibum
1742 1102 1862 1132 homini
1897 1101 2093 1133 destinatum
2133 1101 2207 1133 cani

1238 1145 1394 1184 proiicere
1417 1144 1556 1175 iuberet:
1589 1145 1651 1175 nisi
1680 1144 1754 1176 tabe
1778 1145 1933 1175 infectum
1963 1155 2046 1185 quae
2079 1149 2206 1176 sanctos

1239 1187 1405 1227 pollueret.
1452 1186 1547 1226 Quod
1577 1192 1684 1218 autem
1716 1188 1880 1227 superiore
1911 1188 1979 1219 loco
2009 1187 2099 1218 iubet
2129 1187 2207 1218 dare

1240 1230 1424 1270 peregrino,
1460 1236 1514 1260 aut
1549 1229 1690 1261 vendere
1724 1230 1924 1270 alienigenae
1955 1234 1991 1261 ut
2025 1229 2207 1268 comedant,

1240 1272 1402 1312 probabile
1427 1283 1488 1303 non
1514 1272 1656 1303 videtur:
1689 1273 1763 1313 quia
1792 1273 1823 1303 id
1847 1278 1916 1304 erat
1940 1283 2114 1313 suggerere
2139 1283 2207 1303 ma-

1240 1316 1354 1346 teriam
1378 1315 1545 1355 peccandi:
1570 1315 1705 1355 perinde
1725 1327 1760 1347 ae
1780 1316 1807 1346 si
1827 1316 1897 1355 quis
1916 1316 2038 1347 furioso
2062 1315 2207 1356 gladium

1242 1359 1393 1399 porrigat,
1417 1365 1473 1389 aut
1492 1369 1613 1390 merces
1633 1359 1762 1390 illicitas
1781 1359 1813 1389 in
1834 1359 1913 1390 alios
1933 1357 2117 1389 transferat.
2143 1356 2209 1389 Sed

1241 1401 1337 1431 huius
1374 1401 1448 1431 nodi
1490 1408 1638 1441 prompta
1677 1407 1726 1432 est
1765 1402 1897 1432 solutio:
1942 1401 2017 1441 qnia
2056 1400 2209 1441 gentibus

1242 1444 1332 1474 licuit
1367 1444 1451 1475 vesci
1484 1444 1709 1475 indifferenter
1741 1444 1939 1484 quibuslibet
1971 1444 2066 1481 cibis,
2107 1453 2209 1483 quum

1242 1486 1369 1517 nullum
1399 1487 1477 1527 ipsis
1511 1487 1650 1526 positum
1681 1493 1766 1518 esset
1796 1487 1985 1524 discrimen,
2016 1486 2072 1517 sed
2101 1486 2210 1526 potius

1242 1528 1443 1569 quorundam
1479 1530 1619 1561 ciborum
1662 1529 1834 1570 prohibitio
1876 1529 2088 1569 separationis
2126 1532 2211 1560 esset

1243 1576 1319 1602 nota
1342 1573 1427 1603 inter
1450 1573 1536 1612 ipsos
1559 1578 1589 1603 et
1613 1573 1752 1604 electum
1777 1573 1838 1604 Dei
1863 1573 2028 1613 populum.
2085 1571 2211 1603 Diffici-

1243 1614 1303 1645 lior
1326 1616 1464 1655 emergit
1487 1616 1630 1655 quaestio
1660 1627 1700 1646 ex
1725 1617 1829 1656 specie
1853 1615 2104 1656 repugnantiae,
2135 1614 2211 1655 quia

1243 1658 1275 1688 in
1296 1657 1397 1688 altero
1416 1659 1483 1689 loeo
1505 1659 1611 1689 Moses
1632 1663 1697 1689 tam
1717 1659 1906 1699 peregrinos
1924 1669 2020 1698 quam
2040 1657 2210 1697 indigenas

1243 1700 1354 1731 eadem
1386 1701 1455 1741 lege
1478 1700 1666 1741 obstringit,
1697 1708 1729 1732 et
1756 1707 1910 1741 utrosque
1932 1700 2118 1732 immundos
2141 1710 2211 1731 esse

1243 1744 1437 1783 pronunciat
1460 1745 1485 1775 si
1509 1744 1647 1775 cadaver
1676 1745 1889 1785 gustaverint.
1937 1744 2061 1775 Verum
2090 1752 2212 1774 memo-

1242 1787 1290 1816 ria
1324 1787 1497 1817 tenendum
1533 1792 1595 1823 est,
1632 1788 1819 1827 peregrinos
1855 1787 1960 1818 vocari
1995 1786 2158 1817 interdum
2193 1795 2213 1816 a

1243 1829 1342 1866 Mose,
1367 1830 1420 1868 qui
1446 1830 1548 1869 legem
1573 1830 1714 1870 amplexi
1739 1836 1839 1867 erant,
1863 1829 1903 1860 ab
1922 1830 2042 1861 exteris
2061 1828 2212 1869 gentibus

1242 1871 1379 1902 oriundi.
1438 1872 1647 1904 circumcisio
1682 1873 1782 1913 igitur
1815 1872 1887 1903 illos
1922 1873 2055 1912 perinde
2088 1870 2213 1902 addixit

1244 1914 1327 1950 Deo,
1358 1925 1394 1946 ac
1423 1915 1448 1945 si
1480 1915 1638 1955 originem
1671 1915 1841 1946 duxissent
1864 1916 1903 1946 ab
1923 1915 2100 1946 Abraham.
2146 1913 2213 1945 Alii

1242 1962 1350 1988 autem
1386 1963 1478 1988 erant
1514 1958 1695 1998 peregrini,
1731 1969 1809 1998 quos
1844 1959 2048 1998 praeputium
2082 1967 2101 1987 a
2136 1956 2213 1988 filiis

1244 2000 1395 2031 Abrahae
1426 2001 1611 2040 separabat,
1643 2005 1797 2041 tanquam
1828 2001 1980 2041 profanos
2009 2004 2042 2030 et
2072 1999 2212 2039 exleges.

1244 2042 1380 2074 Summa
1420 2049 1483 2079 est,
1529 2044 1713 2084 quicunque
1758 2044 1820 2074 Dei
1862 2053 1979 2074 nomen
2021 2041 2213 2079 obtendunt,

1242 2096 1338 2124 seque
1362 2087 1483 2117 iactant
1506 2097 1576 2117 esse
1600 2097 1640 2116 ex
1664 2086 1732 2117 eius
1757 2085 1891 2126 populo,
1920 2089 2050 2117 vocatos
2074 2095 2143 2115 esse
2175 2084 2215 2115 ad

1242 2128 1409 2159 colendam
1440 2129 1658 2166 sanctitatem,
1693 2134 1730 2159 ut
1759 2128 1798 2159 ab
1827 2129 1914 2159 omni
1946 2128 2016 2159 labe
2050 2137 2148 2168 puros
2181 2137 2216 2158 se

1242 2175 1445 2203 conservent.

1543 2341 1606 2371 EX
1626 2340 1760 2372 DEUT.
1781 2340 1869 2371 XXI
1884 2340 1918 2382 ¹).

1334 2427 1381 2457 10.
1409 2426 1511 2465 Quam
1534 2436 1676 2466 eyressus
1697 2426 1799 2464 fueris
1833 2425 1873 2455 ατ]
1895 2425 2006 2456 bellum
2028 2428 2133 2457 contra
2156 2426 2216 2457 im·-

1246 2470 1338 2500 micos
1360 2472 1435 2507 taos,
1459 2472 1484 2499 et
1501 2469 1617 2500 dederit
1637 2479 1685 2499 eos
1699 2468 1812 2499 Ielzova
1834 2468 1921 2499 Deus
1943 2471 2016 2499 tuus
2039 2469 2074 2499 in
2089 2478 2217 2500 manum

1246 2515 1348 2550 tuam,
1382 2514 1406 2543 ct
1441 2522 1478 2542 ex
1513 2512 1557 2542 eis
1590 2512 1725 2551 captivos
1759 2510 1942 2542 abduxeris:
2000 2511 2050 2542 11.
2092 2511 2217 2542 Videris

1247 2557 1348 2586 autem
1371 2555 1406 2585 in
1428 2555 1604 2593 captivitate
1626 2554 1785 2585 mulierem
1805 2554 1951 2594 pulcram
1972 2553 2093 2593 forma,
2118 2556 2145 2585 et
2166 2554 2217 2586 de-

1336 2648 1362 2680 l)
1383 2649 1467 2673 Autre
1487 2648 1658 2680 dependcncc
1678 2648 1710 2672 de
1730 2656 1757 2672 sc
1777 2648 1876 2673 marior
1895 2656 1959 2673 avec
1975 2646 2181 2674 lenium-edules.
