2304 3034
149 176 207 206 161

146 280 207 300 nae
229 269 343 300 salutis
372 279 500 300 causam
523 268 612 307 poni:
636 277 672 298 ac
691 266 717 297 si
736 265 865 302 diceret,
889 265 959 295 Deo
982 274 1110 303 semper

147 322 241 343 curae
281 312 348 342 fore
384 311 537 351 populum
578 320 672 349 quem
713 307 812 339 semel
846 307 1001 337 tuendum
1039 318 1107 337 sus-

145 365 180 386 ce
207 355 238 385 it.

184 365 203 395 p
232 397 280 427 17.
302 396 480 427 Introduces
503 404 560 425 eos.
590 391 764 423 Plantandi
777 391 968 431 metaphora
980 392 1107 421 firmam

145 440 316 470 stationem
340 438 485 468 denotat:
510 436 603 467 sicuti
627 441 657 466 et
676 434 761 465 Psal.
786 434 841 464 44:
864 435 912 464 Tu
936 444 1034 463 manu
1054 438 1108 464 tua

145 486 257 522 gentes
280 480 449 520 expulisti,
483 478 635 518 plantasti
668 477 735 507 illic
766 483 872 516 patres
901 481 1042 512 nostros,
1076 482 1108 506 et

144 525 247 555 fecisti
270 530 305 554 ut
328 524 494 553 mitterent
516 520 647 551 radices.
686 520 787 550 Porro
811 518 920 557 templi
945 529 1106 549 commen-

144 566 288 604 datione,
319 570 424 596 terrae
454 564 520 594 eius
547 562 739 593 desiderium
768 572 848 601 quae
872 561 933 591 Dei
958 566 1104 591 sanctua-

144 610 228 640 rium
252 609 361 639 futura
383 610 460 642 crat,
484 606 517 635 in
542 605 651 645 populi
675 603 824 635 cordibus
847 604 966 634 excitat·
990 604 1107 642 Moses,

144 658 175 682 et
197 651 256 682 hac
280 649 446 681 dulcedine
476 648 584 687 pigros
613 646 713 677 allicit
741 646 779 676 ad
805 647 990 676 fruitionem
1022 647 1104 676 tanti

143 694 218 725 boni
242 691 463 732 expetendam.
516 692 563 720 Ac
591 689 630 719 de
658 694 767 719 monte
799 688 877 720 Sion
908 689 1105 719 vaticinatur

142 737 252 767 multis
272 739 346 766 ante
369 732 503 764 saeculis
515 742 610 771 quam
630 732 696 762 illie
710 737 911 762 exstruct-um
930 736 1014 761 esset
1027 738 1104 761 tem-

142 779 240 819 plum.
295 775 388 808 Unde
422 775 617 814 colligimus,
659 785 722 805 non
763 774 929 804 hominum
970 774 1103 804 arbitrio

142 821 299 852 delectum
323 818 436 853 fuisse,
467 819 522 848 sed
552 822 682 847 aeterno
708 817 767 847 Dei
798 816 932 848 consilio
955 821 988 846 et
1010 827 1102 856 prae-

142 862 352 894 destinatione
375 863 605 891 consecratum.
650 860 735 890 Nam
758 860 791 889 in
823 859 891 890 loco
915 860 993 899 ipso,
1019 859 1102 889 sicut

140 907 173 936 in
196 905 339 945 personis
361 903 483 942 fulgere
506 902 647 941 oportuit
669 902 851 942 gratuitum
865 902 925 932 Dei
946 902 1100 933 favorem.

140 948 233 979 Sicut
254 947 287 977 in
312 946 395 976 Psal.
421 945 469 982 78,
494 945 544 982 67,
568 944 697 976 dicitur:
731 945 929 984 Repudiavit
952 944 1100 975 taberna-

139 991 245 1022 culum
258 988 382 1028 Ioseph,
404 988 523 1018 tribum
546 987 700 1027 Ephraim
722 998 783 1017 non
803 987 909 1026 elegit,
929 987 983 1017 scd
1005 987 1102 1027 clegit
1126 1020 1127 1028 ἵ

139 1033 258 1064 tribum
270 1031 361 1062 Iuda.
386 1030 467 1061 Item
482 1031 556 1060 alibi
571 1030 655 1061 Psal.
670 1030 739 1065 132,
754 1030 802 1060 13.
828 1029 990 1068 Quoniam
1004 1030 1101 1069 elegit

139 1075 298 1106 Dominus
313 1073 401 1109 Sion,
415 1079 447 1103 et
460 1072 654 1103 desideravit
668 1084 724 1112 pro
739 1073 920 1103 habitaculo
934 1083 1005 1103 suo:
1022 1073 1099 1103 haec
1125 1096 1127 1118 J

139 1117 245 1157 requis
257 1128 327 1147 mea
340 1117 372 1146 iu
385 1116 548 1147 saeculum
563 1116 691 1151 saeculi,
708 1116 758 1146 hic
772 1115 931 1150 habitabo,
945 1116 1097 1154 quoniam
1125 1125 1127 1147 ἶ

137 1159 256 1200 placuit
276 1159 364 1189 mihi.
390 1159 494 1189 Simul
519 1163 629 1189 tamen
653 1158 848 1197 praedicitur
871 1158 983 1198 templi
1003 1159 1098 1189 stabi·
1126 1158 1127 1191 J

137 1203 223 1233 litas:
249 1203 331 1233 sieut
354 1201 414 1232 alio
434 1201 518 1232 loco:
544 1201 661 1231 Manus
682 1210 736 1231 11111
756 1200 985 1231 fundaviteam
1002 1200 1031 1241 ¹).
1056 1201 1099 1231 Et

136 1246 225 1276 Deus
248 1246 316 1284 ipse
340 1255 395 1283 per
407 1244 525 1275 Isaiam
550 1254 583 1274 se
607 1254 777 1283 passurum
803 1249 902 1283 negat
923 1250 958 1273 ut
972 1243 1098 1274 Ierusa-

136 1288 199 1318 lem
224 1288 255 1318 iu
280 1288 462 1318 vastitatem
487 1286 666 1326 redigatur:
701 1286 775 1326 quia
804 1287 842 1317 ab
867 1287 958 1316 initio
982 1287 1098 1316 forma-

136 1331 221 1361 verit
243 1340 323 1361 01101.
369 1329 561 1369 Quanquam
593 1335 700 1360 autem
730 1334 796 1359 tota
824 1333 910 1359 terra
939 1328 1097 1360 Chanaan

137 1373 213 1404 alibi
237 1379 372 1403 vocatur
396 1373 456 1403 Dei
482 1372 616 1411 requies,
647 1379 679 1402 et
703 1382 868 1411 nunquam
900 1372 1035 1411 populus
1066 1372 1097 1402 in

136 1415 248 1447 urbem
272 1415 423 1446 collectus
447 1415 512 1449 fuit,
548 1415 623 1454 quia
646 1419 753 1445 tamen
780 1416 868 1445 Deus
887 1424 903 1444 e
927 1426 983 1445 500
1007 1424 1097 1445 sane-

138 1459 240 1489 tuario
278 1463 378 1488 totam
414 1463 543 1497 gentem
581 1463 613 1488 ct
650 1463 769 1487 terram
804 1457 988 1497 benedicat⁷
1027 1457 1098 1488 ideo

137 1501 283 1541 specialis
307 1502 342 1531 fit
364 1500 483 1531 mentio
506 1500 608 1531 sancti
631 1500 760 1530 montis.
784 1500 872 1531 Haec
896 1506 1002 1531 autem
1025 1511 1096 1539 pro-

135 1544 247 1584 phetia
270 1543 308 1574 ad
342 1543 517 1573 fulciendos
541 1543 664 1573 animos
688 1542 780 1573 valde
811 1543 990 1573 000055111111
1020 1543 1096 1573 fuit:

137 1587 211 1626 quia
234 1597 304 1617 sero
328 1586 457 1616 taudem
482 1586 569 1616 venit
593 1585 768 1616 Ierusalem
792 1585 825 1616 10
856 1585 1011 1616 ditionem
1042 1596 1097 1626 po-

136 1629 212 1669 puli.
248 1629 290 1659 Et
310 1629 474 1667 segniores
494 1628 579 1659 haud
600 1628 695 1659 dubie
722 1628 761 1658 ad
781 1639 851 1658 cam
878 1628 1096 1668 occupandam

136 1672 255 1711 posteri
278 1672 415 1702 fuissent
438 1671 498 1701 nisi
522 1682 631 1701 eorum
656 1671 779 1701 animos
804 1671 999 1701 stimulasset
1021 1672 1099 1702 111100

135 1715 312 1754 promissio.
338 1714 490 1745 Clausula
513 1713 681 1745 subiicitur
705 1714 742 1744 de
763 1718 894 1744 aeterno
908 1714 968 1744 Dei
989 1725 1098 1753 regno,

135 1758 167 1787 in
192 1767 253 1796 quo
277 1756 411 1787 fundata
430 1762 479 1787 est
497 1756 648 1787 ecclesiae
671 1757 878 1795 perpetuitas.
917 1757 969 1788 Sic
990 1756 1097 1787 David

136 1799 234 1840 (Psal.
249 1800 318 1836 102,
337 1799 398 1840 27),
414 1805 581 1839 postquam
601 1799 683 1829 dixit
704 1798 809 1829 Deum
830 1810 955 1839 semper
969 1810 1099 1830 manere

136 1842 288 1873 eundem:
319 1848 350 1872 et
381 1852 482 1872 annos
510 1842 579 1872 eius
603 1852 666 1872 non
688 1841 831 1878 deficere,
867 1842 942 1873 11100
962 1842 1096 1882 colligit:

135 1885 213 1916 Filii
247 1895 413 1915 servorum
448 1890 576 1915 tuorum
610 1884 822 1920 habitabunt,
863 1890 893 1915 01
928 1886 1098 1924 posteritas

136 1938 246 1958 eorum
270 1937 377 1958 coram
401 1933 431 1958 te
450 1926 639 1958 stabilietur.
664 1927 752 1967 Ergo
765 1927 872 1958 Moses
885 1938 974 1967 spem
990 1928 1097 1967 populi

135 1969 309 2001 extendere
329 1969 429 2000 voluit
458 1970 491 2000 in
524 1970 631 2000 omnia
660 1970 802 2007 saecula,
834 1981 870 2001 eo
894 1970 976 2010 quod
998 1981 1098 2011 regno

136 2013 197 2044 Dei
217 2013 326 2043 nullus
346 2017 429 2043 essct
451 2013 534 2043 finis.

222 2056 269 2086 19.
297 2055 450 2094 Quoniam
468 2056 634 2095 ingressus.
687 2055 759 2085 Non
789 2055 919 2086 videtur
950 2055 1001 2087 hic
1025 2066 1095 2087 ver-

137 2108 191 2129 sus
214 2103 308 2138 aptus
328 2108 395 2129 csse
414 2099 551 2129 cantico:
575 2098 683 2137 itaque
703 2099 807 2137 potius
826 2099 977 2129 existimo
998 2099 1096 2129 histo-

137 2141 201 2171 rice
224 2151 353 2171 causam
377 2140 513 2171 adscribi
537 2151 593 2171 cur
617 2140 678 2171 Dei
702 2141 812 2172 laudes
836 2146 901 2172 tam
926 2143 1096 2181 magnifice

136 2182 303 2214 Israelitae
326 2182 568 2214 celebraverint.
625 2185 672 2214 Ac
695 2183 855 2214 tollendae
879 2185 1097 2224 ambiguitatis

138 2234 233 2255 causa
272 2226 351 2256 forte
392 2230 569 2265 praestaret
609 2226 654 2256 ita
695 2226 871 2257 resolvere:
918 2226 1000 2265 Quia
1047 2228 1096 2257 in-

140 2276 266 2305 gressus
299 2272 369 2298 erat
400 2269 562 2308 equitatus
596 2269 788 2305 Pharaonis,
820 2275 852 2300 et
880 2269 985 2300 redire
1019 2271 1097 2301 feee-

139 2313 189 2339 rat
211 2309 300 2340 Deus
322 2320 418 2349 aquas
441 2312 555 2348 maris,
587 2318 618 2342 et
646 2312 892 2343 ambulaverant
915 2313 970 2342 filii
996 2313 1096 2343 Israel

139 2362 173 2382 10
194 2361 284 2382 sicco.

224 2394 273 2424 20.
299 2394 436 2433 S'zimpsit
458 2397 550 2426 etiam
573 2396 693 2428 Maria.
729 2397 792 2428 Hic
816 2398 923 2428 Moses
946 2398 978 2428 in
1002 2405 1098 2429 cantu

209 2508 234 2539 1)
253 2507 289 2532 In
307 2508 427 2533 omnibus
445 2509 605 2536 editionibus
623 2511 788 2537 adscribitur
807 2512 874 2537 Psal.
895 2512 935 2541 87,
956 2513 977 2538 1.
999 2513 1099 2538 Verum

140 2543 220 2567 verba
241 2542 288 2566 zlla
306 2542 344 2567 ibi
361 2550 415 2567 non
433 2542 555 2575 leguntur
577 2553 660 2578 neque
682 2546 749 2571 alibi
765 2546 795 2571 in
816 2546 932 2572 Psalmis
951 2556 982 2572 ca
1000 2550 1101 2577 reperi-

140 2584 205 2602 mus.
246 2576 337 2601 Etiam
355 2576 403 2609 qui
417 2578 538 2608 prooeime
555 2586 586 2603 ex
606 2580 684 2605 Isaia
703 2581 816 2612 affertur
834 2581 907 2606 locus
925 2581 987 2615 Cap.
1007 2581 1048 2613 37,
1068 2582 1100 2607 26

139 2611 244 2641 frustra
262 2611 407 2643 quaeritur.

211 2653 318 2680 Calvini
333 2660 424 2685 opera.
463 2653 516 2679 Vol.
537 2653 613 2680 XXI
622 2656 646 2681 V.

721 171 1086 204 COMMENTARIUS
1109 172 1158 203 IN
1180 172 1328 204 EXODI
1352 174 1449 205 OAP.
1474 174 1549 206 XV.

1124 1542 1192 1571 *¹23

2066 177 2130 209 162

1161 265 1250 304 ponit
1272 264 1472 306 ἀντιστροφὴν,
1496 267 1605 306 quales
1628 267 1728 299 fuisse
1750 267 1826 299 olim
1848 269 1882 299 in
1906 280 1975 307 usu,
1998 277 2127 304 constat

1161 317 1201 336 ex
1225 307 1333 347 lyricis
1357 310 1468 348 poetis.
1494 310 1581 340 Dum
1606 311 1691 340 enim
1715 321 1780 341 non
1804 311 1890 342 viros
1913 313 2008 344 modo
2032 324 2125 353 prae-

1160 358 1255 380 cones
1288 350 1406 382 habere
1436 352 1538 383 voluit
1572 353 1655 383 tanti
1689 354 1855 391 miraculi,
1886 354 1943 385 sed
1972 356 2125 389 mulieres

1160 391 1308 422 adiunxit
1342 395 1454 425 socias:
1485 406 1546 434 quo
1577 395 1685 426 resin
1708 396 1852 426 futurum
1883 401 2010 437 tempus
2040 404 2125 430 esset

1159 435 1284 465 certior.
1329 435 1443 475 Itaque
1467 437 1520 468 ubi
1543 443 1674 468 cantum
1699 448 1794 469 suum
1819 439 2024 471 absolverant
2050 442 2121 480 viri,

1158 476 1269 507 ordine
1293 481 1508 516 sequebantur
1531 480 1691 511 mulieres.
1740 480 1934 521 Quanquam
1958 483 2120 515 incertum

1159 525 1206 549 est
1229 519 1370 550 fueritne
1394 521 1457 551 illis
1481 522 1603 561 primus
1634 534 1747 553 versus
1770 524 1988 563 intercalaris,
2012 525 2122 567 (sicuti

1158 572 1248 592 sacra
1272 562 1405 594 historia
1429 564 1457 604 (1
1485 564 1561 595 Chr.
1588 566 1635 601 16,
1660 565 1713 606 34)
1743 571 1895 603 testatur,
1930 567 1963 597 in
1995 569 2120 601 solenni

1157 609 1253 634 cantu
1277 605 1414 636 subinde
1437 607 1658 646 interpositam
1683 608 1782 639 fuisse
1805 610 1999 640 sententiam
2025 611 2118 651 hanc,

1157 647 1309 685 quoniam
1333 648 1365 677 in
1389 650 1551 680 saeculum
1571 650 1791 681 misericordia
1812 651 1895 682 eius:
1921 663 2002 692 quae
2021 655 2119 686 etiam

1157 689 1366 720 intercalatur
1387 691 1419 720 in
1448 691 1532 723 Psal.
1561 692 1642 733 136),
1670 704 1710 723 an
1730 704 1806 724 vero
1830 693 1964 725 alternis
1993 696 2118 729 vicibus

1156 731 1346 762 iteraverint
1364 733 1500 764 feminae
1520 735 1601 773 quod
1616 736 1676 766 viri
1691 736 1921 774 praecinerant.
1946 737 2119 771 Utrumvis

1155 773 1256 813 eligas
1275 785 1388 814 parum
1404 777 1509 812 refert,
1533 778 1593 807 nisi
1606 778 1689 817 quod
1702 779 1789 818 prior
1807 780 1968 810 sententia
1980 781 2117 813 101νο11-

1154 816 1399 848 similitudinem
1419 820 1549 858 propius
1569 819 1699 851 accedit.
1724 821 1794 852 Etsi
1815 827 1923 852 autem
1937 823 2119 862 prophetis-

1154 869 1207 889 sae
1227 859 1328 899 elogio
1348 860 1484 891 Mariam
1504 862 1638 901 insignit
1658 863 1773 900 Moses,
1798 874 1863 894 non
1883 869 1990 895 tamen
2010 866 2115 905 publi-

1153 912 1226 932 cum
1247 901 1380 932 docendi
1407 914 1523 935 munus
1550 915 1618 935 eam
1639 905 1698 936 sibi
1718 907 1893 946 sumpsisse
1917 914 2035 945 narrat,
2060 908 2115 940 sed

1153 948 1279 974 tantum
1303 945 1373 975 aliis
1397 945 1496 976 fuisse
1516 946 1690 978 ductricem
1714 958 1750 978 ac
1774 949 1964 989 magistram
1989 951 2022 981 in
2046 951 2115 982 lau-

1153 986 1257 1016 dando
1287 987 1366 1018 Deo.
1419 989 1533 1019 Multis
1563 990 1689 1029 quidem
1714 991 1852 1021 absurda
1877 991 1981 1023 videri
2005 998 2113 1033 posset

1153 1031 1298 1069 tympani
1318 1030 1465 1069 pulsatioy
1483 1032 1537 1061 sod
1557 1043 1626 1062 01101
1646 1044 1713 1064 mos
1732 1035 1837 1073 gentis
1856 1040 1996 1072 excusat,
2016 1047 2111 1075 quem

1152 1082 1209 1101 suo
1233 1083 1356 1111 quoque
1380 1080 1523 1113 tempore
1546 1075 1685 1114 viguisse
1709 1077 1801 1106 testis
1824 1083 1872 1107 est
1890 1077 1997 1108 David
2012 1078 2110 1119 (Psal.

1152 1115 1201 1149 68,
1216 1115 1269 1150 26)
1284 1115 1337 1145 ubi
1357 1116 1541 1147 cantoribus
1560 1123 1705 1148 accenset
1719 1119 1843 1158 puellas
1860 1122 2113 1159 tympanistrias,

1154 1157 1236 1187 haud
1269 1157 1363 1188 dubie
1393 1160 1553 1189 communi
1585 1167 1615 1190 et
1646 1167 1772 1200 recepto
1797 1172 1865 1192 usu.
1917 1162 2113 1203 Quanquam

1153 1200 1246 1230 simul
1268 1200 1444 1230 notandum
1465 1208 1522 1241 est,
1536 1204 1657 1234 musica
1669 1204 1884 1234 instrumenta
1896 1205 1982 1235 inter
1996 1206 2115 1246 legales

1153 1244 1369 1273 caeremonias
1396 1243 1505 1276 fuisse.
1536 1256 1614 1284 quas
1643 1246 1783 1276 abolevit
1801 1246 1952 1278 Christus
1978 1259 2035 1279 suo
2059 1249 2114 1279 ad-

1154 1292 1266 1319 ventu,
1298 1286 1429 1325 ideoque
1455 1286 1518 1317 alia
1545 1288 1633 1319 nobis
1657 1289 1714 1319 sub
1735 1289 1902 1329 evangelio
1925 1290 2114 1330 simplicitas

1153 1328 1291 1358 tenenda
1310 1334 1366 1359 est.

1238 1414 1287 1444 ⁴2⁵).
1312 1413 1353 1443 Es
1382 1415 1488 1445 vdurit
1512 1414 1616 1445 Moses
1636 1415 1785 1446 Israelem
1815 1427 1828 1447 e
1856 1418 1940 1448 mari
1964 1417 2066 1456 Szwli:
2088 1422 2114 1450 et

1152 1457 1265 1495 eoressi
1288 1459 1356 1486 ‚s-emt
1378 1457 1411 1487 in
1434 1457 1582 1487 desertum
1608 1457 1686 1488 Sur:
1722 1468 1756 1488 oc
1787 1469 1880 1498 quum
1904 1461 2114 1498 perrexissent

1152 1498 1249 1528 tribus
1280 1499 1386 1529 diebus
1413 1510 1471 1538 prr
1500 1501 1666 1537 ‹les-erlarii,
1700 1511 1757 1531 ‘non
1786 1502 1976 1540 reperiebant
2004 1514 2112 1542 aquas.

1197 1567 1201 1571 .
1240 1541 1313 1572 Post
1348 1546 1492 1573 ¹venerunt
1526 1543 1559 1573 in
1593 1542 1724 1579 Murali,
1760 1554 1812 1575 uec
1840 1547 1985 1583 poterant
2017 1545 2116 1578 bibere

1151 1594 1252 1622 aazias
1272 1594 1286 1614 e
1300 1584 1433 1615 Marah.-
1456 1586 1528 1623 rsrcia
1553 1596 1681 1616 arnume
1703 1590 1805 1616 crant:
1828 1587 1895 1617 «ideo
1918 1590 2057 1619 vocatum
2073 1591 2116 1620 est

1152 1637 1258 1657 women
1292 1628 1359 1657 eins
1392 1627 1518 1658 Murali.
1569 1628 1617 1658 224.
1648 1628 1691 1658 Ec
1717 1629 1854 1667 populus
1884 1633 2115 1663 murmurantes

1151 1672 1255 1700 eontra
1288 1669 1412 1703 illosen,
1441 1671 1600 1701 diverunt:
1635 1671 1715 1709 Quid
1744 1671 1903 1703 labemus?
1949 1672 1999 1703 25.
2026 1674 2113 1706 Tunc

1151 1712 1293 1743 clanrauii
1316 1713 1357 1742 (cd
1377 1713 1537 1744 lesionem.-
1559 1716 1585 1744 εἴ
1606 1714 1754 1744 indicavit
1777 1714 1825 1744 illi
1849 1714 1963 1745 Ieliova
1985 1715 2111 1755 limium,

1151 1756 1232 1793 quod
1250 1756 1381 1793 proies-st
1404 1756 1434 1785 iu
1460 1766 1574 1794 aquas:
1596 1759 1621 1785 et
1641 1756 1742 1786 dulces
1764 1757 1900 1787 redditae
1920 1760 1993 1788 sunt
2005 1768 2110 1797 aquae.

1153 1797 1319 1836 Imposuit
1337 1798 1364 1828 ci.
1387 1801 1532 1828 statutum
1555 1802 1581 1829 et
1604 1800 1761 1833 fimliwssmn,
1786 1799 1887 1838 ibique
1898 1801 2022 1830 tentavit
2033 1811 2110 1833 eum.

1152 1840 1200 1871 26.
1224 1840 1267 1870 Et
1285 1841 1381 1870 dii-it.-
1413 1841 1448 1870 δέ
1471 1841 1630 1871 obediendo
1653 1841 1801 1871 obedieris
1821 1843 1886 1872 voci
1909 1842 2037 1874 Ieliovae
2048 1844 2112 1875 Dei

1150 1884 1212 1918 tui,
1233 1886 1259 1913 et
1281 1883 1360 1921 qnod
1382 1886 1495 1913 rectum
1518 1886 1560 1914 est
1582 1884 1614 1914 iu
1638 1884 1733 1914 oculis
1761 1885 1826 1914 eius
1854 1885 1965 1923 feceris
1987 1888 2014 1915 et
2036 1896 2110 1918 aus-

1150 1926 1315 1957 culmi-eris
1331 1927 1503 1965 praeceptis
1524 1927 1598 1963 eius,
1621 1927 1856 1965 custodierisque
1874 1927 1978 1957 omnia
1996 1930 2111 1960 statuta

1150 1969 1232 2005 cius,
1266 1969 1444 1999 mziversum
1472 1968 1647 2008 lanyziorem
1674 1979 1761 2007 quem
1786 1970 1881 2007 posui
1912 1970 1942 1999 in
1971 1970 2110 2010 Aeyypto

1149 2022 1211 2041 non
1242 2021 1356 2049 ponam
1389 2021 1481 2049 super
1513 2014 1552 2041 te:
1584 2012 1657 2050 quia
1692 2022 1742 2051 eyo
1776 2011 1888 2041 Iehova
1922 2021 2041 2043 sanaris
2074 2017 2109 2046 te.

1150 2054 1199 2084 27.
1241 2054 1390 2084 Venerunt
1420 2056 1520 2084 (uitem
1549 2054 1581 2084 in
1618 2054 1719 2089 Elim,
1755 2054 1807 2084 ‘nbi
1839 2056 1924 2084 erant
1953 2054 2110 2087 duodecim

1147 2097 1245 2136 fontes
1267 2107 1430 2135 aquarum,
1455 2099 1481 2126 vt
1502 2097 1695 2135 septuaffinm
1712 2097 1853 2136 palmae,
1885 2099 1910 2127 et
1933 2102 2111 2130 manserunt

1151 2139 1191 2169 ilii
1214 2140 1302 2170 iusta
1325 2149 1431 2177 aquas.

1234 2225 1283 2255 222.
1317 2222 1360 2254 Et
1388 2224 1494 2254 edmrit
1523 2224 1635 2254 Moses.
1680 2223 1748 2253 11101
1780 2228 1892 2253 narrat
1914 2224 2037 2263 Moses,
2069 2236 2108 2257 ex

1151 2278 1212 2305 quo
1236 2269 1297 2297 iter
1321 2268 1464 2297 fecerunt
1488 2267 1620 2297 traiecto
1645 2266 1740 2302 mari,
1770 2265 1930 2297 laborasse
1961 2277 2017 2306 per
2051 2269 2109 2299 tri-

1151 2311 1250 2340 duum
1272 2320 1373 2348 aquae
1392 2310 1539 2349 penuria:
1565 2308 1679 2339 deinde
1705 2319 1784 2347 quac
1804 2308 1942 2347 primum
1963 2316 2110 2349 repertae

1151 2359 1234 2388 suut,
1259 2353 1357 2383 fuisse
1380 2362 1514 2388 1101111115,
1537 2357 1629 2390 atque
1652 2351 1726 2381 iude
1750 2361 1865 2381 nomen
1890 2350 1956 2381 loco
1979 2353 2109 2393 imposi-

1152 2400 1229 2425 tum.
1256 2395 1333 2425 Fuit
1351 2395 1479 2434 quidem
1500 2394 1577 2424 hacc
1596 2404 1659 2424 non
1682 2394 1759 2424 levis
1780 2393 1925 2428 tentatio,
1949 2395 2034 2425 sitim
2055 2396 2111 2426 tri—

1152 2438 1210 2468 bus
1234 2437 1344 2467 diebus
1368 2438 1431 2476 pati
1446 2438 1476 2467 in
1492 2442 1577 2467 terra
1590 2435 1692 2466 arida:
1717 2446 1774 2466 nec
1793 2446 1927 2474 usquam
1941 2447 2108 2469 occurrere

1153 2480 1295 2511 solamen
1317 2480 1365 2510 vel
1385 2479 1572 2510 remedium.
1598 2479 1708 2517 Itaque
1728 2478 1809 2508 nihil
1828 2478 1946 2508 mirum
1966 2479 1993 2510 si
2015 2481 2110 2511 anxie

1152 2523 1364 2562 gemuissent:
1399 2522 1452 2553 sed
1483 2521 1572 2552 dolor
1594 2521 1814 2551 contumaciae
1843 2521 1956 2560 plenus
1986 2523 2107 2554 nullam

1154 2566 1280 2596 veniam
1302 2571 1452 2595 meretur.
1483 2564 1598 2594 Preces
1617 2563 1655 2594 ad
1676 2564 1779 2594 Deum
1802 2563 1836 2593 in
1860 2567 1949 2594 tanta
1971 2566 2110 2596 necessi—

1154 2614 1220 2639 tate
1255 2607 1394 2648 dirigere
1430 2606 1583 2646 oportuit.
1639 2606 1792 2645 Neglecto
1820 2605 1972 2645 precandi
2007 2608 2113 2639 studio

1868 2656 1901 2681 11
