<?xml version="1.0" encoding="UTF-8"?>
<!DOCTYPE html PUBLIC "-//W3C//DTD XHTML 1.0 Transitional//EN"
    "http://www.w3.org/TR/xhtml1/DTD/xhtml1-transitional.dtd">
<html xmlns="http://www.w3.org/1999/xhtml" xml:lang="en" lang="en">
 <head>
  <title>
</title>
<meta http-equiv="Content-Type" content="text/html;charset=utf-8" />
  <meta name='ocr-system' content='tesseract 3.04.00' />
  <meta name='ocr-capabilities' content='ocr_page ocr_carea ocr_par ocr_line ocrx_word'/>
</head>
<body>
  <div class='ocr_page' id='page_1' title='image "./ioanniscalviniop24calv_0317.png"; bbox 0 0 2304 3034; ppageno 0'>
   <div class='ocr_carea' id='block_1_1' title="bbox 78 215 140 246">
    <p class='ocr_par' dir='ltr' id='par_1_1' title="bbox 78 215 140 246">
     <span class='ocr_line' id='line_1_1' title="bbox 78 215 140 246; baseline -0.016 0"><span class='ocrx_word' id='word_1_1' title='bbox 78 215 140 246; x_wconf 79' lang='lat'><strong>613</strong></span> 
     </span>
    </p>
   </div>
   <div class='ocr_carea' id='block_1_2' title="bbox 77 302 1035 644">
    <p class='ocr_par' dir='ltr' id='par_1_2' title="bbox 77 302 1035 644">
     <span class='ocr_line' id='line_1_2' title="bbox 78 302 1035 342; baseline -0.008 -3"><span class='ocrx_word' id='word_1_2' title='bbox 78 307 177 338; x_wconf 89' lang='lat' dir='ltr'><strong>telum</strong></span> <span class='ocrx_word' id='word_1_3' title='bbox 208 306 369 339; x_wconf 88' lang='lat' dir='ltr'><strong>occidendi</strong></span> <span class='ocrx_word' id='word_1_4' title='bbox 393 304 529 336; x_wconf 81' lang='lat' dir='ltr'><strong>hominis</strong></span> <span class='ocrx_word' id='word_1_5' title='bbox 552 313 645 334; x_wconf 87' lang='lat' dir='ltr'><strong>causa</strong></span> <span class='ocrx_word' id='word_1_6' title='bbox 669 302 860 342; x_wconf 74' lang='lat' dir='ltr'><strong>gestaverit.</strong></span> <span class='ocrx_word' id='word_1_7' title='bbox 890 312 964 332; x_wconf 74' lang='lat' dir='ltr'><strong>reus</strong></span> <span class='ocrx_word' id='word_1_8' title='bbox 987 306 1035 333; x_wconf 85' lang='lat' dir='ltr'><strong>est</strong></span> 
     </span>
     <span class='ocr_line' id='line_1_3' title="bbox 79 344 1033 385; baseline -0.007 -4"><span class='ocrx_word' id='word_1_9' title='bbox 79 350 116 381; x_wconf 86' lang='lat' dir='ltr'><strong>de</strong></span> <span class='ocrx_word' id='word_1_10' title='bbox 146 350 187 381; x_wconf 88' lang='lat' dir='ltr'><strong>vi.</strong></span> <span class='ocrx_word' id='word_1_11' title='bbox 233 349 321 380; x_wconf 87' lang='lat' dir='ltr'><strong>Deus</strong></span> <span class='ocrx_word' id='word_1_12' title='bbox 357 353 460 378; x_wconf 87' lang='lat' dir='ltr'><strong>autem</strong></span> <span class='ocrx_word' id='word_1_13' title='bbox 489 346 542 385; x_wconf 93' lang='lat' dir='ltr'><strong>qui</strong></span> <span class='ocrx_word' id='word_1_14' title='bbox 571 345 747 384; x_wconf 73' lang='lat' dir='ltr'><strong>spiritualis</strong></span> <span class='ocrx_word' id='word_1_15' title='bbox 778 351 825 374; x_wconf 80' lang='lat' dir='ltr'><strong>est</strong></span> <span class='ocrx_word' id='word_1_16' title='bbox 859 344 1033 384; x_wconf 82' lang='lat' dir='ltr'><strong>legislator,</strong></span> 
     </span>
     <span class='ocr_line' id='line_1_4' title="bbox 78 386 1034 432; baseline -0.007 -9"><span class='ocrx_word' id='word_1_17' title='bbox 78 392 173 423; x_wconf 82' lang='lat' dir='ltr'><strong>altius</strong></span> <span class='ocrx_word' id='word_1_18' title='bbox 206 390 417 432; x_wconf 84' lang='lat' dir='ltr'>progreditur.</span> <span class='ocrx_word' id='word_1_19' title='bbox 476 388 589 427; x_wconf 86' lang='lat' dir='ltr'><strong>Itaque</strong></span> <span class='ocrx_word' id='word_1_20' title='bbox 631 387 712 427; x_wconf 88' lang='lat' dir='ltr'><strong>apud</strong></span> <span class='ocrx_word' id='word_1_21' title='bbox 755 397 826 417; x_wconf 87' lang='lat' dir='ltr'><strong>eum</strong></span> <span class='ocrx_word' id='word_1_22' title='bbox 868 386 1034 417; x_wconf 72' lang='lat' dir='ltr'>iracundia</span> 
     </span>
     <span class='ocr_line' id='line_1_5' title="bbox 77 428 1033 469; baseline -0.008 -3"><span class='ocrx_word' id='word_1_23' title='bbox 77 434 284 465; x_wconf 84' lang='lat' dir='ltr'><strong>homicidium</strong></span> <span class='ocrx_word' id='word_1_24' title='bbox 307 437 460 464; x_wconf 86' lang='lat' dir='ltr'><strong>censetur.</strong></span> <span class='ocrx_word' id='word_1_25' title='bbox 505 430 574 460; x_wconf 85' lang='lat' dir='ltr'><strong>Imo</strong></span> <span class='ocrx_word' id='word_1_26' title='bbox 599 430 672 469; x_wconf 84' lang='lat' dir='ltr'><strong>quia</strong></span> <span class='ocrx_word' id='word_1_27' title='bbox 696 434 843 468; x_wconf 85' lang='lat' dir='ltr'><strong>penetrat</strong></span> <span class='ocrx_word' id='word_1_28' title='bbox 866 440 966 468; x_wconf 83' lang='lat' dir='ltr'><strong>usque</strong></span> <span class='ocrx_word' id='word_1_29' title='bbox 994 428 1033 459; x_wconf 88' lang='lat' dir='ltr'><strong>ad</strong></span> 
     </span>
     <span class='ocr_line' id='line_1_6' title="bbox 78 471 1032 511; baseline -0.007 -3"><span class='ocrx_word' id='word_1_30' title='bbox 78 477 208 507; x_wconf 87' lang='lat' dir='ltr'><strong>intimos</strong></span> <span class='ocrx_word' id='word_1_31' title='bbox 231 476 374 509; x_wconf 79' lang='lat' dir='ltr'><strong>affectus,</strong></span> <span class='ocrx_word' id='word_1_32' title='bbox 404 472 560 504; x_wconf 88' lang='lat' dir='ltr'><strong>occultum</strong></span> <span class='ocrx_word' id='word_1_33' title='bbox 584 482 709 511; x_wconf 81' lang='lat' dir='ltr'><strong>quoque</strong></span> <span class='ocrx_word' id='word_1_34' title='bbox 732 471 840 501; x_wconf 88' lang='lat' dir='ltr'><strong>odium</strong></span> <span class='ocrx_word' id='word_1_35' title='bbox 866 471 1032 502; x_wconf 81' lang='lat' dir='ltr'><strong>homicidii</strong></span> 
     </span>
     <span class='ocr_line' id='line_1_7' title="bbox 79 513 1034 554; baseline -0.006 -4"><span class='ocrx_word' id='word_1_36' title='bbox 79 519 147 550; x_wconf 84' lang='lat' dir='ltr'><strong>loeo</strong></span> <span class='ocrx_word' id='word_1_37' title='bbox 187 518 280 549; x_wconf 86' lang='lat' dir='ltr'><strong>ducit.</strong></span> <span class='ocrx_word' id='word_1_38' title='bbox 341 516 395 547; x_wconf 81' lang='lat' dir='ltr'><strong>Sic</strong></span> <span class='ocrx_word' id='word_1_39' title='bbox 434 516 517 545; x_wconf 81' lang='lat' dir='ltr'><strong>enim</strong></span> <span class='ocrx_word' id='word_1_40' title='bbox 565 514 700 554; x_wconf 75' lang='lat' dir='ltr'><strong>intelligi</strong></span> <span class='ocrx_word' id='word_1_41' title='bbox 750 513 865 544; x_wconf 84' lang='lat' dir='ltr'><strong>debent</strong></span> <span class='ocrx_word' id='word_1_42' title='bbox 904 514 1034 544; x_wconf 87' lang='lat' dir='ltr'><strong>Ioannis</strong></span> 
     </span>
     <span class='ocr_line' id='line_1_8' title="bbox 78 556 1032 599; baseline -0.006 -7"><span class='ocrx_word' id='word_1_43' title='bbox 78 562 192 592; x_wconf 83' lang='lat' dir='ltr'><strong>verba:</strong></span> <span class='ocrx_word' id='word_1_44' title='bbox 213 560 275 599; x_wconf 81' lang='lat' dir='ltr'><strong>Qui</strong></span> <span class='ocrx_word' id='word_1_45' title='bbox 295 558 360 589; x_wconf 90' lang='lat' dir='ltr'><strong>odit</strong></span> <span class='ocrx_word' id='word_1_46' title='bbox 371 558 499 588; x_wconf 85' lang='lat' dir='ltr'><strong>fratrem</strong></span> <span class='ocrx_word' id='word_1_47' title='bbox 512 567 616 594; x_wconf 81' lang='lat' dir='ltr'><strong>suum,</strong></span> <span class='ocrx_word' id='word_1_48' title='bbox 637 556 796 587; x_wconf 75' lang='lat' dir='ltr'><strong>homicida</strong></span> <span class='ocrx_word' id='word_1_49' title='bbox 816 562 864 586; x_wconf 88' lang='lat' dir='ltr'><strong>est</strong></span> <span class='ocrx_word' id='word_1_50' title='bbox 882 556 923 596; x_wconf 87' lang='lat'><strong>(1.</strong></span> <span class='ocrx_word' id='word_1_51' title='bbox 946 557 1032 587; x_wconf 86' lang='lat' dir='ltr'><strong>Ioan.</strong></span> 
     </span>
     <span class='ocr_line' id='line_1_9' title="bbox 79 599 1032 644; baseline -0.006 -9"><span class='ocrx_word' id='word_1_52' title='bbox 79 604 106 641; x_wconf 88' lang='lat'><strong>3,</strong></span> <span class='ocrx_word' id='word_1_53' title='bbox 135 603 197 644; x_wconf 81' lang='lat'><strong>15):</strong></span> <span class='ocrx_word' id='word_1_54' title='bbox 222 611 332 640; x_wconf 89' lang='lat' dir='ltr'><strong>nempe</strong></span> <span class='ocrx_word' id='word_1_55' title='bbox 356 599 393 630; x_wconf 89' lang='lat' dir='ltr'><strong>ad</strong></span> <span class='ocrx_word' id='word_1_56' title='bbox 419 599 656 629; x_wconf 79' lang='lat' dir='ltr'><strong>damnationem</strong></span> <span class='ocrx_word' id='word_1_57' title='bbox 676 599 824 629; x_wconf 77' lang='lat' dir='ltr'><strong>sufficere</strong></span> <span class='ocrx_word' id='word_1_58' title='bbox 843 605 1032 639; x_wconf 88' lang='lat' dir='ltr'><strong>conceptum</strong></span> 
     </span>
    </p>
   </div>
   <div class='ocr_carea' id='block_1_3' title="bbox 79 642 806 682">
    <p class='ocr_par' dir='ltr' id='par_1_3' title="bbox 79 642 806 682">
     <span class='ocr_line' id='line_1_10' title="bbox 79 642 806 682; baseline -0.008 -5"><span class='ocrx_word' id='word_1_59' title='bbox 79 648 112 677; x_wconf 90' lang='lat' dir='ltr'><strong>iu</strong></span> <span class='ocrx_word' id='word_1_60' title='bbox 136 644 227 677; x_wconf 87' lang='lat' dir='ltr'><strong>corde</strong></span> <span class='ocrx_word' id='word_1_61' title='bbox 250 643 364 679; x_wconf 88' lang='lat' dir='ltr'><strong>odium,</strong></span> <span class='ocrx_word' id='word_1_62' title='bbox 389 642 532 681; x_wconf 84' lang='lat' dir='ltr'><strong>quamvis</strong></span> <span class='ocrx_word' id='word_1_63' title='bbox 557 652 621 672; x_wconf 90' lang='lat' dir='ltr'><strong>non</strong></span> <span class='ocrx_word' id='word_1_64' title='bbox 645 648 806 682; x_wconf 72' lang='lat' dir='ltr'>appareat.</span> 
     </span>
    </p>
   </div>
   <div class='ocr_carea' id='block_1_4' title="bbox 160 838 909 1053">
    <p class='ocr_par' dir='ltr' id='par_1_4' title="bbox 160 838 909 1053">
     <span class='ocr_line' id='line_1_11' title="bbox 253 838 861 876; baseline -0.005 0"><span class='ocrx_word' id='word_1_65' title='bbox 253 839 527 876; x_wconf 83' lang='lat' dir='ltr'>EXPOSITIO</span> <span class='ocrx_word' id='word_1_66' title='bbox 552 838 861 875; x_wconf 79' lang='lat' dir='ltr'><strong>PRAECEPTI.</strong></span> 
     </span>
     <span class='ocr_line' id='line_1_12' title="bbox 371 929 726 960; baseline 0 0"><span class='ocrx_word' id='word_1_67' title='bbox 371 929 435 960; x_wconf 88' lang='lat' dir='ltr'><strong>EX</strong></span> <span class='ocrx_word' id='word_1_68' title='bbox 459 930 606 960; x_wconf 87' lang='lat' dir='ltr'><strong>LEVIT.</strong></span> <span class='ocrx_word' id='word_1_69' title='bbox 631 930 726 960; x_wconf 82' lang='lat' dir='ltr'><strong>XIX.</strong></span> 
     </span>
     <span class='ocr_line' id='line_1_13' title="bbox 160 1014 909 1053; baseline -0.001 -8"><span class='ocrx_word' id='word_1_70' title='bbox 160 1015 207 1046; x_wconf 84' lang='lat'><strong>17.</strong></span> <span class='ocrx_word' id='word_1_71' title='bbox 234 1014 281 1045; x_wconf 80' lang='lat' dir='ltr'><strong>Ne</strong></span> <span class='ocrx_word' id='word_1_72' title='bbox 303 1015 404 1045; x_wconf 72' lang='lat' dir='ltr'><strong>oderis</strong></span> <span class='ocrx_word' id='word_1_73' title='bbox 425 1015 554 1053; x_wconf 78' lang='lat' dir='ltr'><strong>fratrem</strong></span> <span class='ocrx_word' id='word_1_74' title='bbox 577 1017 662 1045; x_wconf 72' lang='lat' dir='ltr'><strong>{uum</strong></span> <span class='ocrx_word' id='word_1_75' title='bbox 686 1015 717 1044; x_wconf 73' lang='lat' dir='ltr'><strong>in</strong></span> <span class='ocrx_word' id='word_1_76' title='bbox 740 1014 826 1045; x_wconf 77' lang='lat' dir='ltr'><strong>corde</strong></span> <span class='ocrx_word' id='word_1_77' title='bbox 850 1018 909 1045; x_wconf 71' lang='lat' dir='ltr'><strong>tuo.</strong></span> 
     </span>
    </p>
   </div>
   <div class='ocr_carea' id='block_1_5' title="bbox 74 1099 1034 1939">
    <p class='ocr_par' dir='ltr' id='par_1_5' title="bbox 74 1099 1034 1939">
     <span class='ocr_line' id='line_1_14' title="bbox 158 1099 1033 1139; baseline 0 -9"><span class='ocrx_word' id='word_1_78' title='bbox 158 1099 252 1130; x_wconf 83' lang='lat' dir='ltr'><strong>Hane</strong></span> <span class='ocrx_word' id='word_1_79' title='bbox 282 1104 405 1139; x_wconf 86' lang='lat' dir='ltr'><strong>partem</strong></span> <span class='ocrx_word' id='word_1_80' title='bbox 437 1110 547 1129; x_wconf 86' lang='lat' dir='ltr'><strong>versus</strong></span> <span class='ocrx_word' id='word_1_81' title='bbox 576 1100 747 1138; x_wconf 86' lang='lat' dir='ltr'><strong>separatim</strong></span> <span class='ocrx_word' id='word_1_82' title='bbox 773 1099 940 1138; x_wconf 80' lang='lat' dir='ltr'><strong>legendam</strong></span> <span class='ocrx_word' id='word_1_83' title='bbox 965 1110 1033 1130; x_wconf 84' lang='lat' dir='ltr'><strong>esse</strong></span> 
     </span>
     <span class='ocr_line' id='line_1_15' title="bbox 75 1141 1033 1181; baseline -0.001 -9"><span class='ocrx_word' id='word_1_84' title='bbox 75 1153 139 1173; x_wconf 89' lang='lat' dir='ltr'><strong>non</strong></span> <span class='ocrx_word' id='word_1_85' title='bbox 168 1141 287 1172; x_wconf 89' lang='lat' dir='ltr'><strong>dubito.</strong></span> <span class='ocrx_word' id='word_1_86' title='bbox 340 1142 406 1172; x_wconf 91' lang='lat' dir='ltr'><strong>Nee</strong></span> <span class='ocrx_word' id='word_1_87' title='bbox 437 1142 513 1172; x_wconf 89' lang='lat' dir='ltr'><strong>mihi</strong></span> <span class='ocrx_word' id='word_1_88' title='bbox 545 1141 698 1181; x_wconf 88' lang='lat' dir='ltr'><strong>probatur</strong></span> <span class='ocrx_word' id='word_1_89' title='bbox 726 1142 807 1181; x_wconf 90' lang='lat' dir='ltr'><strong>quod</strong></span> <span class='ocrx_word' id='word_1_90' title='bbox 842 1142 1033 1181; x_wconf 85' lang='lat' dir='ltr'><strong>interposita</strong></span> 
     </span>
     <span class='ocr_line' id='line_1_16' title="bbox 76 1184 1033 1224; baseline -0.001 -9"><span class='ocrx_word' id='word_1_91' title='bbox 76 1185 280 1216; x_wconf 80' lang='lat' dir='ltr'><strong>adversativa</strong></span> <span class='ocrx_word' id='word_1_92' title='bbox 310 1184 381 1219; x_wconf 81' lang='lat' dir='ltr'><strong>sed,</strong></span> <span class='ocrx_word' id='word_1_93' title='bbox 415 1185 606 1224; x_wconf 66' lang='lat' dir='ltr'><strong>interpretes</strong></span> <span class='ocrx_word' id='word_1_94' title='bbox 637 1185 718 1224; x_wconf 88' lang='lat' dir='ltr'><strong>quod</strong></span> <span class='ocrx_word' id='word_1_95' title='bbox 751 1190 860 1223; x_wconf 87' lang='lat' dir='ltr'><strong>postea</strong></span> <span class='ocrx_word' id='word_1_96' title='bbox 884 1191 1033 1223; x_wconf 85' lang='lat' dir='ltr'><strong>sequetur</strong></span> 
     </span>
     <span class='ocr_line' id='line_1_17' title="bbox 74 1232 258 1259; baseline -0.011 0"><span class='ocrx_word' id='word_1_97' title='bbox 74 1232 258 1259; x_wconf 78' lang='lat' dir='ltr'><strong>contexunt.</strong></span> 
     </span>
     <span class='ocr_line' id='line_1_18' title="bbox 75 1269 1031 1309; baseline -0.001 -9"><span class='ocrx_word' id='word_1_98' title='bbox 75 1280 139 1300; x_wconf 90' lang='lat' dir='ltr'><strong>non</strong></span> <span class='ocrx_word' id='word_1_99' title='bbox 181 1280 306 1309; x_wconf 81' lang='lat' dir='ltr'><strong>semper</strong></span> <span class='ocrx_word' id='word_1_100' title='bbox 346 1269 561 1309; x_wconf 79' lang='lat' dir='ltr'><strong>quaerendam</strong></span> <span class='ocrx_word' id='word_1_101' title='bbox 603 1280 671 1300; x_wconf 87' lang='lat' dir='ltr'><strong>csse</strong></span> <span class='ocrx_word' id='word_1_102' title='bbox 711 1270 877 1300; x_wconf 85' lang='lat' dir='ltr'><strong>rationem.</strong></span> <span class='ocrx_word' id='word_1_103' title='bbox 930 1270 1031 1300; x_wconf 87' lang='lat' dir='ltr'><strong>Porro</strong></span> 
     </span>
     <span class='ocr_line' id='line_1_19' title="bbox 76 1312 1032 1352; baseline 0 -10"><span class='ocrx_word' id='word_1_104' title='bbox 76 1322 172 1352; x_wconf 91' lang='lat' dir='ltr'><strong>quum</strong></span> <span class='ocrx_word' id='word_1_105' title='bbox 192 1318 312 1343; x_wconf 89' lang='lat' dir='ltr'><strong>certum</strong></span> <span class='ocrx_word' id='word_1_106' title='bbox 333 1313 392 1347; x_wconf 85' lang='lat' dir='ltr'><strong>sit,</strong></span> <span class='ocrx_word' id='word_1_107' title='bbox 418 1322 623 1352; x_wconf 84' lang='lat' dir='ltr'><strong>quaecunque</strong></span> <span class='ocrx_word' id='word_1_108' title='bbox 642 1312 725 1351; x_wconf 81' lang='lat' dir='ltr'><strong>apud</strong></span> <span class='ocrx_word' id='word_1_109' title='bbox 746 1312 858 1342; x_wconf 82' lang='lat' dir='ltr'><strong>Mosen</strong></span> <span class='ocrx_word' id='word_1_110' title='bbox 879 1312 1032 1352; x_wconf 84' lang='lat' dir='ltr'><strong>leguntur</strong></span> 
     </span>
     <span class='ocr_line' id='line_1_20' title="bbox 74 1354 1030 1395; baseline 0 -10"><span class='ocrx_word' id='word_1_111' title='bbox 74 1354 258 1385; x_wconf 80' lang='lat' dir='ltr'><strong>formandae</strong></span> <span class='ocrx_word' id='word_1_112' title='bbox 291 1355 376 1385; x_wconf 85' lang='lat' dir='ltr'><strong>vitae</strong></span> <span class='ocrx_word' id='word_1_113' title='bbox 410 1360 579 1395; x_wconf 85' lang='lat' dir='ltr'><strong>praecepta</strong></span> <span class='ocrx_word' id='word_1_114' title='bbox 612 1365 649 1385; x_wconf 77' lang='lat' dir='ltr'><strong>ex</strong></span> <span class='ocrx_word' id='word_1_115' title='bbox 693 1354 843 1395; x_wconf 76' lang='lat' dir='ltr'><strong>decalogo</strong></span> <span class='ocrx_word' id='word_1_116' title='bbox 883 1354 1030 1394; x_wconf 79' lang='lat' dir='ltr'><strong>pendere,</strong></span> 
     </span>
     <span class='ocr_line' id='line_1_21' title="bbox 76 1396 1030 1428; baseline -0.001 0"><span class='ocrx_word' id='word_1_117' title='bbox 76 1396 153 1428; x_wconf 84' lang='lat' dir='ltr'><strong>haec</strong></span> <span class='ocrx_word' id='word_1_118' title='bbox 181 1398 342 1427; x_wconf 85' lang='lat' dir='ltr'><strong>sententia</strong></span> <span class='ocrx_word' id='word_1_119' title='bbox 371 1398 449 1428; x_wconf 86' lang='lat' dir='ltr'><strong>satis</strong></span> <span class='ocrx_word' id='word_1_120' title='bbox 477 1397 677 1428; x_wconf 83' lang='lat' dir='ltr'><strong>demonstrat</strong></span> <span class='ocrx_word' id='word_1_121' title='bbox 704 1408 767 1428; x_wconf 90' lang='lat' dir='ltr'><strong>non</strong></span> <span class='ocrx_word' id='word_1_122' title='bbox 801 1397 870 1428; x_wconf 89' lang='lat' dir='ltr'><strong>ideo</strong></span> <span class='ocrx_word' id='word_1_123' title='bbox 905 1403 1030 1427; x_wconf 87' lang='lat' dir='ltr'><strong>tantum</strong></span> 
     </span>
     <span class='ocr_line' id='line_1_22' title="bbox 76 1439 1031 1479; baseline -0.001 -9"><span class='ocrx_word' id='word_1_124' title='bbox 76 1440 251 1479; x_wconf 86' lang='lat' dir='ltr'><strong>prohibitas</strong></span> <span class='ocrx_word' id='word_1_125' title='bbox 285 1440 381 1470; x_wconf 83' lang='lat' dir='ltr'><strong>fuisse</strong></span> <span class='ocrx_word' id='word_1_126' title='bbox 415 1440 527 1470; x_wconf 83' lang='lat' dir='ltr'><strong>caedes</strong></span> <span class='ocrx_word' id='word_1_127' title='bbox 562 1451 600 1470; x_wconf 89' lang='grc'><strong>00</strong></span> <span class='ocrx_word' id='word_1_128' title='bbox 633 1441 704 1479; x_wconf 89' lang='grc'><strong>0015</strong></span> <span class='ocrx_word' id='word_1_129' title='bbox 736 1451 832 1470; x_wconf 86' lang='lat' dir='ltr'><strong>manu</strong></span> <span class='ocrx_word' id='word_1_130' title='bbox 864 1444 895 1470; x_wconf 90' lang='lat' dir='ltr'><strong>et</strong></span> <span class='ocrx_word' id='word_1_131' title='bbox 925 1439 1031 1479; x_wconf 88' lang='lat' dir='ltr'><strong>gladio</strong></span> 
     </span>
     <span class='ocr_line' id='line_1_23' title="bbox 76 1482 1030 1519; baseline 0 -7"><span class='ocrx_word' id='word_1_132' title='bbox 76 1482 206 1513; x_wconf 82' lang='lat' dir='ltr'><strong>fratrem</strong></span> <span class='ocrx_word' id='word_1_133' title='bbox 231 1483 417 1519; x_wconf 86' lang='lat' dir='ltr'><strong>interliciat,</strong></span> <span class='ocrx_word' id='word_1_134' title='bbox 442 1482 495 1513; x_wconf 86' lang='lat' dir='ltr'><strong>sed</strong></span> <span class='ocrx_word' id='word_1_135' title='bbox 521 1493 560 1512; x_wconf 89' lang='lat' dir='ltr'><strong>ne</strong></span> <span class='ocrx_word' id='word_1_136' title='bbox 584 1482 844 1512; x_wconf 78' lang='lat' dir='ltr'><strong>malevolentiam</strong></span> <span class='ocrx_word' id='word_1_137' title='bbox 867 1488 898 1513; x_wconf 84' lang='lat' dir='ltr'><strong>et</strong></span> <span class='ocrx_word' id='word_1_138' title='bbox 921 1482 1030 1513; x_wconf 89' lang='lat' dir='ltr'><strong>odium</strong></span> 
     </span>
     <span class='ocr_line' id='line_1_24' title="bbox 76 1524 1032 1565; baseline 0.001 -11"><span class='ocrx_word' id='word_1_139' title='bbox 76 1524 163 1556; x_wconf 84' lang='lat' dir='ltr'><strong>intus</strong></span> <span class='ocrx_word' id='word_1_140' title='bbox 191 1524 328 1555; x_wconf 85' lang='lat' dir='ltr'><strong>fovendo</strong></span> <span class='ocrx_word' id='word_1_141' title='bbox 358 1524 397 1556; x_wconf 88' lang='lat' dir='ltr'><strong>ad</strong></span> <span class='ocrx_word' id='word_1_142' title='bbox 428 1524 605 1555; x_wconf 84' lang='lat' dir='ltr'><strong>nocendum</strong></span> <span class='ocrx_word' id='word_1_143' title='bbox 637 1525 696 1555; x_wconf 90' lang='lat' dir='ltr'><strong>sibi</strong></span> <span class='ocrx_word' id='word_1_144' title='bbox 731 1524 907 1565; x_wconf 81' lang='lat' dir='ltr'><strong>indulgeat.</strong></span> <span class='ocrx_word' id='word_1_145' title='bbox 959 1524 1032 1563; x_wconf 80' lang='lat' dir='ltr'><strong>Quo</strong></span> 
     </span>
     <span class='ocr_line' id='line_1_25' title="bbox 76 1567 1032 1607; baseline 0 -10"><span class='ocrx_word' id='word_1_146' title='bbox 76 1577 151 1598; x_wconf 90' lang='lat' dir='ltr'><strong>vere</strong></span> <span class='ocrx_word' id='word_1_147' title='bbox 163 1568 370 1598; x_wconf 86' lang='lat' dir='ltr'><strong>confirmatur</strong></span> <span class='ocrx_word' id='word_1_148' title='bbox 390 1567 467 1598; x_wconf 92' lang='lat' dir='ltr'><strong>illud</strong></span> <span class='ocrx_word' id='word_1_149' title='bbox 481 1567 583 1603; x_wconf 88' lang='lat' dir='ltr'><strong>Pauli,</strong></span> <span class='ocrx_word' id='word_1_150' title='bbox 604 1568 707 1607; x_wconf 85' lang='lat' dir='ltr'><strong>legem</strong></span> <span class='ocrx_word' id='word_1_151' title='bbox 727 1567 925 1607; x_wconf 87' lang='lat' dir='ltr'><strong>spiritualem</strong></span> <span class='ocrx_word' id='word_1_152' title='bbox 947 1577 1032 1598; x_wconf 84' lang='grc' dir='ltr'><strong>055οῑ</strong></span> 
     </span>
     <span class='ocr_line' id='line_1_26' title="bbox 78 1610 1033 1650; baseline 0 -10"><span class='ocrx_word' id='word_1_153' title='bbox 78 1614 110 1640; x_wconf 86' lang='lat' dir='ltr'><strong>et</strong></span> <span class='ocrx_word' id='word_1_154' title='bbox 131 1610 289 1640; x_wconf 86' lang='lat' dir='ltr'><strong>refutatur</strong></span> <span class='ocrx_word' id='word_1_155' title='bbox 311 1620 420 1640; x_wconf 90' lang='lat' dir='ltr'><strong>eorum</strong></span> <span class='ocrx_word' id='word_1_156' title='bbox 443 1611 569 1641; x_wconf 82' lang='lat' dir='ltr'><strong>inscitia</strong></span> <span class='ocrx_word' id='word_1_157' title='bbox 587 1611 640 1649; x_wconf 93' lang='lat' dir='ltr'><strong>qui</strong></span> <span class='ocrx_word' id='word_1_158' title='bbox 654 1610 765 1641; x_wconf 79' lang='lat' dir='ltr'><strong>Mosen</strong></span> <span class='ocrx_word' id='word_1_159' title='bbox 786 1611 914 1650; x_wconf 88' lang='lat' dir='ltr'><strong>fingunt</strong></span> <span class='ocrx_word' id='word_1_160' title='bbox 932 1610 1033 1641; x_wconf 85' lang='lat' dir='ltr'><strong>instar</strong></span> 
     </span>
     <span class='ocr_line' id='line_1_27' title="bbox 78 1652 1032 1693; baseline -0.001 -10"><span class='ocrx_word' id='word_1_161' title='bbox 78 1652 222 1693; x_wconf 82' lang='lat' dir='ltr'><strong>Lycurgi</strong></span> <span class='ocrx_word' id='word_1_162' title='bbox 252 1652 302 1683; x_wconf 87' lang='lat' dir='ltr'><strong>vel</strong></span> <span class='ocrx_word' id='word_1_163' title='bbox 335 1652 460 1683; x_wconf 71' lang='lat' dir='ltr'><strong>Solonis</strong></span> <span class='ocrx_word' id='word_1_164' title='bbox 489 1658 652 1683; x_wconf 87' lang='lat' dir='ltr'><strong>terrenum</strong></span> <span class='ocrx_word' id='word_1_165' title='bbox 685 1653 782 1684; x_wconf 79' lang='lat' dir='ltr'><strong>fuisse</strong></span> <span class='ocrx_word' id='word_1_166' title='bbox 818 1652 1032 1692; x_wconf 77' lang='lat' dir='ltr'><strong>legislatorem</strong></span> 
     </span>
     <span class='ocr_line' id='line_1_28' title="bbox 78 1694 1033 1734; baseline 0.001 -10"><span class='ocrx_word' id='word_1_167' title='bbox 78 1694 161 1734; x_wconf 85' lang='lat' dir='ltr'><strong>apud</strong></span> <span class='ocrx_word' id='word_1_168' title='bbox 191 1694 343 1732; x_wconf 87' lang='lat' dir='ltr'><strong>Iudaeos,</strong></span> <span class='ocrx_word' id='word_1_169' title='bbox 377 1694 503 1734; x_wconf 84' lang='lat' dir='ltr'><strong>quando</strong></span> <span class='ocrx_word' id='word_1_170' title='bbox 532 1695 569 1725; x_wconf 87' lang='lat' dir='ltr'><strong>ad</strong></span> <span class='ocrx_word' id='word_1_171' title='bbox 606 1706 737 1726; x_wconf 85' lang='lat' dir='ltr'><strong>arcanos</strong></span> <span class='ocrx_word' id='word_1_172' title='bbox 767 1706 865 1734; x_wconf 86' lang='lat' dir='ltr'><strong>usque</strong></span> <span class='ocrx_word' id='word_1_173' title='bbox 899 1695 1033 1726; x_wconf 86' lang='lat' dir='ltr'><strong>affectus</strong></span> 
     </span>
     <span class='ocr_line' id='line_1_29' title="bbox 78 1737 1033 1777; baseline 0 -10"><span class='ocrx_word' id='word_1_174' title='bbox 78 1742 232 1776; x_wconf 84' lang='lat' dir='ltr'><strong>penetrat.</strong></span> <span class='ocrx_word' id='word_1_175' title='bbox 278 1737 328 1768; x_wconf 86' lang='lat' dir='ltr'><strong>Ad</strong></span> <span class='ocrx_word' id='word_1_176' title='bbox 357 1738 434 1768; x_wconf 87' lang='lat' dir='ltr'><strong>haec</strong></span> <span class='ocrx_word' id='word_1_177' title='bbox 464 1737 626 1777; x_wconf 84' lang='lat' dir='ltr'><strong>probabile</strong></span> <span class='ocrx_word' id='word_1_178' title='bbox 656 1743 704 1769; x_wconf 84' lang='lat' dir='ltr'><strong>est</strong></span> <span class='ocrx_word' id='word_1_179' title='bbox 733 1749 771 1768; x_wconf 81' lang='lat' dir='ltr'><strong>ex</strong></span> <span class='ocrx_word' id='word_1_180' title='bbox 804 1738 862 1768; x_wconf 89' lang='lat' dir='ltr'><strong>hoc</strong></span> <span class='ocrx_word' id='word_1_181' title='bbox 892 1738 959 1768; x_wconf 91' lang='lat' dir='ltr'><strong>loco</strong></span> <span class='ocrx_word' id='word_1_182' title='bbox 982 1737 1033 1768; x_wconf 89' lang='lat' dir='ltr'><strong>Io-</strong></span> 
     </span>
     <span class='ocr_line' id='line_1_30' title="bbox 79 1780 1032 1819; baseline 0 -9"><span class='ocrx_word' id='word_1_183' title='bbox 79 1789 195 1810; x_wconf 86' lang='lat' dir='ltr'><strong>annem</strong></span> <span class='ocrx_word' id='word_1_184' title='bbox 227 1780 402 1819; x_wconf 79' lang='lat' dir='ltr'><strong>sumpsisse</strong></span> <span class='ocrx_word' id='word_1_185' title='bbox 432 1780 513 1819; x_wconf 93' lang='lat' dir='ltr'><strong>quod</strong></span> <span class='ocrx_word' id='word_1_186' title='bbox 545 1780 637 1817; x_wconf 84' lang='lat' dir='ltr'><strong>dicit,</strong></span> <span class='ocrx_word' id='word_1_187' title='bbox 667 1781 857 1811; x_wconf 71' lang='lat' dir='ltr'><strong>homicidam</strong></span> <span class='ocrx_word' id='word_1_188' title='bbox 888 1791 956 1811; x_wconf 85' lang='grc'><strong>0550</strong></span> <span class='ocrx_word' id='word_1_189' title='bbox 980 1781 1032 1819; x_wconf 91' lang='lat' dir='ltr'><strong>qui</strong></span> 
     </span>
     <span class='ocr_line' id='line_1_31' title="bbox 78 1822 1033 1863; baseline 0.001 -11"><span class='ocrx_word' id='word_1_190' title='bbox 78 1822 208 1852; x_wconf 82' lang='lat' dir='ltr'><strong>fratrem</strong></span> <span class='ocrx_word' id='word_1_191' title='bbox 233 1822 307 1853; x_wconf 87' lang='lat' dir='ltr'><strong>odit.</strong></span> <span class='ocrx_word' id='word_1_192' title='bbox 354 1823 542 1862; x_wconf 83' lang='lat' dir='ltr'><strong>Emphatice</strong></span> <span class='ocrx_word' id='word_1_193' title='bbox 572 1824 657 1854; x_wconf 89' lang='lat' dir='ltr'><strong>enim</strong></span> <span class='ocrx_word' id='word_1_194' title='bbox 682 1823 733 1854; x_wconf 90' lang='lat' dir='ltr'><strong>hic</strong></span> <span class='ocrx_word' id='word_1_195' title='bbox 763 1824 892 1863; x_wconf 87' lang='lat' dir='ltr'><strong>ponitur</strong></span> <span class='ocrx_word' id='word_1_196' title='bbox 917 1833 1033 1853; x_wconf 89' lang='lat' dir='ltr'><strong>nomen</strong></span> 
     </span>
     <span class='ocr_line' id='line_1_32' title="bbox 77 1864 1034 1905; baseline 0.001 -10"><span class='ocrx_word' id='word_1_197' title='bbox 77 1864 193 1896; x_wconf 90' lang='lat' dir='ltr'><strong>cordis:</strong></span> <span class='ocrx_word' id='word_1_198' title='bbox 218 1866 292 1905; x_wconf 86' lang='lat' dir='ltr'><strong>quia</strong></span> <span class='ocrx_word' id='word_1_199' title='bbox 315 1866 375 1896; x_wconf 86' lang='lat' dir='ltr'><strong>etsi</strong></span> <span class='ocrx_word' id='word_1_200' title='bbox 399 1865 487 1896; x_wconf 83' lang='lat' dir='ltr'><strong>nulla</strong></span> <span class='ocrx_word' id='word_1_201' title='bbox 510 1873 686 1905; x_wconf 83' lang='lat' dir='ltr'><strong>appareant</strong></span> <span class='ocrx_word' id='word_1_202' title='bbox 709 1866 772 1896; x_wconf 91' lang='lat' dir='ltr'><strong>odii</strong></span> <span class='ocrx_word' id='word_1_203' title='bbox 795 1867 903 1905; x_wconf 78' lang='lat' dir='ltr'><strong>signa,</strong></span> <span class='ocrx_word' id='word_1_204' title='bbox 933 1866 1034 1896; x_wconf 89' lang='lat' dir='ltr'><strong>homi-</strong></span> 
     </span>
     <span class='ocr_line' id='line_1_33' title="bbox 78 1906 1033 1939; baseline 0.002 -2"><span class='ocrx_word' id='word_1_205' title='bbox 78 1906 194 1938; x_wconf 90' lang='lat' dir='ltr'><strong>cidium</strong></span> <span class='ocrx_word' id='word_1_206' title='bbox 215 1913 320 1938; x_wconf 88' lang='lat' dir='ltr'><strong>tamen</strong></span> <span class='ocrx_word' id='word_1_207' title='bbox 345 1918 451 1939; x_wconf 85' lang='lat' dir='ltr'><strong>coram</strong></span> <span class='ocrx_word' id='word_1_208' title='bbox 472 1908 539 1939; x_wconf 86' lang='lat' dir='ltr'><strong>Deo</strong></span> <span class='ocrx_word' id='word_1_209' title='bbox 563 1915 711 1939; x_wconf 85' lang='lat' dir='ltr'><strong>censetur</strong></span> <span class='ocrx_word' id='word_1_210' title='bbox 734 1909 867 1939; x_wconf 88' lang='lat' dir='ltr'><strong>interior</strong></span> <span class='ocrx_word' id='word_1_211' title='bbox 890 1909 1033 1939; x_wconf 68' lang='lat' dir='ltr'><strong>affectus</strong></span> 
     </span>
    </p>
   </div>
   <div class='ocr_carea' id='block_1_6' title="bbox 377 2077 733 2109">
    <p class='ocr_par' dir='ltr' id='par_1_6' title="bbox 377 2077 733 2109">
     <span class='ocr_line' id='line_1_34' title="bbox 377 2077 733 2109; baseline 0.003 -2"><span class='ocrx_word' id='word_1_212' title='bbox 377 2077 441 2108; x_wconf 89' lang='lat' dir='ltr'><strong>EX</strong></span> <span class='ocrx_word' id='word_1_213' title='bbox 466 2077 613 2108; x_wconf 85' lang='lat' dir='ltr'><strong>LEVIT.</strong></span> <span class='ocrx_word' id='word_1_214' title='bbox 640 2078 733 2109; x_wconf 81' lang='lat' dir='ltr'><strong>XIX.</strong></span> 
     </span>
    </p>
   </div>
   <div class='ocr_carea' id='block_1_7' title="bbox 77 2168 1033 2294">
    <p class='ocr_par' dir='ltr' id='par_1_7' title="bbox 77 2168 1033 2294">
     <span class='ocr_line' id='line_1_35' title="bbox 162 2168 1032 2210; baseline 0.003 -11"><span class='ocrx_word' id='word_1_215' title='bbox 162 2168 209 2200; x_wconf 82' lang='lat'><strong>18.</strong></span> <span class='ocrx_word' id='word_1_216' title='bbox 234 2169 282 2200; x_wconf 80' lang='lat' dir='ltr'><strong>Ne</strong></span> <span class='ocrx_word' id='word_1_217' title='bbox 303 2170 463 2201; x_wconf 69' lang='lat' dir='ltr'><strong>ulciscaris·</strong></span> <span class='ocrx_word' id='word_1_218' title='bbox 485 2173 524 2207; x_wconf 75' lang='lat' dir='ltr'><strong>te,</strong></span> <span class='ocrx_word' id='word_1_219' title='bbox 555 2181 648 2210; x_wconf 74' lang='lat' dir='ltr'><strong>neque</strong></span> <span class='ocrx_word' id='word_1_220' title='bbox 678 2182 777 2202; x_wconf 75' lang='lat' dir='ltr'><strong>serres</strong></span> <span class='ocrx_word' id='word_1_221' title='bbox 805 2172 908 2202; x_wconf 62' lang='lat' dir='ltr'><strong>odium</strong></span> <span class='ocrx_word' id='word_1_222' title='bbox 931 2174 1032 2203; x_wconf 71' lang='lat' dir='ltr'><strong>contra</strong></span> 
     </span>
     <span class='ocr_line' id='line_1_36' title="bbox 77 2209 1033 2253; baseline 0.006 -14"><span class='ocrx_word' id='word_1_223' title='bbox 77 2209 157 2247; x_wconf 74' lang='lat' dir='ltr'><strong>filios</strong></span> <span class='ocrx_word' id='word_1_224' title='bbox 186 2212 291 2250; x_wconf 73' lang='lat' dir='ltr'><strong>populi</strong></span> <span class='ocrx_word' id='word_1_225' title='bbox 324 2213 385 2243; x_wconf 75' lang='lat' dir='ltr'><strong>tui:</strong></span> <span class='ocrx_word' id='word_1_226' title='bbox 417 2213 469 2244; x_wconf 76' lang='lat' dir='ltr'><strong>sed</strong></span> <span class='ocrx_word' id='word_1_227' title='bbox 497 2213 606 2253; x_wconf 64' lang='lat' dir='ltr'><strong>(Iilv&#39;yes</strong></span> <span class='ocrx_word' id='word_1_228' title='bbox 629 2214 811 2252; x_wconf 53' lang='lat' dir='ltr'><strong>profanum</strong></span> <span class='ocrx_word' id='word_1_229' title='bbox 841 2217 927 2244; x_wconf 71' lang='lat' dir='ltr'><strong>tuum</strong></span> <span class='ocrx_word' id='word_1_230' title='bbox 955 2215 1033 2245; x_wconf 71' lang='lat' dir='ltr'><strong>sicut</strong></span> 
     </span>
     <span class='ocr_line' id='line_1_37' title="bbox 78 2252 457 2294; baseline 0.013 -13"><span class='ocrx_word' id='word_1_231' title='bbox 78 2254 104 2281; x_wconf 78' lang='lat' dir='ltr'><strong>te</strong></span> <span class='ocrx_word' id='word_1_232' title='bbox 126 2252 242 2292; x_wconf 76' lang='lat' dir='ltr'><strong>ipsum:</strong></span> <span class='ocrx_word' id='word_1_233' title='bbox 264 2264 314 2294; x_wconf 69' lang='lat'><strong>(²90</strong></span> <span class='ocrx_word' id='word_1_234' title='bbox 337 2255 457 2286; x_wconf 73' lang='lat' dir='ltr'><strong>Ielcova.</strong></span> 
     </span>
    </p>
   </div>
   <div class='ocr_carea' id='block_1_8' title="bbox 79 2337 1031 2467">
    <p class='ocr_par' dir='ltr' id='par_1_8' title="bbox 79 2337 1031 2467">
     <span class='ocr_line' id='line_1_38' title="bbox 162 2337 1031 2381; baseline 0.006 -14"><span class='ocrx_word' id='word_1_235' title='bbox 162 2337 246 2369; x_wconf 90' lang='lat' dir='ltr'><strong>Hinc</strong></span> <span class='ocrx_word' id='word_1_236' title='bbox 276 2339 359 2370; x_wconf 86' lang='lat' dir='ltr'><strong>clare</strong></span> <span class='ocrx_word' id='word_1_237' title='bbox 393 2345 524 2380; x_wconf 86' lang='lat' dir='ltr'><strong>apparet</strong></span> <span class='ocrx_word' id='word_1_238' title='bbox 559 2340 684 2381; x_wconf 91' lang='lat' dir='ltr'><strong>longius</strong></span> <span class='ocrx_word' id='word_1_239' title='bbox 714 2341 817 2371; x_wconf 88' lang='lat' dir='ltr'><strong>Deum</strong></span> <span class='ocrx_word' id='word_1_240' title='bbox 854 2342 1031 2381; x_wconf 74' lang='lat' dir='ltr'><strong>respexisse</strong></span> 
     </span>
     <span class='ocr_line' id='line_1_39' title="bbox 79 2381 1030 2422; baseline 0.006 -14"><span class='ocrx_word' id='word_1_241' title='bbox 79 2388 171 2417; x_wconf 85' lang='lat' dir='ltr'><strong>quam</strong></span> <span class='ocrx_word' id='word_1_242' title='bbox 195 2390 235 2410; x_wconf 89' lang='lat' dir='ltr'><strong>ne</strong></span> <span class='ocrx_word' id='word_1_243' title='bbox 256 2381 307 2412; x_wconf 86' lang='lat' dir='ltr'><strong>alii</strong></span> <span class='ocrx_word' id='word_1_244' title='bbox 337 2382 415 2414; x_wconf 83' lang='lat' dir='ltr'><strong>alios</strong></span> <span class='ocrx_word' id='word_1_245' title='bbox 444 2384 676 2419; x_wconf 81' lang='lat' dir='ltr'><strong>interficerent,</strong></span> <span class='ocrx_word' id='word_1_246' title='bbox 709 2384 782 2422; x_wconf 89' lang='lat' dir='ltr'><strong>quia</strong></span> <span class='ocrx_word' id='word_1_247' title='bbox 810 2394 874 2414; x_wconf 91' lang='grc'><strong>000</strong></span> <span class='ocrx_word' id='word_1_248' title='bbox 903 2390 1030 2415; x_wconf 81' lang='lat' dir='ltr'><strong>tantum</strong></span> 
     </span>
     <span class='ocr_line' id='line_1_40' title="bbox 80 2425 1029 2467; baseline 0.007 -17"><span class='ocrx_word' id='word_1_249' title='bbox 80 2430 192 2451; x_wconf 83' lang='lat' dir='ltr'><strong>manus</strong></span> <span class='ocrx_word' id='word_1_250' title='bbox 221 2431 357 2462; x_wconf 87' lang='lat' dir='ltr'><strong>coercet,</strong></span> <span class='ocrx_word' id='word_1_251' title='bbox 390 2425 443 2456; x_wconf 87' lang='lat' dir='ltr'><strong>sed</strong></span> <span class='ocrx_word' id='word_1_252' title='bbox 473 2425 568 2456; x_wconf 86' lang='lat' dir='ltr'><strong>eorda</strong></span> <span class='ocrx_word' id='word_1_253' title='bbox 596 2426 682 2456; x_wconf 89' lang='lat' dir='ltr'><strong>omni</strong></span> <span class='ocrx_word' id='word_1_254' title='bbox 708 2426 780 2456; x_wconf 89' lang='lat' dir='ltr'><strong>odio</strong></span> <span class='ocrx_word' id='word_1_255' title='bbox 810 2436 890 2466; x_wconf 81' lang='lat' dir='ltr'><strong>pura</strong></span> <span class='ocrx_word' id='word_1_256' title='bbox 920 2427 1029 2467; x_wconf 81' lang='lat' dir='ltr'><strong>exigit.</strong></span> 
     </span>
    </p>
   </div>
   <div class='ocr_carea' id='block_1_9' title="bbox 79 2462 1057 2506">
    <p class='ocr_par' dir='ltr' id='par_1_9' title="bbox 79 2462 1057 2506">
     <span class='ocr_line' id='line_1_41' title="bbox 79 2462 1057 2506; baseline 0.008 -14"><span class='ocrx_word' id='word_1_257' title='bbox 79 2462 161 2493; x_wconf 88' lang='lat' dir='ltr'><strong>Nam</strong></span> <span class='ocrx_word' id='word_1_258' title='bbox 175 2474 270 2503; x_wconf 92' lang='lat' dir='ltr'><strong>quum</strong></span> <span class='ocrx_word' id='word_1_259' title='bbox 293 2466 361 2497; x_wconf 81' lang='lat' dir='ltr'><strong>fons</strong></span> <span class='ocrx_word' id='word_1_260' title='bbox 383 2473 414 2498; x_wconf 90' lang='lat' dir='ltr'><strong>et</strong></span> <span class='ocrx_word' id='word_1_261' title='bbox 435 2478 531 2499; x_wconf 86' lang='lat' dir='ltr'><strong>causa</strong></span> <span class='ocrx_word' id='word_1_262' title='bbox 550 2469 791 2500; x_wconf 82' lang='lat' dir='ltr'><strong>inimicitiarum</strong></span> <span class='ocrx_word' id='word_1_263' title='bbox 811 2469 852 2499; x_wconf 88' lang='lat' dir='ltr'><strong>sit</strong></span> <span class='ocrx_word' id='word_1_264' title='bbox 871 2469 1030 2500; x_wconf 78' lang='lat' dir='ltr'><strong>vindictae</strong></span> <span class='ocrx_word' id='word_1_265' title='bbox 1055 2497 1057 2506; x_wconf 69' lang='grc'><strong>,</strong></span> 
     </span>
    </p>
   </div>
   <div class='ocr_carea' id='block_1_10' title="bbox 77 2505 1028 2594">
    <p class='ocr_par' dir='ltr' id='par_1_10' title="bbox 77 2505 1028 2594">
     <span class='ocr_line' id='line_1_42' title="bbox 78 2505 1028 2548; baseline 0.008 -14"><span class='ocrx_word' id='word_1_266' title='bbox 78 2505 250 2544; x_wconf 84' lang='lat' dir='ltr'><strong>cupiditas,</strong></span> <span class='ocrx_word' id='word_1_267' title='bbox 286 2510 427 2548; x_wconf 85' lang='lat' dir='ltr'><strong>sequitur</strong></span> <span class='ocrx_word' id='word_1_268' title='bbox 464 2510 521 2541; x_wconf 86' lang='lat' dir='ltr'><strong>sub</strong></span> <span class='ocrx_word' id='word_1_269' title='bbox 555 2511 717 2542; x_wconf 81' lang='lat' dir='ltr'><strong>occidendi</strong></span> <span class='ocrx_word' id='word_1_270' title='bbox 753 2512 849 2542; x_wconf 79' lang='lat' dir='ltr'><strong>verbo</strong></span> <span class='ocrx_word' id='word_1_271' title='bbox 884 2512 1028 2543; x_wconf 82' lang='lat' dir='ltr'><strong>damnari</strong></span> 
     </span>
     <span class='ocr_line' id='line_1_43' title="bbox 77 2546 1028 2594; baseline 0.009 -18"><span class='ocrx_word' id='word_1_272' title='bbox 77 2546 227 2587; x_wconf 89' lang='lat' dir='ltr'><strong>quidquid</strong></span> <span class='ocrx_word' id='word_1_273' title='bbox 268 2560 338 2581; x_wconf 85' lang='lat' dir='ltr'><strong>enm</strong></span> <span class='ocrx_word' id='word_1_274' title='bbox 377 2552 518 2584; x_wconf 86' lang='lat' dir='ltr'><strong>fraterna</strong></span> <span class='ocrx_word' id='word_1_275' title='bbox 559 2553 726 2585; x_wconf 86' lang='lat' dir='ltr'><strong>dilectione</strong></span> <span class='ocrx_word' id='word_1_276' title='bbox 767 2559 898 2594; x_wconf 77' lang='lat' dir='ltr'><strong>pugnat.</strong></span> <span class='ocrx_word' id='word_1_277' title='bbox 954 2555 1028 2585; x_wconf 89' lang='lat' dir='ltr'><strong>Huc</strong></span> 
     </span>
    </p>
   </div>
   <div class='ocr_carea' id='block_1_11' title="bbox 796 208 1326 243">
    <p class='ocr_par' dir='ltr' id='par_1_11' title="bbox 796 208 1326 243">
     <span class='ocr_line' id='line_1_44' title="bbox 796 208 1326 243; baseline 0.004 -3"><span class='ocrx_word' id='word_1_278' title='bbox 796 208 983 240; x_wconf 80' lang='lat' dir='ltr'>SEXTUM</span> <span class='ocrx_word' id='word_1_279' title='bbox 1008 209 1326 243; x_wconf 76' lang='lat' dir='ltr'><strong>PRAECEPTUM.</strong></span> 
     </span>
    </p>
   </div>
   <div class='ocr_carea' id='block_1_12' title="bbox 1058 304 1066 2595">
    <p class='ocr_par' dir='ltr' id='par_1_12' title="bbox 1058 304 1066 2595">
     <span class='ocr_line' id='line_1_45' title="bbox 1058 304 1066 2595; baseline 0 0"><span class='ocrx_word' id='word_1_280' title='bbox 1058 304 1066 2595; x_wconf 95' lang='lat' dir='ltr'><strong> </strong></span> 
     </span>
    </p>
   </div>
   <div class='ocr_carea' id='block_1_13' title="bbox 1990 212 2052 243">
    <p class='ocr_par' dir='ltr' id='par_1_13' title="bbox 1990 212 2052 243">
     <span class='ocr_line' id='line_1_46' title="bbox 1990 212 2052 243; baseline 0 0"><span class='ocrx_word' id='word_1_281' title='bbox 1990 212 2052 243; x_wconf 80' lang='lat'><strong>614</strong></span> 
     </span>
    </p>
   </div>
   <div class='ocr_carea' id='block_1_14' title="bbox 1086 303 2050 1194">
    <p class='ocr_par' dir='ltr' id='par_1_14' title="bbox 1086 303 2050 1194">
     <span class='ocr_line' id='line_1_47' title="bbox 1089 303 2049 344; baseline 0.004 -12"><span class='ocrx_word' id='word_1_282' title='bbox 1089 303 1207 333; x_wconf 81' lang='lat' dir='ltr'><strong>accedit</strong></span> <span class='ocrx_word' id='word_1_283' title='bbox 1231 304 1408 340; x_wconf 77' lang='lat' dir='ltr'><strong>antithesis,</strong></span> <span class='ocrx_word' id='word_1_284' title='bbox 1435 315 1474 334; x_wconf 88' lang='lat' dir='ltr'><strong>ne</strong></span> <span class='ocrx_word' id='word_1_285' title='bbox 1494 304 1563 343; x_wconf 91' lang='lat' dir='ltr'><strong>quis</strong></span> <span class='ocrx_word' id='word_1_286' title='bbox 1583 303 1654 334; x_wconf 86' lang='lat' dir='ltr'><strong>odio</strong></span> <span class='ocrx_word' id='word_1_287' title='bbox 1674 309 1887 344; x_wconf 83' lang='lat' dir='ltr'><strong>prosequatur</strong></span> <span class='ocrx_word' id='word_1_288' title='bbox 1905 305 2049 342; x_wconf 80' lang='lat' dir='ltr'><strong>fratrem,</strong></span> 
     </span>
     <span class='ocr_line' id='line_1_48' title="bbox 1087 345 2048 387; baseline 0.003 -12"><span class='ocrx_word' id='word_1_289' title='bbox 1087 345 1161 383; x_wconf 80' lang='lat' dir='ltr'><strong>quin</strong></span> <span class='ocrx_word' id='word_1_290' title='bbox 1182 347 1289 384; x_wconf 87' lang='lat' dir='ltr'><strong>potius</strong></span> <span class='ocrx_word' id='word_1_291' title='bbox 1309 346 1422 387; x_wconf 83' lang='lat' dir='ltr'><strong>diligat</strong></span> <span class='ocrx_word' id='word_1_292' title='bbox 1441 352 1593 386; x_wconf 79' lang='lat' dir='ltr'><strong>tauquam</strong></span> <span class='ocrx_word' id='word_1_293' title='bbox 1614 347 1775 386; x_wconf 75' lang='lat' dir='ltr'><strong>scipsum.</strong></span> <span class='ocrx_word' id='word_1_294' title='bbox 1813 348 1862 378; x_wconf 87' lang='lat' dir='ltr'><strong>Ita</strong></span> <span class='ocrx_word' id='word_1_295' title='bbox 1882 359 1942 378; x_wconf 89' lang='lat' dir='ltr'><strong>uon</strong></span> <span class='ocrx_word' id='word_1_296' title='bbox 1964 349 2048 379; x_wconf 82' lang='lat' dir='ltr'><strong>alius</strong></span> 
     </span>
     <span class='ocr_line' id='line_1_49' title="bbox 1086 388 2047 430; baseline 0.003 -12"><span class='ocrx_word' id='word_1_297' title='bbox 1086 389 1246 427; x_wconf 85' lang='lat' dir='ltr'><strong>praecepti</strong></span> <span class='ocrx_word' id='word_1_298' title='bbox 1269 389 1430 429; x_wconf 84' lang='lat' dir='ltr'><strong>interpres</strong></span> <span class='ocrx_word' id='word_1_299' title='bbox 1455 388 1657 428; x_wconf 85' lang='lat' dir='ltr'><strong>quaerendus</strong></span> <span class='ocrx_word' id='word_1_300' title='bbox 1680 394 1729 419; x_wconf 83' lang='lat' dir='ltr'><strong>est</strong></span> <span class='ocrx_word' id='word_1_301' title='bbox 1751 400 1846 428; x_wconf 83' lang='lat' dir='ltr'><strong>quani</strong></span> <span class='ocrx_word' id='word_1_302' title='bbox 1867 390 1935 430; x_wconf 82' lang='lat' dir='ltr'><strong>ipse</strong></span> <span class='ocrx_word' id='word_1_303' title='bbox 1949 391 2047 426; x_wconf 77' lang='lat' dir='ltr'><strong>Deus,</strong></span> 
     </span>
     <span class='ocr_line' id='line_1_50' title="bbox 1086 430 2050 473; baseline 0.004 -14"><span class='ocrx_word' id='word_1_304' title='bbox 1086 430 1140 468; x_wconf 90' lang='grc'><strong>0111</strong></span> <span class='ocrx_word' id='word_1_305' title='bbox 1160 430 1265 461; x_wconf 81' lang='lat' dir='ltr'><strong>caedis</strong></span> <span class='ocrx_word' id='word_1_306' title='bbox 1284 441 1355 462; x_wconf 89' lang='lat' dir='ltr'><strong>reos</strong></span> <span class='ocrx_word' id='word_1_307' title='bbox 1373 442 1441 462; x_wconf 85' lang='lat' dir='ltr'><strong>esse</strong></span> <span class='ocrx_word' id='word_1_308' title='bbox 1461 432 1653 471; x_wconf 82' lang='lat' dir='ltr'><strong>pronunciat</strong></span> <span class='ocrx_word' id='word_1_309' title='bbox 1666 431 1847 471; x_wconf 81' lang='grc'><strong>0010110000</strong></span> <span class='ocrx_word' id='word_1_310' title='bbox 1862 433 1968 473; x_wconf 86' lang='lat' dir='ltr'><strong>aliqua</strong></span> <span class='ocrx_word' id='word_1_311' title='bbox 1982 444 2050 463; x_wconf 87' lang='lat' dir='ltr'><strong>ma-</strong></span> 
     </span>
     <span class='ocr_line' id='line_1_51' title="bbox 1087 471 2049 515; baseline 0.005 -14"><span class='ocrx_word' id='word_1_312' title='bbox 1087 471 1261 503; x_wconf 86' lang='lat' dir='ltr'><strong>levolentia</strong></span> <span class='ocrx_word' id='word_1_313' title='bbox 1291 478 1367 504; x_wconf 86' lang='lat' dir='ltr'><strong>sunt</strong></span> <span class='ocrx_word' id='word_1_314' title='bbox 1395 474 1518 504; x_wconf 86' lang='lat' dir='ltr'><strong>infecti:</strong></span> <span class='ocrx_word' id='word_1_315' title='bbox 1552 484 1609 504; x_wconf 89' lang='lat' dir='ltr'><strong>nce</strong></span> <span class='ocrx_word' id='word_1_316' title='bbox 1638 473 1730 504; x_wconf 86' lang='lat' dir='ltr'><strong>modo</strong></span> <span class='ocrx_word' id='word_1_317' title='bbox 1762 475 1816 514; x_wconf 92' lang='grc'><strong>001</strong></span> <span class='ocrx_word' id='word_1_318' title='bbox 1846 475 1957 506; x_wconf 79' lang='lat' dir='ltr'><strong>offensi</strong></span> <span class='ocrx_word' id='word_1_319' title='bbox 1990 486 2049 515; x_wconf 87' lang='lat' dir='ltr'><strong>par</strong></span> 
     </span>
     <span class='ocr_line' id='line_1_52' title="bbox 1086 514 2047 556; baseline 0.004 -12"><span class='ocrx_word' id='word_1_320' title='bbox 1086 514 1154 553; x_wconf 82' lang='lat' dir='ltr'><strong>pari</strong></span> <span class='ocrx_word' id='word_1_321' title='bbox 1186 516 1304 545; x_wconf 84' lang='lat' dir='ltr'><strong>referre</strong></span> <span class='ocrx_word' id='word_1_322' title='bbox 1339 521 1510 556; x_wconf 82' lang='lat' dir='ltr'><strong>appetunt,</strong></span> <span class='ocrx_word' id='word_1_323' title='bbox 1543 515 1596 546; x_wconf 82' lang='lat' dir='ltr'><strong>sed</strong></span> <span class='ocrx_word' id='word_1_324' title='bbox 1628 517 1767 555; x_wconf 87' lang='lat' dir='ltr'><strong>quinon</strong></span> <span class='ocrx_word' id='word_1_325' title='bbox 1792 517 1913 547; x_wconf 72' lang='lat' dir='ltr'><strong>sincere</strong></span> <span class='ocrx_word' id='word_1_326' title='bbox 1937 523 2047 548; x_wconf 87' lang='lat' dir='ltr'><strong>amant</strong></span> 
     </span>
     <span class='ocr_line' id='line_1_53' title="bbox 1086 557 2047 598; baseline 0.005 -12"><span class='ocrx_word' id='word_1_327' title='bbox 1086 557 1249 595; x_wconf 75' lang='lat' dir='ltr'><strong>proximos</strong></span> <span class='ocrx_word' id='word_1_328' title='bbox 1274 569 1362 596; x_wconf 81' lang='grc'><strong>5005,</strong></span> <span class='ocrx_word' id='word_1_329' title='bbox 1393 558 1507 598; x_wconf 87' lang='lat' dir='ltr'><strong>quibus</strong></span> <span class='ocrx_word' id='word_1_330' title='bbox 1537 559 1635 589; x_wconf 87' lang='lat' dir='ltr'><strong>etiam</strong></span> <span class='ocrx_word' id='word_1_331' title='bbox 1658 559 1729 589; x_wconf 87' lang='lat' dir='ltr'><strong>iure</strong></span> <span class='ocrx_word' id='word_1_332' title='bbox 1752 569 1785 590; x_wconf 83' lang='lat' dir='ltr'><strong>se</strong></span> <span class='ocrx_word' id='word_1_333' title='bbox 1809 560 1953 591; x_wconf 80' lang='lat' dir='ltr'><strong>inimicos</strong></span> <span class='ocrx_word' id='word_1_334' title='bbox 1977 571 2047 591; x_wconf 85' lang='grc'><strong>0550</strong></span> 
     </span>
     <span class='ocr_line' id='line_1_54' title="bbox 1087 600 2047 641; baseline 0.004 -13"><span class='ocrx_word' id='word_1_335' title='bbox 1087 604 1208 637; x_wconf 88' lang='lat' dir='ltr'><strong>putant.</strong></span> <span class='ocrx_word' id='word_1_336' title='bbox 1255 600 1363 639; x_wconf 80' lang='lat' dir='ltr'><strong>Quare</strong></span> <span class='ocrx_word' id='word_1_337' title='bbox 1394 607 1429 632; x_wconf 88' lang='lat' dir='ltr'><strong>ut</strong></span> <span class='ocrx_word' id='word_1_338' title='bbox 1458 612 1515 631; x_wconf 88' lang='grc'><strong>005</strong></span> <span class='ocrx_word' id='word_1_339' title='bbox 1546 611 1563 630; x_wconf 88' lang='lat' dir='ltr'><strong>a</strong></span> <span class='ocrx_word' id='word_1_340' title='bbox 1587 601 1746 641; x_wconf 81' lang='lat' dir='ltr'><strong>spirituali</strong></span> <span class='ocrx_word' id='word_1_341' title='bbox 1776 602 1872 632; x_wconf 79' lang='lat' dir='ltr'><strong>caede</strong></span> <span class='ocrx_word' id='word_1_342' title='bbox 1901 602 2047 633; x_wconf 84' lang='lat' dir='ltr'><strong>absolvat</strong></span> 
     </span>
     <span class='ocr_line' id='line_1_55' title="bbox 1088 642 2046 683; baseline 0.004 -12"><span class='ocrx_word' id='word_1_343' title='bbox 1088 642 1184 680; x_wconf 83' lang='lat' dir='ltr'><strong>Deus,</strong></span> <span class='ocrx_word' id='word_1_344' title='bbox 1208 642 1391 683; x_wconf 84' lang='lat' dir='ltr'><strong>abstergere</strong></span> <span class='ocrx_word' id='word_1_345' title='bbox 1409 655 1449 674; x_wconf 84' lang='lat' dir='ltr'><strong>ex</strong></span> <span class='ocrx_word' id='word_1_346' title='bbox 1468 644 1583 674; x_wconf 84' lang='lat' dir='ltr'><strong>animis</strong></span> <span class='ocrx_word' id='word_1_347' title='bbox 1603 644 1721 674; x_wconf 87' lang='lat' dir='ltr'><strong>nostris</strong></span> <span class='ocrx_word' id='word_1_348' title='bbox 1740 644 1899 674; x_wconf 83' lang='lat' dir='ltr'><strong>discamus</strong></span> <span class='ocrx_word' id='word_1_349' title='bbox 1918 655 2046 675; x_wconf 88' lang='grc'><strong>0010001</strong></span> 
     </span>
     <span class='ocr_line' id='line_1_56' title="bbox 1087 683 2046 726; baseline 0.004 -13"><span class='ocrx_word' id='word_1_350' title='bbox 1087 683 1246 715; x_wconf 86' lang='lat' dir='ltr'><strong>vindictae</strong></span> <span class='ocrx_word' id='word_1_351' title='bbox 1281 686 1475 725; x_wconf 84' lang='lat' dir='ltr'><strong>appetitum,</strong></span> <span class='ocrx_word' id='word_1_352' title='bbox 1507 695 1542 716; x_wconf 84' lang='lat' dir='ltr'><strong>ac</strong></span> <span class='ocrx_word' id='word_1_353' title='bbox 1572 686 1724 726; x_wconf 88' lang='lat' dir='ltr'><strong>depositis</strong></span> <span class='ocrx_word' id='word_1_354' title='bbox 1754 686 1834 717; x_wconf 90' lang='lat' dir='ltr'><strong>odiis</strong></span> <span class='ocrx_word' id='word_1_355' title='bbox 1868 686 2046 717; x_wconf 77' lang='lat' dir='ltr'><strong>fraternam</strong></span> 
     </span>
     <span class='ocr_line' id='line_1_57' title="bbox 1087 728 2047 768; baseline 0.004 -12"><span class='ocrx_word' id='word_1_356' title='bbox 1087 736 1158 757; x_wconf 89' lang='lat' dir='ltr'><strong>cum</strong></span> <span class='ocrx_word' id='word_1_357' title='bbox 1182 728 1328 758; x_wconf 86' lang='lat' dir='ltr'><strong>omnibus</strong></span> <span class='ocrx_word' id='word_1_358' title='bbox 1353 728 1553 759; x_wconf 86' lang='lat' dir='ltr'><strong>dilectionem</strong></span> <span class='ocrx_word' id='word_1_359' title='bbox 1574 729 1685 760; x_wconf 89' lang='lat' dir='ltr'><strong>colere.</strong></span> <span class='ocrx_word' id='word_1_360' title='bbox 1720 729 1791 760; x_wconf 86' lang='lat' dir='ltr'><strong>Etsi</strong></span> <span class='ocrx_word' id='word_1_361' title='bbox 1811 737 1916 759; x_wconf 81' lang='lat' dir='ltr'><strong>autem</strong></span> <span class='ocrx_word' id='word_1_362' title='bbox 1940 734 2047 768; x_wconf 82' lang='lat' dir='ltr'><strong>poste-</strong></span> 
     </span>
     <span class='ocr_line' id='line_1_58' title="bbox 1088 769 2047 811; baseline 0.003 -12"><span class='ocrx_word' id='word_1_363' title='bbox 1088 769 1151 799; x_wconf 87' lang='lat' dir='ltr'><strong>rior</strong></span> <span class='ocrx_word' id='word_1_364' title='bbox 1182 781 1256 809; x_wconf 86' lang='lat' dir='ltr'><strong>pars</strong></span> <span class='ocrx_word' id='word_1_365' title='bbox 1286 780 1400 801; x_wconf 85' lang='lat' dir='ltr'><strong>versus</strong></span> <span class='ocrx_word' id='word_1_366' title='bbox 1429 781 1586 801; x_wconf 84' lang='lat' dir='ltr'><strong>summam</strong></span> <span class='ocrx_word' id='word_1_367' title='bbox 1618 771 1840 811; x_wconf 82' lang='lat' dir='ltr'><strong>complectitur</strong></span> <span class='ocrx_word' id='word_1_368' title='bbox 1870 772 1968 802; x_wconf 88' lang='lat' dir='ltr'><strong>totius</strong></span> <span class='ocrx_word' id='word_1_369' title='bbox 1997 783 2047 803; x_wconf 88' lang='lat' dir='ltr'><strong>se-</strong></span> 
     </span>
     <span class='ocr_line' id='line_1_59' title="bbox 1087 811 2047 854; baseline 0.004 -13"><span class='ocrx_word' id='word_1_370' title='bbox 1087 811 1208 842; x_wconf 81' lang='lat' dir='ltr'><strong>cundae</strong></span> <span class='ocrx_word' id='word_1_371' title='bbox 1243 812 1385 843; x_wconf 87' lang='lat' dir='ltr'><strong>tabulae:</strong></span> <span class='ocrx_word' id='word_1_372' title='bbox 1426 813 1499 852; x_wconf 85' lang='lat' dir='ltr'><strong>quia</strong></span> <span class='ocrx_word' id='word_1_373' title='bbox 1534 817 1642 844; x_wconf 85' lang='lat' dir='ltr'><strong>tamen</strong></span> <span class='ocrx_word' id='word_1_374' title='bbox 1677 813 1839 845; x_wconf 84' lang='lat' dir='ltr'><strong>vindictae</strong></span> <span class='ocrx_word' id='word_1_375' title='bbox 1873 814 2047 854; x_wconf 81' lang='lat' dir='ltr'><strong>opponitur</strong></span> 
     </span>
     <span class='ocr_line' id='line_1_60' title="bbox 1088 854 2046 895; baseline 0.003 -12"><span class='ocrx_word' id='word_1_376' title='bbox 1088 854 1223 893; x_wconf 82' lang='lat' dir='ltr'><strong>dilectio,</strong></span> <span class='ocrx_word' id='word_1_377' title='bbox 1247 865 1395 894; x_wconf 80' lang='lat' dir='ltr'><strong>separare</strong></span> <span class='ocrx_word' id='word_1_378' title='bbox 1420 865 1481 885; x_wconf 85' lang='lat' dir='ltr'><strong>non</strong></span> <span class='ocrx_word' id='word_1_379' title='bbox 1507 855 1600 886; x_wconf 88' lang='lat' dir='ltr'><strong>debui</strong></span> <span class='ocrx_word' id='word_1_380' title='bbox 1625 867 1705 895; x_wconf 86' lang='lat' dir='ltr'><strong>quae</strong></span> <span class='ocrx_word' id='word_1_381' title='bbox 1725 861 1788 886; x_wconf 83' lang='lat' dir='ltr'><strong>tani</strong></span> <span class='ocrx_word' id='word_1_382' title='bbox 1810 857 1890 887; x_wconf 88' lang='lat' dir='ltr'><strong>bene</strong></span> <span class='ocrx_word' id='word_1_383' title='bbox 1910 858 1994 887; x_wconf 76' lang='lat' dir='ltr'><strong>inter</strong></span> <span class='ocrx_word' id='word_1_384' title='bbox 2013 867 2046 886; x_wconf 87' lang='lat' dir='ltr'><strong>se</strong></span> 
     </span>
     <span class='ocr_line' id='line_1_61' title="bbox 1087 897 2046 938; baseline 0.002 -11"><span class='ocrx_word' id='word_1_385' title='bbox 1087 897 1267 934; x_wconf 82' lang='lat' dir='ltr'><strong>cohaerent,</strong></span> <span class='ocrx_word' id='word_1_386' title='bbox 1292 898 1481 937; x_wconf 80' lang='lat' dir='ltr'><strong>praesertim</strong></span> <span class='ocrx_word' id='word_1_387' title='bbox 1506 908 1604 937; x_wconf 86' lang='lat' dir='ltr'><strong>quum</strong></span> <span class='ocrx_word' id='word_1_388' title='bbox 1629 899 1765 929; x_wconf 90' lang='lat' dir='ltr'><strong>alterum</strong></span> <span class='ocrx_word' id='word_1_389' title='bbox 1790 909 1829 929; x_wconf 87' lang='lat' dir='ltr'><strong>ex</strong></span> <span class='ocrx_word' id='word_1_390' title='bbox 1849 898 1948 930; x_wconf 88' lang='lat' dir='ltr'><strong>altero</strong></span> <span class='ocrx_word' id='word_1_391' title='bbox 1968 910 2046 938; x_wconf 82' lang='lat' dir='ltr'><strong>pen-</strong></span> 
     </span>
     <span class='ocr_line' id='line_1_62' title="bbox 1087 938 2044 981; baseline 0.003 -12"><span class='ocrx_word' id='word_1_392' title='bbox 1087 938 1167 970; x_wconf 81' lang='lat' dir='ltr'><strong>deat.</strong></span> <span class='ocrx_word' id='word_1_393' title='bbox 1204 940 1252 970; x_wconf 91' lang='lat' dir='ltr'><strong>De</strong></span> <span class='ocrx_word' id='word_1_394' title='bbox 1271 939 1346 970; x_wconf 85' lang='lat' dir='ltr'><strong>solis</strong></span> <span class='ocrx_word' id='word_1_395' title='bbox 1370 939 1498 979; x_wconf 84' lang='lat' dir='ltr'><strong>quidem</strong></span> <span class='ocrx_word' id='word_1_396' title='bbox 1520 940 1592 970; x_wconf 87' lang='grc'><strong>111115</strong></span> <span class='ocrx_word' id='word_1_397' title='bbox 1608 941 1756 972; x_wconf 88' lang='lat' dir='ltr'><strong>Abrahae</strong></span> <span class='ocrx_word' id='word_1_398' title='bbox 1780 942 1949 981; x_wconf 84' lang='lat' dir='ltr'><strong>praecipit,</strong></span> <span class='ocrx_word' id='word_1_399' title='bbox 1969 942 2044 981; x_wconf 74' lang='lat' dir='ltr'><strong>quia</strong></span> 
     </span>
     <span class='ocr_line' id='line_1_63' title="bbox 1086 982 2044 1023; baseline 0.003 -12"><span class='ocrx_word' id='word_1_400' title='bbox 1086 982 1224 1013; x_wconf 80' lang='lat' dir='ltr'><strong>atrocius</strong></span> <span class='ocrx_word' id='word_1_401' title='bbox 1254 989 1323 1012; x_wconf 81' lang='lat' dir='ltr'><strong>erat</strong></span> <span class='ocrx_word' id='word_1_402' title='bbox 1353 983 1473 1013; x_wconf 89' lang='lat' dir='ltr'><strong>crimen</strong></span> <span class='ocrx_word' id='word_1_403' title='bbox 1504 983 1662 1013; x_wconf 85' lang='lat' dir='ltr'><strong>vindictae</strong></span> <span class='ocrx_word' id='word_1_404' title='bbox 1686 985 1770 1014; x_wconf 90' lang='lat' dir='ltr'><strong>inter</strong></span> <span class='ocrx_word' id='word_1_405' title='bbox 1793 994 1846 1014; x_wconf 81' lang='lat' dir='ltr'><strong>eos</strong></span> <span class='ocrx_word' id='word_1_406' title='bbox 1871 985 1924 1023; x_wconf 90' lang='grc'><strong>001</strong></span> <span class='ocrx_word' id='word_1_407' title='bbox 1948 984 2044 1014; x_wconf 89' lang='lat' dir='ltr'><strong>simul</strong></span> 
     </span>
     <span class='ocr_line' id='line_1_64' title="bbox 1087 1023 2048 1057; baseline 0.002 -3"><span class='ocrx_word' id='word_1_408' title='bbox 1087 1023 1225 1055; x_wconf 87' lang='lat' dir='ltr'><strong>devincti</strong></span> <span class='ocrx_word' id='word_1_409' title='bbox 1250 1029 1341 1055; x_wconf 84' lang='lat' dir='ltr'><strong>erant</strong></span> <span class='ocrx_word' id='word_1_410' title='bbox 1364 1025 1504 1055; x_wconf 89' lang='lat' dir='ltr'><strong>fraterno</strong></span> <span class='ocrx_word' id='word_1_411' title='bbox 1524 1025 1607 1055; x_wconf 79' lang='lat' dir='ltr'><strong>iuro:</strong></span> <span class='ocrx_word' id='word_1_412' title='bbox 1633 1025 1764 1057; x_wconf 88' lang='lat' dir='ltr'><strong>dubium</strong></span> <span class='ocrx_word' id='word_1_413' title='bbox 1788 1032 1894 1057; x_wconf 85' lang='lat' dir='ltr'><strong>tamen</strong></span> <span class='ocrx_word' id='word_1_414' title='bbox 1915 1037 1976 1056; x_wconf 89' lang='lat' dir='ltr'><strong>non</strong></span> <span class='ocrx_word' id='word_1_415' title='bbox 1998 1032 2048 1057; x_wconf 87' lang='lat' dir='ltr'><strong>est</strong></span> 
     </span>
     <span class='ocr_line' id='line_1_65' title="bbox 1087 1067 2047 1109; baseline 0.003 -13"><span class='ocrx_word' id='word_1_416' title='bbox 1087 1067 1161 1105; x_wconf 79' lang='lat' dir='ltr'><strong>quin</strong></span> <span class='ocrx_word' id='word_1_417' title='bbox 1194 1068 1306 1097; x_wconf 85' lang='lat' dir='ltr'><strong>vitium</strong></span> <span class='ocrx_word' id='word_1_418' title='bbox 1340 1067 1533 1107; x_wconf 82' lang='lat' dir='ltr'><strong>generaliter</strong></span> <span class='ocrx_word' id='word_1_419' title='bbox 1564 1067 1651 1098; x_wconf 88' lang='lat' dir='ltr'><strong>Deus</strong></span> <span class='ocrx_word' id='word_1_420' title='bbox 1681 1069 1848 1108; x_wconf 76' lang='lat' dir='ltr'><strong>improbet.</strong></span> <span class='ocrx_word' id='word_1_421' title='bbox 1894 1069 2047 1109; x_wconf 80' lang='lat' dir='ltr'><strong>Turpiter</strong></span> 
     </span>
     <span class='ocr_line' id='line_1_66' title="bbox 1086 1110 2046 1150; baseline 0.003 -11"><span class='ocrx_word' id='word_1_422' title='bbox 1086 1119 1160 1139; x_wconf 91' lang='lat' dir='ltr'><strong>vero</strong></span> <span class='ocrx_word' id='word_1_423' title='bbox 1184 1110 1217 1139; x_wconf 93' lang='lat' dir='ltr'><strong>in</strong></span> <span class='ocrx_word' id='word_1_424' title='bbox 1242 1110 1431 1150; x_wconf 82' lang='lat' dir='ltr'><strong>vulgaribus</strong></span> <span class='ocrx_word' id='word_1_425' title='bbox 1454 1110 1571 1140; x_wconf 86' lang='grc'><strong>50110115</strong></span> <span class='ocrx_word' id='word_1_426' title='bbox 1601 1117 1751 1150; x_wconf 84' lang='lat' dir='ltr'><strong>corrupta</strong></span> <span class='ocrx_word' id='word_1_427' title='bbox 1782 1111 1839 1141; x_wconf 86' lang='lat' dir='ltr'><strong>fuit</strong></span> <span class='ocrx_word' id='word_1_428' title='bbox 1868 1110 1946 1142; x_wconf 87' lang='lat' dir='ltr'><strong>haec</strong></span> <span class='ocrx_word' id='word_1_429' title='bbox 1973 1121 2046 1142; x_wconf 89' lang='lat' dir='ltr'><strong>sen-</strong></span> 
     </span>
     <span class='ocr_line' id='line_1_67' title="bbox 1087 1152 2046 1194; baseline 0.004 -14"><span class='ocrx_word' id='word_1_430' title='bbox 1087 1153 1198 1182; x_wconf 80' lang='lat' dir='ltr'><strong>tentia:</strong></span> <span class='ocrx_word' id='word_1_431' title='bbox 1224 1162 1296 1182; x_wconf 84' lang='lat' dir='ltr'><strong>nain</strong></span> <span class='ocrx_word' id='word_1_432' title='bbox 1321 1153 1395 1192; x_wconf 89' lang='lat' dir='ltr'><strong>quia</strong></span> <span class='ocrx_word' id='word_1_433' title='bbox 1414 1152 1525 1192; x_wconf 83' lang='lat' dir='ltr'><strong>regula</strong></span> <span class='ocrx_word' id='word_1_434' title='bbox 1548 1152 1595 1193; x_wconf 89' lang='lat' dir='ltr'><strong>(ut</strong></span> <span class='ocrx_word' id='word_1_435' title='bbox 1615 1153 1674 1192; x_wconf 86' lang='lat' dir='ltr'><strong>ipsi</strong></span> <span class='ocrx_word' id='word_1_436' title='bbox 1693 1153 1882 1194; x_wconf 90' lang='lat' dir='ltr'><strong>loquuntur)</strong></span> <span class='ocrx_word' id='word_1_437' title='bbox 1901 1153 2046 1193; x_wconf 85' lang='lat' dir='ltr'><strong>regulato</strong></span> 
     </span>
    </p>
   </div>
   <div class='ocr_carea' id='block_1_15' title="bbox 305 1195 2046 1258">
    <p class='ocr_par' dir='ltr' id='par_1_15' title="bbox 305 1195 2046 1258">
     <span class='ocr_line' id='line_1_68' title="bbox 305 1195 2046 1258; baseline 0.003 -37"><span class='ocrx_word' id='word_1_438' title='bbox 305 1226 434 1258; x_wconf 64' lang='lat' dir='ltr'>Scimus</span> <span class='ocrx_word' id='word_1_439' title='bbox 457 1234 560 1257; x_wconf 22' lang='lat' dir='ltr'><strong>amen»</strong></span> <span class='ocrx_word' id='word_1_440' title='bbox 588 1228 620 1257; x_wconf 67' lang='lat' dir='ltr'><strong>in</strong></span> <span class='ocrx_word' id='word_1_441' title='bbox 652 1227 856 1257; x_wconf 57' lang='lat' dir='ltr'>diStinCtione</span> <span class='ocrx_word' id='word_1_442' title='bbox 882 1238 1030 1257; x_wconf 53' lang='lat' dir='ltr'><strong>verfflum</strong></span> <span class='ocrx_word' id='word_1_443' title='bbox 1057 1220 1059 1242; x_wconf 64' lang='lat'><strong>,¹</strong></span> <span class='ocrx_word' id='word_1_444' title='bbox 1085 1195 1230 1233; x_wconf 77' lang='lat' dir='ltr'><strong>superior</strong></span> <span class='ocrx_word' id='word_1_445' title='bbox 1261 1199 1323 1232; x_wconf 86' lang='lat' dir='ltr'><strong>cst,</strong></span> <span class='ocrx_word' id='word_1_446' title='bbox 1354 1196 1517 1225; x_wconf 80' lang='lat' dir='ltr'><strong>finxerunt</strong></span> <span class='ocrx_word' id='word_1_447' title='bbox 1548 1195 1692 1226; x_wconf 88' lang='lat' dir='ltr'><strong>ordinem</strong></span> <span class='ocrx_word' id='word_1_448' title='bbox 1725 1202 1982 1236; x_wconf 68' lang='lat' dir='ltr'><strong>praeposterum,</strong></span> <span class='ocrx_word' id='word_1_449' title='bbox 2011 1201 2046 1226; x_wconf 83' lang='lat' dir='ltr'><strong>ut</strong></span> 
     </span>
     <span class='ocr_line' id='line_1_69' title="bbox 557 1245 949 1257; baseline 0.003 -1"><span class='ocrx_word' id='word_1_450' title='bbox 557 1245 562 1256; x_wconf 90' lang='grc' dir='ltr'>Ι</span> <span class='ocrx_word' id='word_1_451' title='bbox 938 1248 949 1257; x_wconf 50' lang='grc' dir='ltr'>ι</span> 
     </span>
    </p>
   </div>
   <div class='ocr_carea' id='block_1_16' title="bbox 1083 1237 2048 1438">
    <p class='ocr_par' dir='ltr' id='par_1_16' title="bbox 1083 1237 2048 1438">
     <span class='ocr_line' id='line_1_70' title="bbox 1085 1237 2045 1278; baseline 0.002 -12"><span class='ocrx_word' id='word_1_452' title='bbox 1085 1238 1217 1276; x_wconf 87' lang='grc'><strong>01115000</strong></span> <span class='ocrx_word' id='word_1_453' title='bbox 1241 1247 1273 1267; x_wconf 87' lang='grc'><strong>50</strong></span> <span class='ocrx_word' id='word_1_454' title='bbox 1297 1237 1453 1277; x_wconf 81' lang='lat' dir='ltr'><strong>primuni,</strong></span> <span class='ocrx_word' id='word_1_455' title='bbox 1487 1237 1601 1268; x_wconf 84' lang='lat' dir='ltr'><strong>deinde</strong></span> <span class='ocrx_word' id='word_1_456' title='bbox 1633 1238 1796 1277; x_wconf 82' lang='lat' dir='ltr'><strong>proximos</strong></span> <span class='ocrx_word' id='word_1_457' title='bbox 1827 1238 1956 1278; x_wconf 84' lang='lat' dir='ltr'><strong>diligat:</strong></span> <span class='ocrx_word' id='word_1_458' title='bbox 1981 1249 2045 1278; x_wconf 87' lang='lat' dir='ltr'><strong>qua</strong></span> 
     </span>
     <span class='ocr_line' id='line_1_71' title="bbox 1084 1279 2048 1320; baseline 0.002 -11"><span class='ocrx_word' id='word_1_459' title='bbox 1084 1279 1122 1309; x_wconf 88' lang='lat' dir='ltr'><strong>de</strong></span> <span class='ocrx_word' id='word_1_460' title='bbox 1149 1290 1183 1309; x_wconf 81' lang='lat' dir='ltr'><strong>re</strong></span> <span class='ocrx_word' id='word_1_461' title='bbox 1213 1279 1286 1310; x_wconf 86' lang='lat' dir='ltr'><strong>alibi</strong></span> <span class='ocrx_word' id='word_1_462' title='bbox 1312 1280 1412 1310; x_wconf 81' lang='lat' dir='ltr'><strong>fusius</strong></span> <span class='ocrx_word' id='word_1_463' title='bbox 1436 1280 1587 1310; x_wconf 82' lang='lat' dir='ltr'><strong>tractabo.</strong></span> <span class='ocrx_word' id='word_1_464' title='bbox 1634 1280 1776 1310; x_wconf 85' lang='lat' dir='ltr'><strong>Verbum</strong></span> <span class='ocrx_word' id='word_1_465' title='bbox 1809 1287 1867 1312; x_wconf 61' lang='grc' dir='ltr'><strong>Ἶω]</strong></span> <span class='ocrx_word' id='word_1_466' title='bbox 1889 1280 1973 1320; x_wconf 84' lang='grc' dir='ltr'><strong>00οά</strong></span> <span class='ocrx_word' id='word_1_467' title='bbox 1997 1285 2048 1311; x_wconf 84' lang='lat' dir='ltr'><strong>cst</strong></span> 
     </span>
     <span class='ocr_line' id='line_1_72' title="bbox 1084 1322 2043 1362; baseline 0 -11"><span class='ocrx_word' id='word_1_468' title='bbox 1084 1322 1260 1359; x_wconf 81' lang='lat' dir='ltr'><strong>custodire,</strong></span> <span class='ocrx_word' id='word_1_469' title='bbox 1284 1323 1352 1353; x_wconf 87' lang='grc'><strong>5100</strong></span> <span class='ocrx_word' id='word_1_470' title='bbox 1376 1322 1554 1353; x_wconf 84' lang='lat' dir='ltr'><strong>adiectione</strong></span> <span class='ocrx_word' id='word_1_471' title='bbox 1578 1323 1716 1362; x_wconf 85' lang='lat' dir='ltr'><strong>positum</strong></span> <span class='ocrx_word' id='word_1_472' title='bbox 1742 1323 1933 1353; x_wconf 84' lang='lat' dir='ltr'><strong>tantundem</strong></span> <span class='ocrx_word' id='word_1_473' title='bbox 1959 1323 2043 1353; x_wconf 84' lang='lat' dir='ltr'><strong>valet</strong></span> 
     </span>
     <span class='ocr_line' id='line_1_73' title="bbox 1084 1364 2046 1406; baseline 0.002 -12"><span class='ocrx_word' id='word_1_474' title='bbox 1084 1368 1178 1403; x_wconf 86' lang='lat' dir='ltr'><strong>atquc</strong></span> <span class='ocrx_word' id='word_1_475' title='bbox 1202 1364 1340 1395; x_wconf 89' lang='lat' dir='ltr'><strong>retinere</strong></span> <span class='ocrx_word' id='word_1_476' title='bbox 1364 1365 1518 1395; x_wconf 85' lang='lat' dir='ltr'><strong>memoria</strong></span> <span class='ocrx_word' id='word_1_477' title='bbox 1546 1365 1714 1396; x_wconf 87' lang='lat' dir='ltr'><strong>iniuriam:</strong></span> <span class='ocrx_word' id='word_1_478' title='bbox 1747 1366 1828 1396; x_wconf 87' lang='lat' dir='ltr'><strong>sient</strong></span> <span class='ocrx_word' id='word_1_479' title='bbox 1857 1366 1953 1396; x_wconf 87' lang='lat' dir='ltr'><strong>etiam</strong></span> <span class='ocrx_word' id='word_1_480' title='bbox 1978 1365 2046 1406; x_wconf 86' lang='lat' dir='ltr'><strong>gal-</strong></span> 
     </span>
     <span class='ocr_line' id='line_1_74' title="bbox 1083 1406 1678 1438; baseline 0.003 -2"><span class='ocrx_word' id='word_1_481' title='bbox 1083 1406 1141 1437; x_wconf 85' lang='lat' dir='ltr'><strong>lice</strong></span> <span class='ocrx_word' id='word_1_482' title='bbox 1165 1406 1315 1438; x_wconf 83' lang='lat' dir='ltr'><strong>dicimus:</strong></span> <span class='ocrx_word' id='word_1_483' title='bbox 1343 1408 1466 1438; x_wconf 58' lang='lat' dir='ltr'><strong>Gardt-r</strong></span> <span class='ocrx_word' id='word_1_484' title='bbox 1488 1418 1545 1437; x_wconf 71' lang='lat' dir='ltr'><strong>mie</strong></span> <span class='ocrx_word' id='word_1_485' title='bbox 1567 1408 1678 1438; x_wconf 69' lang='lat' dir='ltr'><strong>inime.</strong></span> 
     </span>
    </p>
   </div>
   <div class='ocr_carea' id='block_1_17' title="bbox 1388 1576 1744 1608">
    <p class='ocr_par' dir='ltr' id='par_1_17' title="bbox 1388 1576 1744 1608">
     <span class='ocr_line' id='line_1_75' title="bbox 1388 1576 1744 1608; baseline 0.003 -2"><span class='ocrx_word' id='word_1_486' title='bbox 1388 1576 1451 1607; x_wconf 86' lang='lat' dir='ltr'><strong>EX</strong></span> <span class='ocrx_word' id='word_1_487' title='bbox 1475 1576 1623 1608; x_wconf 75' lang='lat' dir='ltr'><strong>LEVIT.</strong></span> <span class='ocrx_word' id='word_1_488' title='bbox 1649 1576 1744 1607; x_wconf 85' lang='lat' dir='ltr'><strong>XIX.</strong></span> 
     </span>
    </p>
   </div>
   <div class='ocr_carea' id='block_1_18' title="bbox 1079 1661 2047 1743">
    <p class='ocr_par' dir='ltr' id='par_1_18' title="bbox 1079 1661 2047 1743">
     <span class='ocr_line' id='line_1_76' title="bbox 1172 1661 2047 1699; baseline 0 -8"><span class='ocrx_word' id='word_1_489' title='bbox 1172 1661 1218 1691; x_wconf 83' lang='lat'><strong>14.</strong></span> <span class='ocrx_word' id='word_1_490' title='bbox 1253 1661 1354 1692; x_wconf 62' lang='lat' dir='ltr'><strong>Sardo</strong></span> <span class='ocrx_word' id='word_1_491' title='bbox 1384 1671 1441 1691; x_wconf 76' lang='lat' dir='ltr'><strong>non</strong></span> <span class='ocrx_word' id='word_1_492' title='bbox 1470 1661 1643 1699; x_wconf 73' lang='lat' dir='ltr'><strong>maledices,</strong></span> <span class='ocrx_word' id='word_1_493' title='bbox 1677 1664 1702 1692; x_wconf 70' lang='lat' dir='ltr'><strong>et</strong></span> <span class='ocrx_word' id='word_1_494' title='bbox 1736 1671 1838 1691; x_wconf 82' lang='lat' dir='ltr'><strong>coram</strong></span> <span class='ocrx_word' id='word_1_495' title='bbox 1871 1671 1955 1692; x_wconf 78' lang='lat' dir='ltr'><strong>caeco</strong></span> <span class='ocrx_word' id='word_1_496' title='bbox 1987 1671 2047 1691; x_wconf 73' lang='lat' dir='ltr'><strong>mm</strong></span> 
     </span>
     <span class='ocr_line' id='line_1_77' title="bbox 1079 1703 2047 1743; baseline 0 -9"><span class='ocrx_word' id='word_1_497' title='bbox 1079 1714 1176 1743; x_wconf 74' lang='lat' dir='ltr'><strong>pones</strong></span> <span class='ocrx_word' id='word_1_498' title='bbox 1196 1703 1419 1743; x_wconf 71' lang='lat' dir='ltr'><strong>offendiculum,</strong></span> <span class='ocrx_word' id='word_1_499' title='bbox 1439 1704 1491 1734; x_wconf 76' lang='lat' dir='ltr'><strong>sed</strong></span> <span class='ocrx_word' id='word_1_500' title='bbox 1510 1704 1630 1734; x_wconf 74' lang='lat' dir='ltr'><strong>timebis</strong></span> <span class='ocrx_word' id='word_1_501' title='bbox 1653 1715 1672 1734; x_wconf 85' lang='lat' dir='ltr'><strong>a</strong></span> <span class='ocrx_word' id='word_1_502' title='bbox 1690 1704 1757 1735; x_wconf 79' lang='lat' dir='ltr'><strong>Deo</strong></span> <span class='ocrx_word' id='word_1_503' title='bbox 1775 1706 1841 1734; x_wconf 77' lang='lat' dir='ltr'><strong>tuo.-</strong></span> <span class='ocrx_word' id='word_1_504' title='bbox 1861 1714 1911 1743; x_wconf 74' lang='lat' dir='ltr'><strong>eyo</strong></span> <span class='ocrx_word' id='word_1_505' title='bbox 1924 1703 2047 1734; x_wconf 74' lang='lat' dir='ltr'><strong>Iehova.</strong></span> 
     </span>
    </p>
   </div>
   <div class='ocr_carea' id='block_1_19' title="bbox 1081 1788 2047 2586">
    <p class='ocr_par' dir='ltr' id='par_1_19' title="bbox 1081 1788 2047 2586">
     <span class='ocr_line' id='line_1_78' title="bbox 1170 1788 2043 1827; baseline -0.001 -9"><span class='ocrx_word' id='word_1_506' title='bbox 1170 1788 1277 1827; x_wconf 81' lang='lat' dir='ltr'><strong>Quum</strong></span> <span class='ocrx_word' id='word_1_507' title='bbox 1302 1789 1361 1819; x_wconf 89' lang='lat' dir='ltr'><strong>sub</strong></span> <span class='ocrx_word' id='word_1_508' title='bbox 1385 1788 1548 1819; x_wconf 86' lang='lat' dir='ltr'><strong>homicidii</strong></span> <span class='ocrx_word' id='word_1_509' title='bbox 1572 1789 1702 1819; x_wconf 90' lang='lat' dir='ltr'><strong>nomine</strong></span> <span class='ocrx_word' id='word_1_510' title='bbox 1721 1788 1972 1827; x_wconf 87' lang='lat' dir='ltr'><strong>comprehendat</strong></span> <span class='ocrx_word' id='word_1_511' title='bbox 1991 1788 2043 1818; x_wconf 84' lang='lat' dir='ltr'><strong>lex</strong></span> 
     </span>
     <span class='ocr_line' id='line_1_79' title="bbox 1085 1831 2043 1870; baseline -0.001 -8"><span class='ocrx_word' id='word_1_512' title='bbox 1085 1842 1195 1862; x_wconf 82' lang='lat' dir='ltr'><strong>omues</strong></span> <span class='ocrx_word' id='word_1_513' title='bbox 1219 1840 1320 1861; x_wconf 83' lang='lat' dir='ltr'><strong>noxas</strong></span> <span class='ocrx_word' id='word_1_514' title='bbox 1343 1831 1459 1870; x_wconf 88' lang='lat' dir='ltr'><strong>quibus</strong></span> <span class='ocrx_word' id='word_1_515' title='bbox 1483 1831 1600 1861; x_wconf 92' lang='lat' dir='ltr'><strong>iniuste</strong></span> <span class='ocrx_word' id='word_1_516' title='bbox 1632 1831 1806 1862; x_wconf 87' lang='lat' dir='ltr'><strong>laeduntur</strong></span> <span class='ocrx_word' id='word_1_517' title='bbox 1830 1831 1988 1868; x_wconf 89' lang='lat' dir='ltr'><strong>homines,</strong></span> <span class='ocrx_word' id='word_1_518' title='bbox 2011 1832 2043 1861; x_wconf 91' lang='lat' dir='ltr'><strong>in</strong></span> 
     </span>
     <span class='ocr_line' id='line_1_80' title="bbox 1086 1873 2045 1914; baseline -0.002 -10"><span class='ocrx_word' id='word_1_519' title='bbox 1086 1874 1198 1914; x_wconf 84' lang='lat' dir='ltr'><strong>primis</strong></span> <span class='ocrx_word' id='word_1_520' title='bbox 1236 1873 1417 1904; x_wconf 84' lang='lat' dir='ltr'><strong>damnanda</strong></span> <span class='ocrx_word' id='word_1_521' title='bbox 1457 1874 1518 1904; x_wconf 85' lang='lat' dir='ltr'><strong>fuit</strong></span> <span class='ocrx_word' id='word_1_522' title='bbox 1552 1874 1724 1905; x_wconf 85' lang='lat' dir='ltr'><strong>crudelitas</strong></span> <span class='ocrx_word' id='word_1_523' title='bbox 1759 1883 1818 1913; x_wconf 88' lang='lat' dir='ltr'><strong>qua</strong></span> <span class='ocrx_word' id='word_1_524' title='bbox 1854 1873 2045 1912; x_wconf 85' lang='lat' dir='ltr'><strong>affliguntur</strong></span> 
     </span>
     <span class='ocr_line' id='line_1_81' title="bbox 1086 1915 2045 1955; baseline -0.002 -8"><span class='ocrx_word' id='word_1_525' title='bbox 1086 1917 1210 1953; x_wconf 82' lang='lat' dir='ltr'><strong>miseri,</strong></span> <span class='ocrx_word' id='word_1_526' title='bbox 1241 1916 1355 1955; x_wconf 90' lang='lat' dir='ltr'><strong>quibus</strong></span> <span class='ocrx_word' id='word_1_527' title='bbox 1385 1926 1443 1946; x_wconf 86' lang='lat' dir='ltr'><strong>sua</strong></span> <span class='ocrx_word' id='word_1_528' title='bbox 1472 1916 1637 1947; x_wconf 85' lang='lat' dir='ltr'><strong>calamitas</strong></span> <span class='ocrx_word' id='word_1_529' title='bbox 1661 1915 1915 1947; x_wconf 81' lang='lat' dir='ltr'><strong>misericordiam</strong></span> <span class='ocrx_word' id='word_1_530' title='bbox 1939 1915 2045 1954; x_wconf 85' lang='lat' dir='ltr'><strong>potius</strong></span> 
     </span>
     <span class='ocr_line' id='line_1_82' title="bbox 1087 1958 2045 1998; baseline -0.002 -9"><span class='ocrx_word' id='word_1_531' title='bbox 1087 1959 1256 1990; x_wconf 87' lang='lat' dir='ltr'><strong>conciliare</strong></span> <span class='ocrx_word' id='word_1_532' title='bbox 1280 1958 1382 1989; x_wconf 85' lang='lat' dir='ltr'><strong>debet.</strong></span> <span class='ocrx_word' id='word_1_533' title='bbox 1427 1958 1509 1989; x_wconf 83' lang='lat' dir='ltr'><strong>Nam</strong></span> <span class='ocrx_word' id='word_1_534' title='bbox 1534 1959 1561 1989; x_wconf 85' lang='lat' dir='ltr'><strong>si</strong></span> <span class='ocrx_word' id='word_1_535' title='bbox 1585 1969 1647 1998; x_wconf 87' lang='lat' dir='ltr'><strong>qna</strong></span> <span class='ocrx_word' id='word_1_536' title='bbox 1670 1958 1879 1989; x_wconf 83' lang='lat' dir='ltr'><strong>humanitatis</strong></span> <span class='ocrx_word' id='word_1_537' title='bbox 1902 1961 1993 1997; x_wconf 86' lang='lat' dir='ltr'><strong>gutta</strong></span> <span class='ocrx_word' id='word_1_538' title='bbox 2011 1958 2045 1988; x_wconf 90' lang='lat' dir='ltr'><strong>in</strong></span> 
     </span>
     <span class='ocr_line' id='line_1_83' title="bbox 1088 2001 2046 2042; baseline -0.002 -10"><span class='ocrx_word' id='word_1_539' title='bbox 1088 2001 1177 2032; x_wconf 87' lang='lat' dir='ltr'><strong>nobis</strong></span> <span class='ocrx_word' id='word_1_540' title='bbox 1200 2002 1303 2042; x_wconf 86' lang='lat' dir='ltr'><strong>viget,</strong></span> <span class='ocrx_word' id='word_1_541' title='bbox 1328 2001 1381 2031; x_wconf 92' lang='lat' dir='ltr'><strong>ubi</strong></span> <span class='ocrx_word' id='word_1_542' title='bbox 1405 2002 1544 2032; x_wconf 86' lang='lat' dir='ltr'><strong>occurrit</strong></span> <span class='ocrx_word' id='word_1_543' title='bbox 1566 2011 1688 2038; x_wconf 83' lang='lat' dir='ltr'><strong>caecus,</strong></span> <span class='ocrx_word' id='word_1_544' title='bbox 1713 2001 1838 2031; x_wconf 84' lang='lat' dir='ltr'><strong>solliciti</strong></span> <span class='ocrx_word' id='word_1_545' title='bbox 1862 2001 1983 2031; x_wconf 89' lang='lat' dir='ltr'><strong>erimus</strong></span> <span class='ocrx_word' id='word_1_546' title='bbox 2006 2011 2046 2031; x_wconf 90' lang='lat' dir='ltr'><strong>ne</strong></span> 
     </span>
     <span class='ocr_line' id='line_1_84' title="bbox 1087 2043 2047 2084; baseline -0.003 -9"><span class='ocrx_word' id='word_1_547' title='bbox 1087 2045 1246 2084; x_wconf 81' lang='lat' dir='ltr'><strong>impingat</strong></span> <span class='ocrx_word' id='word_1_548' title='bbox 1275 2043 1322 2073; x_wconf 88' lang='lat' dir='ltr'><strong>vel</strong></span> <span class='ocrx_word' id='word_1_549' title='bbox 1355 2043 1460 2074; x_wconf 86' lang='lat' dir='ltr'><strong>cadat:</strong></span> <span class='ocrx_word' id='word_1_550' title='bbox 1492 2043 1575 2083; x_wconf 93' lang='lat' dir='ltr'><strong>quod</strong></span> <span class='ocrx_word' id='word_1_551' title='bbox 1599 2045 1624 2074; x_wconf 89' lang='lat' dir='ltr'><strong>si</strong></span> <span class='ocrx_word' id='word_1_552' title='bbox 1648 2049 1749 2081; x_wconf 85' lang='lat' dir='ltr'><strong>erret,</strong></span> <span class='ocrx_word' id='word_1_553' title='bbox 1780 2047 1925 2082; x_wconf 83' lang='lat' dir='ltr'><strong>porrecta</strong></span> <span class='ocrx_word' id='word_1_554' title='bbox 1948 2052 2047 2073; x_wconf 83' lang='lat' dir='ltr'><strong>manu</strong></span> 
     </span>
     <span class='ocr_line' id='line_1_85' title="bbox 1087 2085 2047 2125; baseline -0.001 -8"><span class='ocrx_word' id='word_1_555' title='bbox 1087 2087 1119 2117; x_wconf 91' lang='grc'><strong>10</strong></span> <span class='ocrx_word' id='word_1_556' title='bbox 1144 2087 1229 2117; x_wconf 90' lang='lat' dir='ltr'><strong>viam</strong></span> <span class='ocrx_word' id='word_1_557' title='bbox 1254 2085 1405 2117; x_wconf 87' lang='lat' dir='ltr'><strong>reducere</strong></span> <span class='ocrx_word' id='word_1_558' title='bbox 1429 2085 1641 2117; x_wconf 81' lang='lat' dir='ltr'><strong>studebimus:</strong></span> <span class='ocrx_word' id='word_1_559' title='bbox 1673 2085 1778 2117; x_wconf 86' lang='lat' dir='ltr'><strong>surdis</strong></span> <span class='ocrx_word' id='word_1_560' title='bbox 1809 2086 1904 2115; x_wconf 89' lang='lat' dir='ltr'><strong>etiam</strong></span> <span class='ocrx_word' id='word_1_561' title='bbox 1936 2095 2047 2125; x_wconf 88' lang='lat' dir='ltr'><strong>parce-</strong></span> 
     </span>
     <span class='ocr_line' id='line_1_86' title="bbox 1086 2127 2045 2169; baseline -0.003 -9"><span class='ocrx_word' id='word_1_562' title='bbox 1086 2140 1174 2166; x_wconf 86' lang='lat' dir='ltr'><strong>mus,</strong></span> <span class='ocrx_word' id='word_1_563' title='bbox 1204 2129 1277 2169; x_wconf 87' lang='lat' dir='ltr'><strong>quia</strong></span> <span class='ocrx_word' id='word_1_564' title='bbox 1306 2128 1370 2159; x_wconf 88' lang='lat' dir='ltr'><strong>illis</strong></span> <span class='ocrx_word' id='word_1_565' title='bbox 1400 2129 1557 2159; x_wconf 86' lang='lat' dir='ltr'><strong>insultare</strong></span> <span class='ocrx_word' id='word_1_566' title='bbox 1587 2139 1649 2159; x_wconf 93' lang='lat' dir='ltr'><strong>non</strong></span> <span class='ocrx_word' id='word_1_567' title='bbox 1674 2129 1780 2159; x_wconf 85' lang='grc'><strong>101005</strong></span> <span class='ocrx_word' id='word_1_568' title='bbox 1802 2134 1851 2158; x_wconf 89' lang='lat' dir='ltr'><strong>est</strong></span> <span class='ocrx_word' id='word_1_569' title='bbox 1874 2127 2045 2158; x_wconf 89' lang='lat' dir='ltr'><strong>ridiculum</strong></span> 
     </span>
     <span class='ocr_line' id='line_1_87' title="bbox 1086 2170 2045 2211; baseline -0.001 -9"><span class='ocrx_word' id='word_1_570' title='bbox 1086 2172 1136 2203; x_wconf 88' lang='lat' dir='ltr'><strong>vcl</strong></span> <span class='ocrx_word' id='word_1_571' title='bbox 1150 2172 1319 2202; x_wconf 86' lang='lat' dir='ltr'><strong>barbarum</strong></span> <span class='ocrx_word' id='word_1_572' title='bbox 1333 2181 1428 2210; x_wconf 87' lang='lat' dir='ltr'><strong>quam</strong></span> <span class='ocrx_word' id='word_1_573' title='bbox 1448 2171 1602 2202; x_wconf 86' lang='lat' dir='ltr'><strong>conviciis</strong></span> <span class='ocrx_word' id='word_1_574' title='bbox 1622 2171 1741 2211; x_wconf 83' lang='lat' dir='ltr'><strong>lapides</strong></span> <span class='ocrx_word' id='word_1_575' title='bbox 1761 2171 1926 2201; x_wconf 85' lang='lat' dir='ltr'><strong>incessere.</strong></span> <span class='ocrx_word' id='word_1_576' title='bbox 1956 2170 2045 2210; x_wconf 85' lang='lat' dir='ltr'><strong>Ergo</strong></span> 
     </span>
     <span class='ocr_line' id='line_1_88' title="bbox 1086 2213 2045 2253; baseline -0.001 -8"><span class='ocrx_word' id='word_1_577' title='bbox 1086 2214 1237 2245; x_wconf 84' lang='lat' dir='ltr'><strong>immanis</strong></span> <span class='ocrx_word' id='word_1_578' title='bbox 1261 2218 1308 2244; x_wconf 86' lang='grc'><strong>051</strong></span> <span class='ocrx_word' id='word_1_579' title='bbox 1339 2214 1464 2251; x_wconf 86' lang='lat' dir='ltr'><strong>feritas,</strong></span> <span class='ocrx_word' id='word_1_580' title='bbox 1495 2213 1534 2244; x_wconf 86' lang='lat' dir='ltr'><strong>ad</strong></span> <span class='ocrx_word' id='word_1_581' title='bbox 1563 2224 1640 2253; x_wconf 88' lang='lat' dir='ltr'><strong>qnos</strong></span> <span class='ocrx_word' id='word_1_582' title='bbox 1663 2213 1879 2244; x_wconf 84' lang='lat' dir='ltr'><strong>sublevandos</strong></span> <span class='ocrx_word' id='word_1_583' title='bbox 1909 2218 2045 2244; x_wconf 87' lang='lat' dir='ltr'><strong>naturae</strong></span> 
     </span>
     <span class='ocr_line' id='line_1_89' title="bbox 1086 2255 2043 2296; baseline -0.001 -9"><span class='ocrx_word' id='word_1_584' title='bbox 1086 2268 1199 2288; x_wconf 81' lang='lat' dir='ltr'><strong>sensus</strong></span> <span class='ocrx_word' id='word_1_585' title='bbox 1223 2266 1280 2287; x_wconf 84' lang='lat' dir='ltr'><strong>nos</strong></span> <span class='ocrx_word' id='word_1_586' title='bbox 1300 2256 1451 2296; x_wconf 82' lang='lat' dir='ltr'><strong>impellit,</strong></span> <span class='ocrx_word' id='word_1_587' title='bbox 1476 2266 1586 2287; x_wconf 90' lang='lat' dir='ltr'><strong>eorum</strong></span> <span class='ocrx_word' id='word_1_588' title='bbox 1611 2256 1711 2291; x_wconf 82' lang='lat' dir='ltr'><strong>mala,</strong></span> <span class='ocrx_word' id='word_1_589' title='bbox 1743 2255 1859 2295; x_wconf 88' lang='lat' dir='ltr'><strong>quibus</strong></span> <span class='ocrx_word' id='word_1_590' title='bbox 1882 2255 1946 2285; x_wconf 84' lang='lat' dir='ltr'><strong>iam</strong></span> <span class='ocrx_word' id='word_1_591' title='bbox 1970 2255 2043 2294; x_wconf 88' lang='lat' dir='ltr'><strong>plus</strong></span> 
     </span>
     <span class='ocr_line' id='line_1_90' title="bbox 1085 2298 2044 2339; baseline -0.001 -9"><span class='ocrx_word' id='word_1_592' title='bbox 1085 2301 1162 2331; x_wconf 80' lang='lat' dir='ltr'><strong>satis</strong></span> <span class='ocrx_word' id='word_1_593' title='bbox 1191 2303 1386 2339; x_wconf 82' lang='lat' dir='ltr'><strong>gravantur,</strong></span> <span class='ocrx_word' id='word_1_594' title='bbox 1421 2309 1548 2339; x_wconf 81' lang='lat' dir='ltr'><strong>augere.</strong></span> <span class='ocrx_word' id='word_1_595' title='bbox 1600 2298 1713 2338; x_wconf 89' lang='lat' dir='ltr'><strong>Itaque</strong></span> <span class='ocrx_word' id='word_1_596' title='bbox 1747 2298 1905 2329; x_wconf 85' lang='lat' dir='ltr'><strong>discamus</strong></span> <span class='ocrx_word' id='word_1_597' title='bbox 1935 2307 1974 2328; x_wconf 84' lang='lat' dir='ltr'><strong>ex</strong></span> <span class='ocrx_word' id='word_1_598' title='bbox 2004 2298 2044 2329; x_wconf 88' lang='grc'><strong>115</strong></span> 
     </span>
     <span class='ocr_line' id='line_1_91' title="bbox 1086 2340 2045 2381; baseline -0.001 -9"><span class='ocrx_word' id='word_1_599' title='bbox 1086 2343 1205 2380; x_wconf 85' lang='lat' dir='ltr'><strong>verbis,</strong></span> <span class='ocrx_word' id='word_1_600' title='bbox 1234 2351 1295 2381; x_wconf 92' lang='lat' dir='ltr'><strong>quo</strong></span> <span class='ocrx_word' id='word_1_601' title='bbox 1325 2342 1458 2380; x_wconf 84' lang='lat' dir='ltr'><strong>quisque</strong></span> <span class='ocrx_word' id='word_1_602' title='bbox 1490 2341 1626 2372; x_wconf 90' lang='lat' dir='ltr'><strong>debilior</strong></span> <span class='ocrx_word' id='word_1_603' title='bbox 1649 2346 1712 2377; x_wconf 86' lang='lat' dir='ltr'><strong>est,</strong></span> <span class='ocrx_word' id='word_1_604' title='bbox 1736 2341 1782 2371; x_wconf 83' lang='lat' dir='ltr'><strong>ita</strong></span> <span class='ocrx_word' id='word_1_605' title='bbox 1804 2340 1842 2370; x_wconf 90' lang='lat' dir='ltr'><strong>ab</strong></span> <span class='ocrx_word' id='word_1_606' title='bbox 1866 2340 1952 2370; x_wconf 91' lang='lat' dir='ltr'><strong>omni</strong></span> <span class='ocrx_word' id='word_1_607' title='bbox 1977 2351 2045 2371; x_wconf 87' lang='lat' dir='ltr'><strong>mo-</strong></span> 
     </span>
     <span class='ocr_line' id='line_1_92' title="bbox 1085 2382 2044 2422; baseline -0.003 -7"><span class='ocrx_word' id='word_1_608' title='bbox 1085 2386 1176 2416; x_wconf 74' lang='lat' dir='ltr'><strong>lestia</strong></span> <span class='ocrx_word' id='word_1_609' title='bbox 1199 2390 1228 2415; x_wconf 88' lang='lat' dir='ltr'><strong>et</strong></span> <span class='ocrx_word' id='word_1_610' title='bbox 1253 2384 1370 2414; x_wconf 88' lang='lat' dir='ltr'><strong>iniuria</strong></span> <span class='ocrx_word' id='word_1_611' title='bbox 1395 2383 1509 2414; x_wconf 88' lang='lat' dir='ltr'><strong>debere</strong></span> <span class='ocrx_word' id='word_1_612' title='bbox 1538 2388 1645 2414; x_wconf 85' lang='lat' dir='ltr'><strong>tutum</strong></span> <span class='ocrx_word' id='word_1_613' title='bbox 1675 2394 1759 2420; x_wconf 80' lang='lat' dir='ltr'><strong>esse,</strong></span> <span class='ocrx_word' id='word_1_614' title='bbox 1790 2386 1823 2413; x_wconf 89' lang='lat' dir='ltr'><strong>et</strong></span> <span class='ocrx_word' id='word_1_615' title='bbox 1854 2382 1906 2412; x_wconf 91' lang='lat' dir='ltr'><strong>ubi</strong></span> <span class='ocrx_word' id='word_1_616' title='bbox 1929 2392 2044 2422; x_wconf 81' lang='lat' dir='ltr'><strong>aggre-</strong></span> 
     </span>
     <span class='ocr_line' id='line_1_93' title="bbox 1084 2425 2044 2466; baseline -0.002 -8"><span class='ocrx_word' id='word_1_617' title='bbox 1084 2428 1190 2458; x_wconf 90' lang='lat' dir='ltr'><strong>dimur</strong></span> <span class='ocrx_word' id='word_1_618' title='bbox 1213 2437 1267 2457; x_wconf 89' lang='lat' dir='ltr'><strong>eos</strong></span> <span class='ocrx_word' id='word_1_619' title='bbox 1289 2426 1404 2466; x_wconf 88' lang='lat' dir='ltr'><strong>quibus</strong></span> <span class='ocrx_word' id='word_1_620' title='bbox 1428 2426 1517 2456; x_wconf 87' lang='lat' dir='ltr'><strong>nulla</strong></span> <span class='ocrx_word' id='word_1_621' title='bbox 1538 2426 1678 2466; x_wconf 82' lang='lat' dir='ltr'><strong>suppetit</strong></span> <span class='ocrx_word' id='word_1_622' title='bbox 1701 2425 1861 2461; x_wconf 69' lang='lat' dir='ltr'><strong>defensio,</strong></span> <span class='ocrx_word' id='word_1_623' title='bbox 1891 2425 2044 2456; x_wconf 83' lang='lat' dir='ltr'><strong>saevitiae</strong></span> 
     </span>
     <span class='ocr_line' id='line_1_94' title="bbox 1083 2468 2044 2509; baseline -0.004 -8"><span class='ocrx_word' id='word_1_624' title='bbox 1083 2471 1205 2501; x_wconf 85' lang='lat' dir='ltr'><strong>crimen</strong></span> <span class='ocrx_word' id='word_1_625' title='bbox 1241 2469 1343 2509; x_wconf 69' lang='lat' dir='ltr'><strong>magis</strong></span> <span class='ocrx_word' id='word_1_626' title='bbox 1380 2469 1586 2509; x_wconf 86' lang='lat' dir='ltr'><strong>exaggerari:</strong></span> <span class='ocrx_word' id='word_1_627' title='bbox 1630 2468 1836 2507; x_wconf 86' lang='lat' dir='ltr'><strong>petulantiam</strong></span> <span class='ocrx_word' id='word_1_628' title='bbox 1873 2477 1948 2498; x_wconf 90' lang='lat' dir='ltr'><strong>vero</strong></span> <span class='ocrx_word' id='word_1_629' title='bbox 1981 2477 2044 2506; x_wconf 85' lang='lat' dir='ltr'><strong>qua</strong></span> 
     </span>
     <span class='ocr_line' id='line_1_95' title="bbox 1084 2510 2044 2552; baseline -0.003 -9"><span class='ocrx_word' id='word_1_630' title='bbox 1084 2513 1280 2552; x_wconf 82' lang='lat' dir='ltr'><strong>insurgimus</strong></span> <span class='ocrx_word' id='word_1_631' title='bbox 1304 2511 1459 2542; x_wconf 87' lang='lat' dir='ltr'><strong>adversus</strong></span> <span class='ocrx_word' id='word_1_632' title='bbox 1482 2511 1701 2547; x_wconf 85' lang='lat' dir='ltr'><strong>calamitosos,</strong></span> <span class='ocrx_word' id='word_1_633' title='bbox 1725 2520 1858 2550; x_wconf 85' lang='lat' dir='ltr'><strong>prorsus</strong></span> <span class='ocrx_word' id='word_1_634' title='bbox 1882 2510 1950 2541; x_wconf 91' lang='lat' dir='ltr'><strong>Deo</strong></span> <span class='ocrx_word' id='word_1_635' title='bbox 1974 2520 2044 2541; x_wconf 85' lang='lat' dir='ltr'><strong>esse</strong></span> 
     </span>
     <span class='ocr_line' id='line_1_96' title="bbox 1081 2554 1323 2586; baseline -0.008 0"><span class='ocrx_word' id='word_1_636' title='bbox 1081 2554 1323 2586; x_wconf 83' lang='lat' dir='ltr'><strong>intolerabilem.</strong></span> 
     </span>
    </p>
   </div>
   <div class='ocr_carea' id='block_1_20' title="bbox 1789 2686 1838 2712">
    <p class='ocr_par' dir='ltr' id='par_1_20' title="bbox 1789 2686 1838 2712">
     <span class='ocr_line' id='line_1_97' title="bbox 1789 2686 1838 2712; baseline 0 0"><span class='ocrx_word' id='word_1_637' title='bbox 1789 2686 1838 2712; x_wconf 82' lang='lat'><strong>39*</strong></span> 
     </span>
    </p>
   </div>
  </div>
 </body>
</html>
