2304 3034
123 178 185 208 273

123 270 156 301 in
191 271 341 310 obsequio
376 269 502 310 populi,
537 279 577 299 ne
608 267 646 298 ad
671 266 914 306 superstitiones
939 264 1085 295 deflecte-

124 317 205 344 rent.
264 313 351 353 Ergo
388 316 443 343 aut
479 310 568 341 nulla
595 310 672 349 ipsis
701 314 770 339 erat
800 308 912 348 religio
945 312 1000 337 aut
1030 317 1084 337 ex-

123 355 317 395 spectandus
358 359 427 385 erat
467 363 613 384 summus
653 351 706 382 ille
742 350 865 388 doctor,
905 350 959 389 qui
1001 360 1085 380 unus

123 397 275 438 impleret
297 407 408 428 omnes
431 405 581 426 numeros
607 393 784 434 prophetici
809 392 961 423 muneris.
1015 392 1083 422 Iam

123 440 284 471 notandae
318 444 394 470 sunt
427 437 701 473 circumstantiae,
736 436 851 475 quibus
882 435 1017 465 Iudaeos
1051 434 1085 464 in

124 483 298 514 sobrietate
331 482 456 512 retinet.
513 479 591 510 Fuit
621 478 681 509 hoe
711 488 773 508 non
805 477 949 517 vulgaris
979 476 1084 507 indul—

123 525 267 566 gentiae,
302 524 384 564 quod
414 523 502 554 Deus
537 532 554 551 e
589 520 705 560 populo
735 521 790 550 illo
820 519 994 560 prophetas
1025 520 1084 550 sibi

123 568 268 607 sumpsit,
290 578 329 597 ne
350 575 429 605 opus
451 569 532 595 esset
556 563 683 603 longius
703 563 858 594 cursitare
882 562 921 593 ad
948 562 1086 602 petenda

123 610 262 646 oracula,
285 614 317 640 et
339 607 433 639 simul
453 612 489 637 ut
510 605 712 636 familiariter
731 616 788 645 pro
807 616 864 636 suo
884 605 1013 635 modulo
1033 605 1086 635 do-

123 658 281 685 cerentur.
326 649 419 689 Quod
443 654 548 680 autem
572 649 649 679 alios
674 648 845 688 prophetas
869 648 927 678 sibi
956 657 1083 686 compa-

124 701 175 727 rat
198 695 318 731 Moses,
348 692 387 723 ad
417 690 726 722 commendationem
751 691 915 721 doctrinae
939 691 1083 730 ipsorum

124 738 217 769 valet.
262 738 482 766 Assueverant
506 734 602 773 longo
626 744 685 764 11511
710 733 748 764 ad
774 733 857 764 hane
881 733 1082 772 disciplinam

123 786 159 811 ut
186 780 286 810 Deum
309 788 362 808 ore
385 776 524 807 hominis
542 775 726 815 loquentem
747 776 905 811 audirent,
931 782 963 806 et
986 774 1082 806 stabi-

121 823 178 853 lita
201 827 269 852 erat
291 819 391 851 Mosis
414 819 585 855 autoritas,
619 824 652 849 ut
682 824 768 850 certo
799 818 944 858 persuasi
976 823 1083 848 essent

121 875 155 896 se
178 863 333 895 divinitus
355 861 537 902 gubernari,
562 867 593 891 et
617 860 675 892 sibi
704 861 848 900 patefieri
868 859 1021 900 quidquid
1043 860 1081 891 ad

121 907 257 939 salutem
280 905 449 936 sufficeret.

205 949 253 980 16.
280 947 452 978 Secundum
477 947 582 977 omnia
605 956 683 985 quae
700 946 832 984 petiisti.
864 945 1081 985 Ingratitudi-

120 993 170 1023 nis
198 1001 268 1022 reos
291 991 371 1030 agit,
401 989 462 1020 nisi
493 988 661 1028 prophetis
685 998 718 1019 se
742 987 865 1028 placide
889 988 1080 1019 snbiieiant:

117 1034 268 1075 quoniam
288 1032 348 1063 hac
371 1033 403 1062 in
424 1037 514 1071 parte
533 1042 642 1061 eorum
671 1036 743 1062 voto
765 1031 851 1061 Deus
871 1031 1080 1070 obtemperet.

119 1077 202 1108 Nam
226 1086 286 1116 quo
309 1074 478 1105 amabilius
501 1073 565 1104 illis
588 1079 672 1105 esset
701 1074 884 1113 maioreque
916 1075 948 1103 in
980 1074 1081 1113 pretio

118 1129 235 1150 munus
258 1117 498 1157 prophet-icum,
522 1126 558 1147 ae
585 1127 623 1147 ne
650 1121 782 1156 propter
808 1122 971 1156 aspectum
997 1127 1080 1146 11101·-

118 1161 191 1193 talis
224 1160 364 1191 hominis
398 1159 584 1195 vilesceret,
625 1158 709 1190 hanc
750 1159 813 1189 illis
846 1159 1080 1190 confessionem

117 1205 206 1235 Deus
227 1202 371 1240 extorsit,
394 1202 473 1232 nihil
494 1212 563 1232 esse
582 1201 698 1232 melius
717 1212 811 1241 quam
833 1206 868 1232 ut
887 1202 1080 1241 interpretes

116 1257 156 1277 ex
180 1245 365 1277 hominibus
388 1245 531 1284 eligeret.
578 1244 616 1274 In
640 1244 720 1284 legis
744 1244 999 1284 promulgatione
1024 1255 1079 1284 pa-

116 1289 181 1320 lam
204 1287 404 1328 resplenduit
429 1287 563 1318 visibilis
587 1286 649 1317 Dei
673 1288 833 1323 maiestas,
867 1288 958 1318 cuius
983 1297 1078 1317 sensu

116 1331 333 1371 expavefacti,
367 1330 451 1361 ultro
475 1330 589 1360 Mosen
611 1330 671 1360 sibi
695 1330 764 1360 dari
789 1335 942 1369 optarunt
972 1329 1078 1360 docto·

115 1385 193 1412 rem,
216 1378 247 1404 et
270 1373 417 1404 coelestis
443 1374 529 1403 vocis
553 1383 752 1412 praeconem.
776 1372 882 1411 Quam
908 1372 997 1403 utilis
1016 1372 1081 1402 fue-

115 1417 158 1448 rit
170 1422 273 1447 terror
291 1415 344 1446 illc
364 1415 402 1446 ad
422 1415 732 1446 commendationem
747 1414 912 1446 doctrinae
932 1425 1011 1455 quac
1025 1426 1081 1454 per

115 1459 262 1490 homines
286 1458 499 1498 praedicatur,
523 1462 596 1488 ante
622 1458 726 1488 visum
751 1462 807 1488 est.
840 1458 944 1488 Vanis
967 1468 1080 1497 specu-

115 1501 289 1533 lationibus
312 1501 345 1531 in
369 1500 505 1531 sublime
529 1500 603 1530 ferri
630 1506 739 1531 nostra
764 1500 893 1540 ingenia
912 1500 983 1540 plus
1003 1501 1081 1531 satis

116 1544 313 1584 experimur.
366 1543 416 1574 Ita
450 1543 607 1574 vellemus
639 1543 762 1579 Deum,
798 1543 922 1583 quoties
956 1543 1082 1583 obrepit

115 1587 221 1627 aliqua
240 1586 405 1622 dubitatio,
430 1596 446 1616 e
468 1585 563 1617 coelis
586 1585 710 1616 elicere.
735 1585 890 1617 Convinci
911 1597 987 1625 ergo
1006 1596 1081 1617 suae

115 1629 346 1661 imbecillitatis
379 1628 544 1659 Israelitas
578 1639 708 1659 necesse
749 1628 828 1665 fuit,
868 1640 907 1659 ne
947 1633 1078 1669 captum

115 1683 208 1704 suum
232 1671 532 1703 transscenderent:
552 1671 606 1701 sed
632 1670 714 1710 quod
730 1671 890 1702 Dominus
914 1671 977 1702 illis
1001 1671 1079 1702 utilc

115 1725 184 1746 esse
214 1714 417 1754 providerat,
455 1713 573 1744 summi
604 1714 751 1745 beneficii
782 1713 849 1744 loco
880 1719 1079 1753 expeterent,

114 1762 146 1789 et
168 1757 263 1788 simul
284 1756 500 1787 valedicerent
519 1756 677 1796 superbae
689 1757 875 1793 curiositati,
900 1767 980 1796 quae
1000 1767 1080 1787 sem-

114 1811 172 1840 per
202 1810 255 1830 eos
289 1799 465 1836 titillasset,
502 1799 563 1829 nisi
597 1799 736 1830 remedio
771 1799 917 1829 adhibito
953 1805 1079 1830 mature

114 1842 228 1874 fuisset
239 1848 390 1873 correcta.
415 1842 495 1872 Eius
515 1846 621 1872 autem
642 1842 726 1877 doni,
750 1842 833 1881 quod
847 1841 907 1872 sibi
920 1842 1078 1881 optimum

115 1895 184 1916 esse
203 1885 394 1921 iudicarunt,
414 1884 548 1914 minime
566 1884 749 1915 excusabile
768 1885 880 1915 fuisset
903 1884 1077 1916 fastidium.

117 1927 254 1959 Summa
276 1933 337 1965 est,
369 1928 474 1958 Deum
505 1927 602 1957 semel
634 1927 820 1967 apparuisse
854 1932 888 1958 ut
914 1927 1079 1967 prophetis

115 1971 182 2001 suis
205 1970 299 2001 fidem
323 1975 356 2000 et
378 1969 582 2000 autoritatem
607 1971 805 2009 acquireret:
831 1970 977 2000 ordinem
1003 1980 1079 2000 vero

115 2013 274 2053 regendae
312 2012 480 2049 ecclesiae,
515 2017 547 2043 et
582 2012 750 2043 testandae
786 2024 863 2043 suae
901 2013 1078 2044 voluntatis

115 2054 293 2086 instituisse
315 2065 409 2095 quem
433 2055 569 2095 populus
582 2055 650 2094 ipse
669 2056 870 2095 experientia
883 2060 1079 2096 cognoverat

117 2108 316 2137 summopere
339 2098 399 2129 sibi
423 2108 490 2128 esse
514 2098 635 2128 utilem.

202 2141 250 2171 17.
275 2140 360 2171 Bene
382 2143 514 2180 eperunt.
550 2141 678 2171 Recitat
690 2141 797 2171 Moses
817 2140 934 2171 iudicio
950 2146 982 2170 et
1002 2150 1077 2172 voce

116 2181 178 2212 Dei
201 2183 296 2214 fuisse
318 2182 559 2222 comprobatum
572 2183 650 2213 illud
673 2188 793 2214 votum.
825 2184 935 2223 Neque
950 2183 1034 2214 enim
1050 2184 1075 2213 si

119 2223 216 2254 stulta
228 2224 340 2256 levitas
351 2226 495 2256 homines
508 2226 671 2266 impulerit
683 2226 721 2256 ad
737 2226 856 2266 aliquid
871 2232 1077 2266 praepostere

119 2265 307 2304 optandum,
336 2267 406 2298 ideo
428 2273 533 2298 ratum
558 2268 589 2298 id
614 2269 761 2308 protinus
785 2280 854 2299 esse
879 2269 987 2299 debet:
1010 2268 1075 2305 sed,

120 2307 175 2338 ubi
197 2309 314 2339 accedit
327 2309 388 2340 Dei
411 2321 585 2341 consensus
609 2317 640 2341 et
662 2312 751 2351 quasi
772 2312 968 2351 suffragatio,
992 2311 1075 2351 quod

120 2349 179 2380 sibi
203 2350 326 2389 placere
348 2353 494 2391 ostendit,
519 2355 617 2384 fixum
644 2361 675 2384 et
705 2354 888 2384 inviolabile
913 2360 997 2384 stare
1021 2355 1074 2384 ‹le—

119 2392 182 2423 bet.
207 2392 299 2423 Unde
321 2395 478 2433 sequitur,
511 2397 614 2427 Deum
646 2397 678 2426 in
710 2397 875 2427 mittendis
899 2397 1073 2436 prophetis,

119 2440 155 2464 ut
195 2435 332 2466 maxime
366 2437 512 2476 expedit,
553 2439 718 2470 consulere
759 2440 924 2469 hominum
967 2439 1073 2470 saluti.

119 2476 222 2508 Porro
245 2477 327 2516 quod
349 2484 485 2518 surgunt
514 2481 556 2520 pii
587 2481 732 2512 doctores
755 2482 809 2521 qui
829 2482 967 2512 fideliter
988 2482 1072 2511 viam

119 2519 230 2566 salutis
253 2525 440 2558 monstrent,
463 2522 521 2554 1106
543 2525 658 2555 asserit
680 2525 843 2564 singulare
867 2535 935 2555 esse
954 2525 1073 2555 favoris

120 2572 170 2593 su1
205 2562 438 2593 testimonium:
468 2564 657 2605 laudemque
687 2567 745 2598 sibi
779 2566 940 2600 vendicat,
972 2578 1070 2606 quum

119 2603 259 2635 secundo
292 2605 420 2644 repetit:
455 2605 621 2639 Suscitabo
656 2609 856 2649 prophetam.
914 2609 1004 2641 Sicut
1041 2614 1072 2640 et

189 2654 296 2680 Calvim'
311 2662 400 2688 opera.
438 2656 492 2682 Vol.
513 2657 621 2685 XXIV.

856 173 1042 204 PRIMUM
1066 172 1384 204 PRAECEPTUM.

2046 176 2110 206 274

1138 265 1261 296 Paulus
1285 265 1388 297 docet:
1413 266 1581 305 Quomodo
1604 267 1848 308 praedicabunt,
1881 267 1941 298 nisi
1973 267 2105 298 mittan-

1139 312 1190 337 tur
1209 307 1316 348 (Rom.
1343 309 1390 345 10,
1417 309 1491 350 15)?
1538 311 1581 341 Et
1604 321 1689 347 sane,
1713 310 1825 341 eodem
1849 314 1930 341 teste
1949 311 2104 349 Apostolo

1138 350 1176 380 ad
1201 350 1284 382 hane
1315 352 1514 391 provinciam
1545 364 1638 383 nemo
1666 355 1844 392 reperietur
1868 352 2017 384 idoneus:
2048 353 2104 384 sed

1137 392 1272 424 facultas
1297 399 1384 425 recte
1404 394 1536 425 docendi
1571 406 1588 425 a
1612 395 1681 426 Deo
1711 401 1760 426 est
1782 395 1824 436 (1.
1848 394 1922 428 Cor.
1947 395 1975 432 2,
2002 395 2042 426 14
2071 397 2104 426 et

1110 435 1112 444 ’
1137 435 1165 469 4,
1192 435 1232 475 1).
1268 436 1361 467 Unde
1385 437 1538 476 sequitur,
1564 438 1666 468 Deuin
1691 444 1779 469 certo
1803 439 2003 477 praesentiae
2026 448 2104 470 suae

1137 478 1283 518 symbolo
1318 480 1459 510 favorem
1494 491 1571 520 erga
1605 491 1662 511 nos
1696 491 1791 511 suum
1831 481 1944 511 testari
1978 481 2103 520 quoties

1137 520 1271 559 spiritus
1296 522 1343 551 sui
1368 521 1493 552 dotibus
1517 523 1666 559 illustrat,
1691 528 1724 554 et
1742 524 1774 553 in
1794 522 1935 553 medium
1955 523 2103 563 producit

1137 562 1217 592 fidos
1242 564 1422 603 probosque
1457 564 1610 596 doctores.
1656 566 1774 596 Postea
1802 565 1953 596 admonet
1984 566 2093 597 Moses

1138 604 1245 635 Deum
1285 607 1329 637 sie
1370 607 1550 646 gubernare
1590 608 1756 639 ecclesiam
1798 618 1889 638 suam
1932 608 2100 640 hominum

1136 657 1233 678 manu
1253 652 1285 678 et
1308 658 1412 688 opera,
1438 655 1473 679 ut
1495 650 1555 680 sibi
1580 650 1658 681 nihil
1679 651 1819 690 deroget.
1845 650 1914 681 Sibi
1935 651 2020 681 enim
2040 651 2100 682 hoc

1136 691 1300 729 proprium
1325 692 1456 728 retinet,
1487 693 1576 731 quasi
1608 693 1639 723 in
1671 704 1704 724 os
1735 703 1908 733 suggerere
1932 694 2100 734 prophetis

1136 732 1219 771 quod
1244 732 1425 772 loquantur,
1451 745 1507 765 nec
1531 735 1603 774 plus
1626 736 1688 766 illis
1712 736 1870 776 permittit
1893 746 1987 775 quam
2012 736 2099 776 loqui

1135 781 1167 805 et
1190 776 1331 814 proferre
1355 787 1563 816 quaecunque
1586 778 1797 809 mandaverit..
1846 778 1998 809 Videmus
2023 789 2099 819 ergo

1135 824 1259 848 creatos
1283 818 1321 848 ab
1344 819 1436 849 initio
1459 820 1556 850 fuisse
1576 826 1728 859 pastores,
1754 832 1815 851 non
1836 826 1872 851 ut
1895 821 2098 852 dominaren-

1136 864 1187 890 tur
1210 861 1279 900 ipsi,
1311 861 1361 891 vel
1387 862 1452 892 suis
1476 863 1665 893 commentis
1689 863 1855 895 eeclesiam
1880 864 2097 895 subiicerent:

1135 902 1189 932 sed
1214 908 1341 933 tantum
1364 908 1398 934 ut
1422 905 1554 943 spiritus
1574 907 1675 936 sancti
1696 911 1804 937 essent
1822 917 1951 946 organa.
1987 906 2097 946 Atque

1134 944 1229 976 hodie
1253 946 1306 985 qui
1326 946 1397 985 plus
1411 946 1468 977 sibi
1488 947 1635 979 licentiae
1656 954 1822 989 usurpant,
1847 959 1920 979 cum
1940 949 2098 990 sacrilega

1135 998 1192 1018 sua
1216 988 1388 1029 tyrannide
1412 989 1521 1028 procul
1546 990 1693 1031 abigendi
1718 995 1802 1022 sunt.

1450 1134 1513 1164 EX
1538 1135 1668 1166 DEUT.
1692 1135 1789 1166 XIII.

1222 1228 1235 1257 1
1256 1227 1285 1268 ¹).
1309 1228 1408 1265 Quum
1431 1229 1598 1258 szcrrescer'it
1622 1229 1655 1259 in
1677 1229 1774 1259 medio
1794 1229 1839 1259 tm?
1857 1228 2020 1268 propbeta,
2051 1229 2098 1260 vel

1134 1270 1189 1309 qui
1222 1270 1373 1300 somnium
1405 1270 1585 1308 somniabit,
1620 1274 1646 1301 et
1674 1271 1789 1302 dederit
1818 1271 1873 1302 tibi
1900 1272 2022 1310 sz'ynum
2050 1271 2098 1302 vel

1130 1315 1317 1351 portentum,
1359 1313 1386 1343 2.
1417 1310 1619 1352 Enent‘ritqne
1648 1314 1702 1343 tila&
1724 1315 1847 1353 siquam
1876 1316 1902 1344 et
1920 1316 2096 1352 portentum

1134 1356 1214 1394 quod
1236 1356 1358 1385 dia-erat
1380 1355 1450 1391 tibi,
1479 1355 1617 1386 (licendo.-
1647 1356 1768 1386 Eamus
1784 1359 1856 1395 post
1878 1356 1946 1387 deos
1979 1357 2096 1388 alienos

1135 1408 1209 1436 quos
1232 1408 1289 1428 11011
1315 1399 1408 1433 nosti,
1432 1401 1457 1427 nt
1480 1398 1612 1428 Columna
1634 1408 1699 1428 eos:
1743 1398 1770 1429 3.
1798 1399 1867 1429 Non
1890 1398 2008 1429 obedies
2029 1410 2097 1430 ver-

1135 1440 1182 1470 bis
1206 1440 1374 1479 prophetae
1402 1441 1506 1475 illius,
1536 1443 1589 1471 (tat
1617 1441 1770 1471 sommium
1792 1441 1990 1472 sonmicmtis:
2021 1442 2096 1481 quia

1134 1486 1227 1513 tentat
1256 1493 1309 1513 <vos
1340 1483 1452 1513 Ieltova
1481 1483 1568 1514 Deus
1598 1486 1701 1518 vester,
1737 1486 1770 1513 ut
1792 1484 1867 1514 sciat
1891 1494 1931 1514 an
1954 1484 2096 1523 dsiliyatis

1136 1526 1278 1556 Ielrovam
1295 1525 1393 1556 Deum
1417 1528 1547 1556 vestrmn
1567 1529 1623 1556 toto
1641 1526 1726 1556 corde
1745 1529 1850 1565 vestro,
1870 1529 1895 1556 et
1914 1528 1973 1557 tota
1985 1527 2094 1557 anima

1134 1571 1243 1599 veslra.
1289 1568 1317 1598 4.
1343 1568 1414 1598 Post
1444 1568 1586 1599 Ielzovam
1605 1568 1706 1598 Deum
1735 1572 1866 1599 vestrum
1886 1569 2093 1606 ambulabitis,

1134 1610 1280 1649 illumque
1302 1611 1453 1645 timebitis.
1489 1621 1523 1641 uc
1540 1613 1705 1650 praecepta
1727 1612 1793 1641 eius·
1815 1612 2001 1642 custodietis.-
2029 1612 2094 1643 voci

1133 1654 1201 1684 eius
1224 1654 1366 1684 obedietis
1387 1656 1412 1683 et
1435 1663 1503 1684 eum
1527 1653 1635 1690 coletis,
1660 1654 1744 1692 eique
1766 1653 1978 1685 adhaerebitis.

1430 1798 1493 1828 EX
1517 1798 1647 1829 DEU'P.
1672 1797 1802 1828 XVIII.

1217 1883 1266 1914 21.
1294 1884 1373 1923 Quia
1397 1884 1425 1913 si
1444 1884 1563 1914 (limeris
1585 1884 1616 1913 ‘in
1640 1883 1727 1913 corde
1749 1885 1814 1913 tao:
1850 1883 2002 1921 Quomodo
2026 1893 2091 1924 coy-

1130 1937 1288 1958 noscenms
1317 1926 1439 1957 verbum
1469 1927 1548 1964 quod
1577 1937 1637 1956 von
1665 1926 1805 1963 loquutus
1832 1926 1928 1964 fuerit
1951 1926 2089 1958 Ielcova?

1131 1970 1181 2000 22.
1209 1969 1337 2008 (guum-Io
1366 1969 1501 2007 loquetur
1518 1969 1667 2007 propheta
1692 1969 1722 1997 1[1]
1746 1968 1866 1998 nomine
1890 1968 2033 2003 Ielaovae,
2064 1972 2092 1999 et

1130 2023 1189 2043 mon
1213 2012 1361 2043 astiterit
1383 2022 1432 2042 res
1454 2011 1518 2045 ma,
1545 2022 1637 2049 neque
1659 2011 1801 2040 mouerit.-
1822 2020 1919 2041 sermo
1942 2013 1984 2041 est
2002 2022 2091 2050 quem

1129 2066 1188 2085 ‘non
1212 2055 1355 2094 loquacius
1377 2057 1419 2085 est
1442 2053 1562 2090 Icltora,
1582 2064 1638 2092 per
1656 2053 1830 2090 superbiam
1852 2054 1932 2083 enim
1951 2053 2092 2092 loquutus

1129 2101 1173 2129 est
1190 2097 1340 2136 propheta
1358 2097 1424 2127 ille:
1447 2107 1483 2127 ne
1505 2097 1613 2127 timeas
1634 2095 1671 2126 ab
1694 2106 1733 2125 eo.

1215 2181 1389 2221 Postqu‘am
1415 2193 1433 2212 a
1455 2180 1633 2221 peregrinis
1657 2180 1800 2219 gentium
1827 2179 1961 2210 fallaciis
1983 2180 2087 2213 Israe-

1129 2225 1202 2255 litas
1222 2226 1359 2255 retraxit
1380 2225 1501 2259 Moses,
1529 2233 1615 2253 nune
1637 2224 1730 2252 etiam
1762 2226 1849 2252 vetat
1873 2233 1921 2259 ne,
1949 2223 1973 2252 si
2003 2224 2089 2255 inter

1130 2269 1212 2307 ipsos
1237 2269 1426 2298 exoriantur
1460 2267 1529 2297 falsi
1561 2266 1719 2300 doctores,
1749 2275 1782 2294 sc
1813 2264 1909 2294 nimis
1940 2265 2087 2298 credulos

1129 2311 1318 2350 praebeant:
1357 2320 1392 2340 ac
1428 2309 1538 2340 sedulo
1572 2315 1705 2339 caveant
1741 2307 1779 2336 ab
1812 2307 1961 2338 omnibus
1994 2310 2087 2340 novis

1127 2353 1327 2388 commentis,
1352 2362 1409 2383 nec
1433 2352 1528 2382 ullius
1552 2351 1693 2390 impulsu
1719 2349 1769 2379 vel
1795 2349 1956 2379 tantillum
1978 2361 1995 2380 a
2015 2351 2085 2392 lego

1127 2397 1308 2427 deflectant.
1334 2395 1445 2434 Neque
1459 2395 1543 2425 6111111
1558 2404 1575 2423 a
1593 2393 1741 2432 professis
1756 2392 1858 2422 solum
1874 2392 2020 2423 hostibus
2033 2395 2083 2425 vel

1126 2439 1246 2469 exteris
1269 2438 1549 2477 superstitionibus
1578 2435 1754 2476 periculum
1780 2441 1841 2470 est,
1873 2435 1926 2464 sed
1952 2445 2008 2474 per
2037 2437 2087 2467 in-

1126 2482 1259 2512 testinas
1283 2492 1407 2520 quoqne
1432 2480 1557 2510 fraudes
1588 2478 1760 2508 insidiatur
1783 2478 1901 2510 Satan.
1933 2484 1963 2507 et
1994 2489 2084 2510 sacro

1125 2524 1185 2554 Dei
1219 2524 1348 2554 1101111116
1377 2524 1415 2553 ad
1447 2521 1621 2552 fallendum
1651 2520 1802 2551 abutitur.
1848 2519 1936 2559 Ergo
1959 2521 2086 2559 piorum

1193 2617 1220 2649 1)
1239 2616 1320 2641 Hebr.
1340 2616 1414 2641 2—5.
1851 2654 1883 2679 18
