2304 3034
128 178 189 209 957

127 272 251 302 functos
281 274 409 310 putent:
443 270 517 310 quia
545 269 608 299 tale
638 268 810 299 divortium
845 277 909 297 uon
943 266 1086 297 admittit

127 314 227 352 Deus,
256 314 309 352 qui
334 323 399 344 non
427 313 533 343 minus
563 311 664 342 furari
686 310 793 341 vetuit
820 319 916 348 quam
941 308 1086 340 occidere

126 355 202 397 (Iac.
223 356 251 393 2,
273 355 333 397 11).

213 399 308 429 Deut.
328 398 377 433 30,
399 398 446 428 11.
473 396 670 434 Praeceptum
692 394 745 425 hoc
766 394 853 433 quod.
898 393 988 424 Haec
1012 403 1085 423 sen-

126 441 226 471 tentia
256 441 420 480 proximae
449 439 561 470 similis
584 442 648 473 est,
682 446 719 467 ac
752 437 785 467 in
817 435 953 467 eundem
985 436 1083 466 finem

125 482 243 514 tendit:
274 483 376 522 legem
411 483 494 512 enim
520 491 537 510 a
560 479 711 511 facilitate
734 478 937 510 commendat
960 478 1082 509 Moses:

124 526 197 565 quia
217 536 279 556 non
299 520 448 564 ambages
468 522 517 553 vel
536 523 717 561 aenigmata
735 521 801 552 illic
814 526 970 561 proponat
983 521 1082 558 Deus,

125 573 159 598 ut
181 578 352 607 suspensos
376 570 484 596 teneat
517 565 654 601 animos,
683 564 734 594 vel
765 563 988 603 disquisitione
1018 569 1081 593 tor-

123 616 235 649 queat:
258 610 313 640 sed
335 619 391 648 pro
414 614 508 647 captu
531 607 671 646 adeoque
694 606 835 637 ruditate
858 605 966 646 populi
990 606 1082 636 fami-

123 653 244 683 liariter
267 652 375 683 doceat
398 649 550 690 quidquid
574 659 654 688 opus
673 656 729 679 est.
761 648 837 679 Ideo
855 648 941 688 apud
960 648 1080 678 Isaiam

123 695 185 736 (45,
210 694 270 735 19).
306 693 429 724 ludaeis
451 691 622 731 exprobrat
645 691 730 731 quod
749 692 781 721 in
806 691 948 722 tenebris
972 691 1079 731 vagati

122 739 195 774 sint,
219 747 325 767 eorum
350 735 509 776 pravitate
532 740 561 764 et
586 733 729 765 socordia
746 734 865 765 factum
889 744 973 764 esse:
1005 733 1080 773 quia

120 790 185 810 non
208 780 241 809 in
265 777 447 810 abscondito
472 777 621 816 loquutus
644 782 730 815 erat,
765 786 823 807 nec
846 777 965 807 frustra
989 775 1077 806 dixe-

120 828 170 853 rat
193 822 303 853 semini
327 820 436 852 Iacob:
461 819 615 856 Quaerite
638 830 697 850 me.
743 819 807 850 Hic
831 825 937 850 autem
961 829 1015 849 eos
1039 818 1078 849 ad

119 863 304 896 discendum
328 863 444 893 invitat
468 862 588 892 Moses:
624 862 698 901 quia
728 862 814 892 facili
845 867 876 892 et
906 862 992 891 clara
1022 861 1077 891 do-

118 907 210 938 cendi
234 907 356 937 ratione
378 910 452 935 ante
475 905 582 935 oculos
607 905 711 943 posita
733 915 798 935 non
830 905 895 934 sint
919 904 1078 943 perdituri

117 960 254 989 operam.
292 948 419 979 Scimus
442 947 527 977 euim
552 947 691 977 desidiae
716 947 928 986 patrocinium
949 946 1023 977 inde
1043 951 1077 976 ut

117 992 289 1032 plurimum
314 990 437 1029 quaeri,
467 990 493 1020 si
522 990 555 1019 in
585 989 679 1020 rebus
710 989 879 1029 profundis
913 995 944 1019 et
967 989 1077 1020 arduis

118 1044 254 1075 magnus
276 1033 378 1069 labor,
414 1033 534 1071 absque
565 1042 681 1072 niagno
711 1033 870 1072 profectu,
901 1031 1076 1062 sumendus

117 1077 167 1108 sit.
212 1076 287 1106 Ideo
310 1079 406 1115 negat
428 1075 536 1105 Moses
559 1075 662 1114 legem
687 1085 756 1105 esse
779 1075 948 1106 obscuram
972 1075 1005 1104 in
1025 1085 1076 1105 cu-

116 1119 166 1150 ius
178 1118 284 1150 studio
297 1117 564 1157 praetermodum
580 1117 706 1157 fatigari
721 1124 879 1157 oporteat:
900 1117 955 1148 sed
969 1117 1075 1147 Deum

116 1161 181 1192 illic
204 1160 353 1199 explicite
382 1164 414 1191 et
445 1159 593 1191 distincte
617 1160 718 1199 loqui,
749 1170 806 1190 nec
837 1160 923 1190 aliud
956 1160 1075 1199 requiri

115 1213 208 1243 quam
233 1208 269 1233 ut
293 1202 491 1243 diligentiam
517 1202 702 1234 adhibeant.
741 1203 843 1233 Porro
867 1203 911 1233 ita
934 1202 997 1232 illis
1017 1203 1075 1233 eri-

115 1246 159 1286 pit
172 1246 372 1285 ignorantiae
385 1250 597 1285 praetextum,
622 1245 696 1284 quia
715 1246 745 1275 in
767 1250 857 1276 tanta
876 1245 946 1276 luce
967 1255 1075 1276 errare

114 1293 283 1328 nequeant,
318 1288 379 1318 nisi
413 1294 526 1327 sponte
557 1288 778 1323 caecudcndo,
815 1288 862 1318 vel
898 1287 1075 1319 claudendo

114 1331 230 1362 oculos.
275 1330 369 1362 Unde
399 1332 494 1361 etiam
530 1331 711 1370 colligimus
734 1341 829 1370 quam
854 1331 951 1370 impie
974 1330 1074 1361 blate-

114 1378 185 1404 rent
208 1373 350 1413 papistae
373 1374 565 1412 scripturam
597 1373 704 1404 densis
728 1373 869 1403 tenebris
893 1384 961 1404 esse
991 1373 1074 1404 obsi-

114 1423 189 1454 tam,
218 1422 249 1446 et
278 1426 373 1455 quam
404 1416 548 1456 improbe
578 1416 616 1446 ab
647 1416 715 1447 eius
745 1426 890 1453 accessu,
920 1421 1073 1455 tanquam

112 1458 289 1499 labyrinthi
314 1459 418 1489 nescio
442 1460 542 1494 cuius,
566 1458 691 1498 plebem
716 1464 854 1489 arceant.
901 1458 998 1489 Certe
1018 1464 1074 1489 aut

112 1501 260 1541 spiritum
295 1506 459 1539 sanctum,
495 1502 547 1540 qui
585 1502 653 1532 cius
687 1501 864 1532 claritatem
904 1506 1073 1540 tantopere

113 1544 235 1581 asserit,
260 1544 418 1574 mendacii
438 1550 614 1583 coarguant
631 1550 766 1583 oportet,
791 1550 846 1574 aut
865 1543 954 1574 illam
975 1545 1073 1574 sacri-

114 1586 183 1627 lego
217 1587 360 1617 convicio
396 1587 564 1617 infamant.
623 1586 717 1624 Quod
759 1588 785 1617 si
820 1588 920 1617 veteri
955 1587 1072 1626 populo

113 1629 261 1669 adempta
284 1630 342 1659 fuit
366 1630 539 1666 excusatio,
564 1630 624 1660 nisi
648 1630 717 1668 les-re
738 1630 893 1669 magistra
916 1634 948 1659 et
971 1629 1073 1660 dirce-

112 1673 190 1703 trice
213 1672 297 1702 viam
321 1677 454 1709 teneret,
481 1672 528 1702 bis
551 1676 583 1702 et
606 1678 654 1702 ter
677 1672 868 1702 damnabilis
892 1677 940 1702 est
964 1678 1073 1702 nostra

112 1714 264 1751 socordia,
288 1715 350 1745 nisi
373 1716 405 1744 in
437 1715 621 1754 cvangelio,
654 1715 707 1745 ubi
732 1714 982 1745 inaestimabiles
1005 1726 1071 1745 om—

112 1758 162 1787 nis
185 1758 360 1797 sapientiae
384 1757 551 1788 thesauros
576 1758 664 1788 Deus
688 1758 822 1796 aperuit,
852 1762 1007 1797 quantum
1033 1757 1071 1788 ad

111 1799 246 1830 salutem
270 1800 348 1831 satis
371 1805 427 1835 est,
451 1800 648 1840 proficimus.
674 1800 849 1840 Perperam
875 1810 949 1830 vero
973 1806 1004 1830 et
1023 1800 1070 1829 in-

112 1843 190 1873 scite
214 1842 316 1872 locum
341 1842 427 1873 hunc
450 1843 613 1882 sophistae
633 1843 791 1882 arripiunt
811 1843 849 1873 ad
870 1843 1069 1882 probandum

114 1885 248 1915 liberum
280 1885 459 1915 arbitrium.
511 1885 616 1925 Negat
644 1886 753 1916 Moses
788 1892 956 1925 praecepta
990 1886 1070 1925 legis

112 1938 181 1958 esse
204 1938 299 1967 supra
322 1938 389 1958 nos.
421 1927 530 1966 Quid?
557 1931 607 1958 An
632 1935 668 1958 ut
691 1939 801 1959 eorum
824 1929 1004 1959 observatio
1024 1929 1070 1959 vi-

113 1970 200 2001 ribus
223 1971 339 2001 nostris
362 1971 503 2001 subiecta
527 1970 590 2000 sit?
638 1971 733 2001 Certe
765 1971 845 2001 nihil
870 1972 931 2001 tale
955 1976 1071 2001 sonant

111 2012 224 2042 verba:
256 2023 359 2052 neque
389 2024 429 2043 ex
459 2013 527 2044 eius
563 2014 697 2044 consilio
731 2014 791 2044 rite
825 2025 967 2053 expenso
1000 2014 1070 2044 elici

112 2061 214 2094 potest
239 2055 289 2086 hic
312 2066 434 2086 sensus.
469 2056 608 2086 Tantum
633 2056 717 2086 enim
743 2057 880 2087 Iudaeos
899 2057 1020 2087 animat
1041 2062 1071 2087 et

89 2119 93 2122 -
114 2097 233 2128 alacres
252 2108 319 2128 esse
332 2098 420 2129 iubet
440 2098 519 2138 legis
539 2098 727 2138 discipulos:
749 2100 822 2138 quia
842 2100 933 2130 facile
953 2099 1071 2130 iutelli-

115 2146 189 2178 gent
213 2140 363 2179 quidquid
387 2152 403 2171 a
428 2141 497 2171 Deo
521 2141 585 2172 illic
610 2143 813 2181 praecipitur.
860 2142 957 2182 Atqui
978 2142 1073 2182 longe

117 2181 201 2212 aliud
234 2188 281 2212 est
315 2184 497 2222 praestandi
536 2184 671 2214 facultas
712 2196 805 2224 quain
848 2185 1071 2225 intelligentia.

117 2223 207 2253 Adde
230 2224 310 2263 quod
325 2225 443 2257 Paulus
466 2226 572 2266 (Rom.
596 2227 643 2265 10,
668 2227 699 2267 8)
724 2228 826 2258 locuni
846 2227 933 2258 hunc
952 2228 1073 2267 optima

119 2267 240 2296 ratione
280 2267 318 2297 ad
348 2269 550 2308 evangelium
582 2269 817 2301 accommodat:
855 2271 928 2309 quia
959 2270 1073 2301 doctri-

119 2318 191 2337 nam
214 2308 313 2347 ipsam
344 2316 451 2341 mente
481 2312 753 2351 comprehendere
785 2313 863 2343 nihil
898 2313 1071 2352 proilessct,

118 2350 181 2380 nisi
202 2350 361 2393 accederet
385 2355 564 2384 reverentia
590 2359 621 2384 ct
647 2356 731 2385 seria
758 2355 927 2386 obediendi
959 2356 1072 2386 volun-

118 2398 176 2422 tas.
202 2392 307 2422 sumit
325 2400 430 2425 autem
450 2406 506 2435 pro
525 2398 678 2434 confesso,
699 2398 777 2429 adeo
802 2409 863 2428 non
883 2409 951 2429 esse
971 2398 1073 2428 nostri

119 2434 248 2481 arbitrii·
274 2442 357 2466 recte
388 2438 481 2475 velle,
509 2445 543 2469 ut
574 2451 612 2470 nc
643 2440 683 2471 ad
712 2441 918 2480 cogitandum
944 2441 1070 2481 quidem

119 2477 218 2507 simus
242 2477 355 2508 idonei.
400 2479 492 2510 Unde
514 2483 675 2522 sequitur,
706 2484 807 2514 iacere
838 2489 992 2523 tanquam
1016 2484 1071 2513 fri-

121 2519 226 2565 volum
248 2526 288 2566 ‘et
318 2520 355 2550 cle
384 2522 483 2553 nihilo
510 2523 627 2555 dictum
664 2526 745 2565 quod
777 2526 829 2557 hie
857 2526 1010 2563 habetur,
1046 2527 1072 2556 si

119 2561 306 2600 simrdiciter
329 2564 479 2602 accipitur
503 2566 539 2596 de
563 2567 640 2607 lege.
689 2569 784 2599 Aliud
815 2570 910 2599 etiam
942 2569 1073 2608 respicit

121 2604 248 2639 Paulus,
283 2605 357 2643 quia
382 2606 433 2636 lex
456 2608 627 2646 perfectam
652 2611 807 2642 iustitiam
831 2613 945 2651 exigit,
970 2622 987 2641 a
1017 2622 1071 2642 uc-

221 2653 328 2680 Caluini
342 2662 432 2688 opera.
470 2658 525 2684 Vvl.
546 2659 658 2686 XXIV.

859 173 1121 205 PRAEFATIO
1141 175 1188 206 IN
1212 177 1383 209 LEGEM.

2038 181 2099 212 ‘258

1138 269 1223 300 mine
1246 271 1430 301 mortalium
1454 281 1547 311 posse
1565 282 1638 303 cum
1662 272 1767 303 fructu
1791 282 1862 303 eam
1882 272 1988 312 recipi.
2013 273 2097 304 Nam

1138 316 1174 341 ut
1197 312 1268 351 quis
1292 312 1361 344 Deo
1384 323 1497 352 parere
1520 314 1657 351 studeat,
1682 314 1776 355 longe
1799 319 1908 346 tamen
1930 325 2058 354 semper
2081 326 2100 347 a

1137 355 1332 393 perfectione
1352 356 1467 387 aberit:
1488 356 1621 396 ideoque
1640 356 1678 387 ad
1699 357 1903 398 evangelium
1918 358 2027 388 venire
2047 369 2102 389 ne-

1137 407 1224 427 cesse
1243 403 1299 435 est,
1318 398 1351 428 in
1370 409 1432 438 quo
1451 399 1579 430 laxatur
1597 400 1684 439 rigor
1703 399 1770 430 ille:
1792 401 1867 440 quia
1879 400 2100 432 intercedente

1137 439 1230 470 venia
1249 440 1419 471 obediendi
1440 442 1598 479 voluntas,
1622 442 1736 482 plenae
1759 442 1961 473 obedientiae
1983 443 2098 480 instar,

1136 480 1206 512 Deo
1219 488 1311 521 grata
1323 487 1379 514 est.
1400 483 1525 514 Insistit
1537 485 1623 515 enim
1637 484 1759 516 Paulus
1772 485 1806 515 in
1820 490 1980 525 postremo
1988 496 2096 523 versu,

1135 534 1233 563 prope
1265 536 1334 555 esse
1357 527 1489 556 verbum
1514 526 1546 556 in
1569 537 1623 557 ore
1646 531 1679 557 et
1701 527 1805 565 corde,
1838 531 1873 558 ut
1891 528 2027 567 populus
2057 528 2097 558 il-

1135 565 1190 596 lud
1214 572 1363 606 praestet.
1409 568 1473 599 Iam
1505 574 1628 600 constat
1658 570 1752 601 corde
1776 570 1941 600 hominum
1971 570 2099 610 lapidea

1134 618 1211 645 esse,
1246 616 1277 640 et
1300 611 1531 642 contumaciter
1553 611 1616 651 legi
1640 612 1823 643 adversari:
1853 612 1888 642 in
1919 613 1989 653 lege
2019 623 2096 644 vero

1133 650 1203 690 ipsa
1226 651 1352 683 literam
1376 653 1532 684 duntaxat
1555 658 1715 685 mortuam
1739 660 1771 685 et
1793 654 1992 685 mortiferam
2019 666 2095 686 eon-

1134 694 1239 724 tineri.
1264 694 1433 732 Quomodo
1457 696 1555 736 igitur
1577 696 1685 728 sedem
1705 698 1737 728 in
1756 697 1851 728 corde
1870 697 2003 728 haberet
2026 698 2098 728 lite-

1132 736 1210 766 ralis
1234 736 1398 768 doctrina?
1424 737 1518 777 Quod
1542 739 1568 769 si
1592 739 1681 770 Deus
1704 739 1819 779 spiritu
1842 740 2094 780 regenerationis

1132 779 1324 817 pravitatem
1348 780 1451 811 cordis
1475 781 1623 821 corrigat,
1654 792 1690 812 ac
1713 782 1862 813 duritiem
1887 782 2009 813 molliat
2034 783 2095 814 hoe

1132 831 1195 851 non
1221 822 1300 861 legis
1324 827 1373 853 est
1395 823 1450 853 sed
1474 824 1630 864 evangelii
1655 824 1829 864 proprium.
1864 825 1989 856 Deinde
2019 825 2094 864 quia

1130 863 1164 893 in
1186 864 1258 895 filiis
1274 865 1344 903 Dei,
1367 865 1463 896 etiam
1483 877 1522 896 ex
1541 877 1602 905 quo
1622 867 1759 906 regeniti
1780 871 1864 906 sunt,
1883 878 2009 907 semper
2027 878 2094 898 ma—

1130 912 1210 936 nent
1244 907 1390 938 residuae
1424 910 1529 939 carnis
1561 909 1761 948 cupiditates,
1789 920 1883 941 nemo
1914 910 2092 950 reperietur

1131 949 1315 980 mortalium
1345 950 1399 989 qui
1427 950 1529 990 legem
1560 951 1661 982 faciat.
1713 952 1752 982 In
1784 953 1952 993 evangelio
1983 957 2091 983 autem

1130 996 1264 1030 paterna
1297 991 1499 1032 indulgentia
1530 994 1641 1034 recipit
1672 994 1759 1025 Deus
1789 994 1872 1034 quod
1907 1005 1971 1026 non
2001 995 2089 1026 omni

1128 1044 1168 1064 ex
1195 1041 1285 1073 parte
1315 1035 1493 1066 absolutum
1529 1041 1585 1067 est.
1637 1037 1727 1068 Tune
1758 1037 1858 1077 igitur
1892 1037 2021 1068 demum
2056 1038 2089 1068 in

1128 1077 1223 1107 corda
1245 1084 1414 1117 penetrare
1437 1078 1550 1118 incipit
1574 1079 1705 1110 verbum
1721 1080 1790 1115 Dei,
1814 1084 1846 1111 et
1863 1080 1984 1110 iustum
2005 1080 2088 1111 fruc-

1130 1124 1198 1149 tum
1221 1120 1253 1150 in
1278 1120 1343 1150 vita
1366 1120 1518 1160 proferre,
1546 1121 1597 1152 ubi
1618 1121 1767 1152 Christus
1794 1132 1866 1153 cum
1890 1122 2007 1162 spiritu
2031 1133 2088 1153 suo

1128 1166 1160 1192 et
1179 1163 1322 1202 gratuita
1342 1163 1435 1193 venia
1455 1163 1596 1203 affulget.
1620 1164 1734 1204 Itaque
1754 1165 1919 1196 verissime
1931 1165 2094 1196 concludit

1128 1205 1250 1235 Paulus
1280 1205 1339 1235 hoc
1369 1216 1438 1236 csse
1468 1206 1599 1236 verbum
1630 1207 1701 1237 fidei
1733 1207 1816 1246 quod
1852 1207 1887 1237 in
1924 1207 2092 1248 evangelio

1128 1247 1345 1286 praedicatur:
1381 1249 1456 1287 quia
1486 1260 1544 1279 nec
1574 1249 1745 1280 efficaciter
1776 1250 1827 1280 lex
1862 1249 1992 1281 adducit
2022 1250 2091 1280 Deo

1128 1290 1285 1326 homines,
1316 1295 1348 1320 et
1371 1291 1439 1321 eius
1463 1291 1643 1322 observatio
1667 1297 1796 1332 propter
1819 1303 1982 1323 summum
2007 1293 2092 1332 rigo-

1128 1343 1195 1362 rem
1220 1339 1267 1363 est
1290 1333 1506 1372 impossibilis.
1552 1334 1623 1365 Hoc
1646 1340 1752 1365 autem
1777 1335 1853 1366 novi
1876 1334 2012 1366 foederis
2036 1345 2092 1375 pe-

1127 1375 1247 1405 culiare
1271 1382 1318 1406 cst
1343 1375 1540 1410 beneficium„
1566 1377 1668 1416 legem
1692 1376 1784 1408 scribi
1811 1378 1842 1407 in
1873 1377 2035 1415 cordibus,
2061 1381 2093 1407 et

1128 1417 1304 1449 visceribus
1338 1419 1490 1458 insculpi:
1528 1419 1642 1449 deinde
1676 1420 1796 1450 remitti
1826 1430 1973 1451 severam
2002 1419 2092 1450 illam

1127 1461 1338 1495 exactionem,
1364 1471 1403 1491 ne
1427 1462 1507 1491 vitia
1530 1462 1643 1500 quibus
1666 1461 1770 1493 adhuc
1795 1462 1940 1493 laborant
1969 1461 2092 1501 fideles,

1127 1503 1291 1534 obstaculo
1321 1503 1385 1534 sint
1417 1504 1587 1543 quominus
1612 1505 1680 1535 Deo
1703 1505 1828 1545 placcat
1850 1505 1965 1535 mutila
1988 1510 2020 1536 et
2044 1504 2092 1535 di-

1127 1546 1225 1576 midia
1248 1556 1359 1576 eorum
1382 1546 1574 1577 obedientia.

1407 1732 1464 1763 EX
1488 1733 1637 1764 LEVIT.
1662 1733 1808 1764 XXVII.

1210 1819 1260 1849 34.
1287 1818 1370 1848 Hace
1390 1821 1552 1857 praecepta
1581 1828 1659 1857 quae
1684 1818 1840 1856 praecepit
1863 1816 1977 1848 Iehova
2003 1816 2091 1849 Mosi

1123 1862 1165 1892 ad
1186 1861 1271 1899 lilios
1296 1861 1396 1891 Israel
1420 1861 1453 1891 vin
1476 1863 1572 1891 monle
1593 1860 1694 1891 Sinai.

1474 2055 1536 2086 EX
1561 2054 1691 2086 DEUT.
1716 2054 1740 2084 I.

1214 2143 1239 2172 l.
1272 2140 1356 2172 Haec
1378 2143 1447 2171 sunt
1470 2140 1557 2170 rerba
1581 2150 1658 2178 quac
1680 2139 1821 2177 loqzsmtns
1844 2140 1887 2168 est
1910 2137 2014 2169 Moses
2048 2139 2089 2170 ad

1125 2195 1241 2215 omnem
1266 2184 1411 2214 lsraelem
1435 2186 1523 2213 trans
1543 2182 1706 2212 Iordanem
1728 2182 1762 2211 iu.
1784 2182 1907 2216 deserto,
1934 2181 1965 2210 in
1982 2181 2089 2219 plani-

1125 2229 1174 2265 tie,
1198 2239 1212 2257 c
1234 2228 1353 2267 Ἰνςυίοηθ
1377 2225 1472 2265 Suph,
1495 2227 1574 2255 inter
1590 2224 1697 2255 Parem
1719 2226 1744 2254 et
1761 2223 1902 2261 Tleoplccl,
1926 2225 1951 2253 et
1970 2224 2089 2263 Lctban,

1126 2274 1152 2301 et
1179 2269 1344 2305 Ilascrolle,
1376 2272 1402 2299 (ί
1427 2268 1579 2299 ΒίςυΙιαΙ).
1632 2268 1660 2297 2.
1690 2266 1833 2297 Πηάνιῑιῖφη
1856 2266 1922 2296 dics
1951 2269 2021 2296 sunt
2051 2267 2088 2297 ab

1126 2313 1238 2344 Horeb.
1262 2312 1384 2342 {timeris
1402 2311 1512 2341 montis
1538 2310 1615 2345 Scir,
1646 2319 1741 2347 usquc
1763 2309 1804 2338 ad
1829 2308 1926 2339 Gades
1948 2307 2086 2340 Barnea.

1125 2356 1153 2386 3
1180 2355 1257 2385 Fuit
1287 2358 1387 2384 autem
1417 2353 1650 2392 ‹Jnadrayesimo
1673 2362 1768 2385 amm,
1800 2351 1956 2381 undecimo
1977 2361 2087 2389 mense,

1119 2399 1227 2437 priam
1250 2398 1371 2433 nonusis,
1391 2397 1534 2434 loquutus
1552 2398 1593 2425 est
1606 2394 1709 2425 Moses
1728 2394 1768 2424 ((ιί
1781 2394 1863 2431 filios
1878 2393 1980 2423 Israel
1998 2393 2088 2424 meta

1125 2441 1229 2471 omnia
1251 2450 1328 2478 quac
1347 2440 1543 2478 praevrpcmt
1556 2437 1667 2467 lebam
1690 2437 1718 2466 ci
1740 2436 1781 2466 ad
1798 2436 1875 2466 illos.
1910 2435 1938 2464 4.
1965 2435 2088 2467 Postea-

1125 2494 1216 2522 quam
1245 2484 1443 2520 Infrensserat
1479 2480 1575 2510 Selmn
1607 2489 1707 2518 restem
1740 2477 1999 2508 IGmorrhaeomm
2033 2479 2087 2517 qui

1124 2525 1279 2556 laabilabat
1301 2526 1334 2555 <in
1360 2524 1489 2557 [iet-han,
1512 2525 1538 2552 ef
1565 2522 1609 2560 Os)
1631 2531 1728 2559 recem
1746 2520 1867 2556 Bascm,
1891 2520 1945 2558 qm
1967 2520 2086 2552 laabim-

1125 2569 1174 2599 bat
1192 2569 1222 2598 iu
1238 2567 1384 2597 ils-turoth
1404 2567 1437 2596 rin
1449 2565 1555 2595 Edrei.
1592 2565 1619 2594 ξ).
1645 2564 1747 2595 Trans
1766 2562 1932 2593 Iordanem
1951 2563 1984 2592 in
2003 2566 2088 2595 terra

1126 2611 1220 2642 Moab
1245 2611 1353 2649 inrepit
1374 2609 1474 2639 Mars
1497 2607 1665 2645 mamare
1687 2606 1778 2645 leyem
1800 2605 1885 2641 lamo,
1909 2604 2041 2636 (licendo.

1860 2657 1885 2679 li
