2304 3034
166 187 228 218 481

169 278 341 315 dederunt,
375 277 443 307 sive
476 280 561 306 recto
594 271 709 303 iudicio
745 270 888 307 adducti,
923 271 990 301 sive
1020 270 1119 302 illecti

168 320 396 360 superstitione
414 317 546 353 fuerint,
577 315 626 345 vel
648 314 700 354 pia
722 313 936 344 sollicitudine
960 314 1050 348 tacti,
1082 324 1120 343 ne

168 362 301 394 ecclesia
334 360 488 391 ministris
524 358 765 393 destitueretur,
799 366 948 395 erogasse
982 355 1120 386 decimas

168 405 208 436 ad
231 405 353 436 clerum
377 401 533 433 alendum.
576 399 659 430 Nam
683 398 782 428 libera
806 398 910 429 adhuc
934 398 1073 437 civitate,
1104 408 1121 427 a

168 447 293 488 populis
314 444 490 477 tributariis
508 453 560 473 eas
578 441 706 481 exigere
725 440 845 471 solebat
866 441 1011 480 populus.
1051 440 1121 471 Hoc

168 500 292 530 quoque
322 488 447 527 regibus
480 485 539 515 fuit
567 484 729 514 usitatum.
777 482 878 513 Siculi
909 483 996 513 enim
1031 489 1120 513 ante-

169 542 263 572 quam
297 530 362 561 illic
395 528 632 560 dominarentur
662 526 818 563 Romani,
847 525 987 555 decimas
1017 525 1119 556 solve—

168 575 254 606 bant.
302 571 390 603 Adde
422 570 502 610 quod
536 569 562 599 si
592 569 695 599 carior
722 573 791 598 erat
821 568 854 598 in
878 568 956 598 urbe
985 578 1119 598 annona.

169 617 285 647 alteras
308 614 444 644 decimas
466 610 643 650 imperabat
667 615 798 641 senatus
822 610 1004 649 provinciis.
1051 610 1120 640 Imo

169 657 419 690 vetustissimum
449 654 545 684 fuisse
573 663 693 683 morem
725 658 758 683 ut
792 663 884 692 reges
915 653 1120 691 decimarent,

168 700 330 740 colligitur
357 708 395 728 ex
426 697 440 726 1
470 696 522 726 lib.
555 694 715 726 Samuelis
739 695 780 735 (8,
815 695 882 736 15):
912 706 1010 735 quare
1039 695 1120 725 nihil

168 744 284 774 mirum
319 741 344 772 si
378 738 558 778 exemplum
595 737 674 768 illud
709 738 825 768 imitati
859 744 937 768 sunt
971 738 1120 768 Romani.

168 785 261 817 Unde
279 782 423 822 colligere
437 781 517 817 licet,
541 790 641 819 quum
655 780 776 811 vellent
788 780 1003 820 Imperatores
1016 785 1122 819 pasto-

168 828 255 858 ribus
277 825 426 856 alimenta
449 823 594 854 conferre
618 834 657 853 ex
680 822 816 862 publico,
852 822 991 853 decimas
1015 823 1122 862 potius
1148 846 1150 857 .

167 870 301 909 elegisse
319 877 410 906 quam
423 865 501 896 alios
515 865 645 902 reditus,
666 871 701 895 ut
715 866 819 895 Deum
840 866 1055 896 imitarentur.
1080 866 1123 895 Et

167 922 244 943 sane
267 909 368 941 adhuc
390 909 457 939 eius
480 908 525 938 rei
549 913 681 938 manent
704 907 858 947 quaedam
884 908 1028 947 vestigia.
1060 907 1122 938 Ne-

168 964 229 994 que
251 953 333 984 enim
357 951 472 990 ubique
495 950 693 981 sacerdotum
714 956 789 981 sunt
808 949 959 981 decimae.
984 951 1027 980 Et
1046 951 1123 981 satis
1149 953 1150 958 ¹

169 1002 278 1027 notum
305 998 368 1030 est,
403 994 516 1024 bonam
546 998 669 1032 partem
702 993 806 1023 vorari
837 1003 855 1023 a
888 993 1057 1023 monachis
1093 998 1125 1023 et

169 1037 340 1074 abbatibus,
372 1036 426 1075 qui
455 1040 564 1066 tamen
593 1035 669 1066 olim
700 1046 763 1066 non
795 1035 1010 1066 censebantur
1039 1036 1124 1066 inter

167 1081 305 1113 clericos.
348 1077 471 1109 Omitto
502 1077 584 1117 quod
620 1079 688 1117 agri
713 1077 842 1117 quidam
866 1078 1025 1108 immunes
1048 1082 1124 1109 sunt

167 1134 186 1154 a
207 1121 344 1154 decimis.
382 1120 445 1151 Sed
469 1131 521 1151 eas
544 1131 562 1150 a
586 1120 672 1151 laicis
695 1121 841 1160 occupari
866 1120 1024 1160 quomodo
1050 1132 1122 1161 pas-

168 1176 222 1197 sus
245 1164 355 1195 fuisset
378 1173 468 1202 papa,
492 1164 516 1193 si
540 1164 609 1193 iure
633 1163 741 1194 divino
760 1163 809 1203 (ut
823 1163 943 1193 insulse
963 1163 1123 1204 garriunt)

168 1218 256 1239 sacra
278 1206 392 1237 fuisset
414 1205 491 1236 cleri
516 1205 719 1236 haereditas?
745 1207 916 1236 (laeterum
943 1207 1015 1245 quia
1040 1207 1125 1236 inter

168 1249 293 1290 publiea
316 1248 485 1287 vectigalia
514 1253 545 1279 et
573 1248 693 1278 tributa
716 1248 935 1279 numerandae
966 1254 1042 1278 sunt
1074 1248 1126 1279 de-

166 1293 275 1329 cimae,
300 1301 352 1322 eas
376 1291 498 1321 solvere
521 1301 561 1321 ne
581 1296 730 1321 recusent
749 1291 866 1330 privati
884 1291 1039 1329 homines,
1063 1292 1123 1322 uisi

168 1334 331 1375 politicum
354 1334 500 1364 ordinem
524 1339 555 1364 et
585 1344 758 1373 regnorum
790 1338 909 1364 statum
934 1333 1124 1364 labefactare

166 1377 282 1408 velint:
315 1376 359 1416 pii
395 1380 501 1406 autem
536 1376 697 1416 principes
732 1387 841 1407 curam
867 1376 1044 1415 suscipiant
1074 1377 1125 1407 ab·

166 1430 243 1450 usus
266 1418 455 1458 corrigendi,
491 1429 529 1449 ne
552 1418 675 1449 reditus
699 1419 842 1458 publicos
865 1419 1015 1449 eeclesiae
1039 1419 1124 1450 dica-

165 1468 215 1493 tos
238 1462 437 1502 ingurgitent
460 1461 569 1501 ignavi
594 1468 732 1492 ventres.

251 1504 300 1535 20.
324 1503 390 1544 Eyo
409 1505 509 1543 portio
531 1507 592 1534 tua.
635 1503 720 1542 Quid
742 1503 801 1534 sibi
822 1504 900 1535 velit
923 1503 1002 1534 haec
1025 1504 1124 1543 parti-

165 1547 246 1584 cula,
270 1557 371 1586 nuper
394 1546 502 1577 docui:
528 1557 643 1585 nempe
665 1547 739 1586 quia
763 1546 801 1577 ab
821 1546 1019 1576 haereditate
1039 1557 1124 1577 eom-

166 1590 255 1620 muni
285 1589 406 1620 exclusi
436 1594 527 1619 erant
551 1589 701 1626 Levitae,
732 1588 837 1619 Deum
862 1589 945 1619 hane
968 1590 1124 1620 iacturam

165 1642 299 1672 pensare
318 1631 356 1662 de
375 1642 441 1663 suo.
461 1641 497 1661 ac
515 1632 540 1662 si
560 1642 600 1662 ex
612 1633 680 1662 eius
700 1642 797 1662 manu
818 1632 1013 1671 acciperent:
1034 1632 1124 1671 quasi

165 1674 301 1710 diceret,
335 1674 395 1705 sibi
432 1674 509 1704 satis
538 1674 661 1714 largam
692 1675 816 1713 copiam
845 1679 1032 1714 suppetere,
1063 1685 1125 1714 qua

165 1717 249 1757 ipsos
280 1721 476 1748 muneretur.
522 1716 652 1747 Interea
680 1716 833 1747 iubentur
862 1728 927 1747 uno
956 1718 1025 1756 ipso
1055 1728 1124 1748 esse

165 1760 315 1790 contenti.
372 1759 438 1790 Nec
472 1758 603 1790 dubium
638 1765 686 1789 est
718 1760 794 1799 quin
825 1759 864 1789 ad
898 1759 984 1790 hunc
1019 1760 1123 1791 locum

166 1801 287 1832 alludat
310 1801 433 1837 David,
470 1802 522 1832 ubi
553 1802 720 1839 exclamat,
758 1803 845 1832 Deus
868 1804 971 1842 portio
994 1813 1065 1832 mea
1094 1808 1125 1833 et

167 1844 346 1875 haereditas
370 1854 455 1874 mea:
487 1855 555 1875 sors
578 1845 657 1874 mihi
688 1844 853 1884 praeclare
883 1845 998 1876 cecidit
1026 1845 1123 1886 (Psal.

168 1887 217 1925 16,
238 1887 279 1928 5).
311 1886 480 1927 Significat
503 1888 587 1917 enim
612 1898 672 1917 non
698 1887 790 1917 modo
814 1888 919 1918 Deum
943 1887 1003 1918 sibi
1023 1888 1126 1927 pluris

167 1939 236 1960 esse
259 1940 354 1969 quam
377 1939 489 1960 omnes
513 1935 656 1960 terrenas
679 1940 763 1969 opes,
788 1929 843 1961 sed
867 1941 942 1969 prae
966 1931 1034 1970 ipso
1056 1941 1125 1961 sor-

167 1971 241 2002 dere
270 1972 423 2011 quidquid
454 1972 507 2002 alii
532 1972 730 2011 praeclarum
762 1978 793 2002 et
816 1973 957 2003 maxime
986 1973 1124 2012 optabile

165 2014 332 2045 ducebant.
384 2014 478 2045 Nunc
515 2014 642 2054 quando
677 2015 708 2045 in
744 2015 875 2046 Christo
910 2016 983 2046 facti
1014 2026 1124 2047 sumus

166 2066 276 2088 omnes
299 2057 487 2094 sacerdotes,
516 2058 594 2088 haec
617 2058 708 2088 nobis
732 2058 881 2097 imposita
903 2064 950 2088 est
974 2058 1124 2096 conditio,

167 2109 206 2129 ne
234 2099 327 2130 aliam
358 2106 475 2130 sortem
503 2104 699 2140 appetamus.
732 2100 803 2130 Non
828 2100 910 2139 quod
935 2101 1125 2140 simpliciter

168 2142 421 2173 renunciandum
462 2143 503 2173 sit
540 2143 678 2173 terrenis
717 2143 867 2174 omnibus
912 2143 1023 2177 benis.
1069 2144 1123 2174 sed

169 2184 243 2222 quia
274 2184 308 2215 in
341 2185 476 2216 solidum
511 2185 647 2216 felicitas
682 2191 793 2216 nostra
827 2186 871 2217 sic
908 2187 939 2216 111
975 2187 1044 2217 Deo
1079 2187 1122 2217 lo-

169 2225 269 2256 canda
291 2231 351 2264 est,
385 2234 420 2258 ut
452 2228 521 2267 ipso
551 2229 691 2259 contenti
724 2229 884 2268 patienter
914 2230 1052 2260 feramus
1076 2240 1121 2260 re-

170 2277 239 2297 rum
273 2269 415 2300 omnium
455 2271 608 2310 inopiam:
654 2271 706 2310 qui
749 2282 822 2301 vero
863 2271 982 2311 aliquid
1023 2272 1123 2312 possi-

170 2309 256 2347 dent,
277 2321 339 2341 non
362 2312 467 2343 minus
490 2313 585 2344 soluti
609 2313 673 2344 sint
698 2324 733 2344 ac
756 2313 907 2353 expediti,
932 2325 967 2345 ac
991 2314 1017 2344 si
1041 2314 1122 2345 nihil

169 2352 361 2391 possideant.

255 2394 388 2427 Levitic.
411 2397 460 2434 27,
483 2397 532 2429 30.
560 2398 671 2429 Omnes
688 2402 788 2430 autem
806 2399 946 2430 decimae.
972 2399 1033 2430 His
1054 2410 1123 2430 ver-

171 2435 218 2467 bis
241 2437 376 2484 ostendit
400 2439 501 2477 Deus,
530 2451 562 2471 se
594 2440 732 2472 decimas
763 2442 889 2472 Levitis
920 2441 1122 2482 assignando,

171 2488 299 2526 proprio
322 2490 389 2510 iure
412 2481 529 2519 cedere,
553 2484 626 2523 quia
649 2484 710 2515 sint
734 2484 825 2523 quasi
848 2484 955 2524 regale
976 2485 1123 2524 vectigal,

172 2525 266 2568 atque
288 2528 333 2552 lta
358 2523 569 2561 querimonias
593 2536 703 2558 omnes
729 2527 916 2566 compescit:
947 2528 1022 2567 quia
1045 2527 1122 2557 alie-

172 2573 227 2602 qu1
249 2564 430 2603 obstrepere
452 2571 599 2605 poterant
619 2569 700 2599 aliae
731 2570 847 2607 tribus,
878 2569 963 2600 ultra
993 2569 1123 2600 modum

170 2616 205 2636 se
224 2607 361 2645 gravari.
396 2607 582 2640 Sacerdotes
600 2611 699 2651 igitur
718 2617 879 2643 coactores
898 2613 1050 2652 praeficit,
1070 2613 1123 2652 qui

270 2656 379 2682 Caluini
393 2664 484 2689 opera.
523 2659 580 2685 Vol.
596 2659 671 2687 XXI
681 2662 708 2688 V.

858 178 1109 209 SECUNDUM
1133 178 1448 210 PRAECEPTUM.

2071 181 2135 212 482

1172 271 1272 310 ipsius
1302 272 1430 303 nomine
1465 272 1630 312 colligant:
1665 271 1749 311 quod
1785 272 1893 311 negari
1929 283 1993 302 non
2028 278 2133 311 potest

1173 314 1241 344 sine
1276 315 1374 353 impia
1410 319 1441 345 01
1477 315 1632 354 sacrilega
1665 314 1873 345 fraudatione.
1929 314 2023 353 Quod
2057 325 2133 345 vero

1174 356 1226 385 11111
1261 357 1396 395 pecunia
1434 357 1638 387 redimuntur
1678 356 1833 393 decimae,
1875 357 2019 396 quintam
2059 367 2134 396 par·

1174 404 1238 428 10111
1269 399 1483 429 aestimationi
1514 399 1582 429 vult
1610 399 1791 438 superaddi,
1827 409 1890 429 non
1913 410 1949 430 co
1973 399 2075 430 tendit
2098 403 2134 430 ut

1174 440 1309 471 Levitae
1333 452 1371 471 ex
1395 441 1497 472 alieno
1521 441 1636 472 damno
1660 442 1785 472 lucrum
1810 442 1942 472 faciant:
1974 442 2028 472 5011
2058 442 2134 481 quia

1174 488 1277 513 astute
1312 484 1449 522 aliquam
1485 484 1658 514 utilitatem
1691 483 1863 523 captabant
1891 494 2041 523 agrorum
2078 484 2133 514 do-

1174 525 1269 562 mini,
1306 525 1506 556 frumentum
1535 527 1567 556 in
1601 527 1771 566 pecuniam
1805 526 1975 556 mutando:
2011 526 2133 556 fraudi-

1175 568 1233 598 bus
1258 568 1451 605 occurritur‚
1482 580 1522 599 ne
1552 569 1626 608 quid
1657 580 1695 600 ex
1727 569 1868 608 captiosa
1899 569 2133 607 permutatione

1174 610 1298 640 Levitis
1334 610 1473 641 decedat.
1529 611 1651 642 Eadem
1688 612 1811 642 ratione
1847 611 1999 641 animalia
2034 612 2132 648 iubet,

1174 652 1409 691 qualiacunque
1432 658 1540 691 erunt,
1574 654 1735 691 decimari,
1766 663 1824 684 nec
1853 653 1990 693 pecunia
2019 653 2134 683 redimi

1175 695 1311 734 patitur,
1346 696 1498 734 quoniam
1522 697 1547 726 si
1572 696 1671 727 libera
1705 696 1817 727 fuisset
1847 696 1974 733 electio,
2008 696 2133 726 nullum

1176 748 1317 776 unquam
1352 738 1468 768 animal
1503 739 1621 778 pingue
1655 744 1711 769 aut
1741 744 1894 778 vegetum
1926 738 2065 768 venisset
2094 737 2134 768 ad

1176 780 1318 810 Levitas.
1352 780 1440 819 Ergo
1464 781 1523 810 hac
1546 781 1615 820 lege
1639 781 1814 812 remedium
1838 781 1991 811 avaritiae
2013 785 2045 811 et
2067 790 2134 810 sor—

1177 822 1270 852 dibus
1290 823 1349 852 fuit
1369 823 1557 853 adhibitum.
1583 823 1694 863 Neque
1707 823 1737 854 id
1750 824 1805 854 abs
1818 832 1867 854 re:
1888 823 1962 863 quia
1980 823 2007 853 si
2020 833 2134 854 verum

1176 872 1224 895 est
1236 864 1457 903 proverbium:
1477 865 1527 895 Ex
1549 865 1641 896 malis
1661 867 1802 897 moribus
1815 867 1905 896 nasci
1918 866 2016 896 bonas
2028 865 2132 905 leges:

1176 918 1301 938 summa
1332 908 1504 938 severitate
1533 909 1687 938 contineri
1717 910 1747 938 111
1781 909 1885 939 officio
1915 918 2044 939 necesse
2072 907 2134 938 fuit

1177 949 1254 980 adeo
1279 956 1422 980 tenacem
1447 956 1477 980 et
1500 950 1678 990 malignum
1703 951 1866 991 populum.
1890 951 1938 982 Ac
1961 956 2134 990 quantum-

1177 993 1224 1023 vis
1259 992 1369 1022 sedulo
1404 997 1532 1023 cautum
1568 1000 1650 1023 05501
1684 994 1826 1030 Levitis,
1862 994 1913 1024 vix
1943 997 2051 1023 tamen
2076 993 2136 1023 fuit

1177 1035 1278 1065 ullum
1303 1041 1429 1074 tempus
1451 1045 1513 1074 quo
1537 1045 1600 1065 non
1624 1037 1807 1073 esurierint,
1843 1046 1879 1066 ae
1901 1035 2064 1066 interdum
2088 1034 2136 1065 fa-

1177 1077 1281 1108 melici
1303 1077 1490 1108 oberrarint.
1536 1077 1605 1108 11110
1628 1089 1725 1117 01111111
1750 1078 1789 1109 ab
1812 1078 1924 1109 exsilio
1946 1078 2136 1116 babylonico

1177 1121 1298 1151 reversi
1329 1125 1451 1155 essent,
1489 1130 1550 1150 non
1588 1121 1661 1151 fecit
1693 1121 1776 1151 tanti
1806 1121 1951 1151 beneficii
1981 1120 2136 1151 memoria

1177 1163 1254 1202 quin
1280 1163 1366 1193 furto
1396 1162 1622 1193 subtraherent
1645 1167 1767 1201 partem
1801 1163 2013 1194 decimarum:
2043 1162 2137 1193 sicuti

1176 1205 1384 1244 conqueritur
1408 1204 1496 1236 Deus
1517 1205 1599 1244 apud
1624 1206 1817 1236 Malachiam
1841 1204 1882 1246 (3,
1903 1205 1943 1246 8).
1966 1205 2059 1236 Unde
2078 1215 2134 1244 ap-

1176 1253 1280 1287 paret,
1313 1258 1375 1278 non
1399 1248 1518 1278 frustra
1542 1254 1606 1278 tam
1634 1248 1800 1287 imperiose
1824 1249 1864 1279 ad
1888 1259 1940 1279 eas
1964 1247 2134 1279 solvendas

1177 1291 1273 1321 fuisse
1293 1296 1426 1321 coactos.

1262 1334 1393 1363 Denter.
1410 1333 1518 1369 1422.
1539 1333 1727 1364 Doeanmzdo
1738 1332 1910 1363 decimabis.
1931 1331 2136 1363 Generaliter

1178 1376 1293 1415 repetit
1316 1376 1420 1416 legem
1445 1381 1518 1406 ante
1542 1379 1694 1414 positam,
1724 1375 1775 1405 ubi
1800 1376 1867 1406 1.)οο
1898 1374 2044 1405 vendicat
2067 1385 2135 1404 om-

1178 1419 1266 1449 nium
1301 1418 1430 1458 frugum
1465 1417 1613 1449 decimas.
1670 1418 1795 1456 Quibus
1828 1422 1932 1448 autem
1964 1416 2135 1447 solvendae

1178 1461 1257 1498 sint,
1289 1471 1352 1491 non
1377 1461 1485 1491 statim
1510 1461 1676 1499 exprimit:
1709 1460 1763 1490 sed
1793 1459 1947 1499 quaedam
1971 1459 2137 1490 interserit

1179 1504 1217 1534 dc
1241 1503 1311 1534 aliis
1335 1503 1556 1539 oblationibus,
1580 1514 1659 1543 quae
1678 1503 1752 1533 alibi
1772 1502 1911 1542 exposui.
1941 1501 2058 1533 Verum
2078 1501 2136 1532 ali—

1179 1552 1298 1585 quanto
1322 1552 1391 1586 post
1416 1557 1510 1577 versu
1537 1546 1575 1576 27
1604 1546 1733 1576 Levitas
1755 1546 1990 1580 commendans,
2019 1555 2072 1575 eas
2096 1544 2136 1574 ad

1180 1599 1292 1620 verum
1316 1599 1410 1619 suum
1435 1599 1528 1619 11511111
1559 1588 1784 1619 accommodat.
1830 1588 2001 1626 Significat
2028 1593 2135 1618 autem

1178 1632 1322 1663 crudeles
1341 1632 1416 1668 fore,
1436 1631 1463 1662 si
1483 1642 1536 1662 eas
1556 1632 1681 1661 Levitis
1702 1631 1862 1661 furentur:
1882 1630 2040 1670 malignos
2060 1639 2136 1660 vero

1178 1680 1210 1705 et
1230 1675 1366 1705 iniustos
1389 1675 1415 1705 si
1438 1684 1532 1714 aegre
1556 1674 1618 1703 illis
1637 1674 1774 1704 decimas
1793 1673 1927 1708 solvant,
1952 1682 2032 1712 quae
2050 1672 2136 1712 ipso-

1178 1728 1248 1747 rum
1273 1722 1347 1748 sunt
1371 1717 1439 1747 iure
1462 1716 1690 1747 haereditario:
1714 1715 1839 1755 quando
1862 1715 1964 1746 tribus
1986 1714 2042 1745 illa
2064 1717 2136 1745 fun-

1178 1760 1233 1790 1105
1258 1760 1363 1790 11111105
1386 1759 1536 1799 possidet.

1263 1802 1311 1833 28.
1339 1803 1367 1833 T
1366 1803 1440 1833 emo
1463 1805 1563 1833 autem
1585 1811 1672 1832 mmo.
1707 1800 1891 1836 Falluntur,
1914 1809 1985 1830 11100
2008 1799 2135 1837 iudicio,

1177 1847 1229 1884 qui
1255 1845 1349 1876 aliam
1374 1844 1567 1875 decimarum
1600 1844 1735 1883 speeiem
1767 1843 1869 1874 notari
1900 1848 2023 1881 putant.
2072 1843 2136 1873 Po-

1178 1888 1241 1919 tius
1272 1888 1357 1918 enim
1382 1888 1535 1918 correctio
1559 1892 1614 1923 cst,
1650 1886 1699 1917 vel
1724 1886 1945 1925 interpretatio
1968 1885 2064 1925 legis,
2095 1895 2136 1915 ne

1177 1931 1235 1961 soli
1259 1929 1438 1961 sacerdotes
1462 1940 1497 1960 ac
1520 1930 1655 1960 Levitae
1686 1929 1824 1960 decimas
1854 1938 1964 1958 omnes
1988 1927 2135 1958 absume-

1178 1979 1265 2008 rent,
1295 1973 1350 2003 sed
1381 1983 1455 2012 pars
1483 1972 1609 2003 cederet
1639 1971 1678 2001 ad
1708 1970 1858 2002 levandos
1896 1980 2067 2014 pauperes,
2102 1975 2135 2001 et

1178 2016 1373 2055 peregrinos,
1397 2020 1429 2046 et
1452 2015 1572 2046 viduas.
1597 2014 1668 2053 Quo
1691 2024 1741 2045 res
1760 2013 1873 2044 molius
1892 2017 2008 2052 pateat,
2032 2012 2135 2052 primo

1178 2058 1355 2089 notandum
1391 2064 1446 2095 est,
1477 2068 1539 2088 nou
1574 2057 1704 2088 tertium
1737 2066 1894 2096 quemque
1928 2065 2048 2086 annum
2083 2055 2135 2087 hic

1178 2101 1359 2141 praescribi,
1383 2101 1437 2131 sed
1462 2100 1623 2131 numerari
1642 2110 1660 2130 a
1679 2098 1841 2130 sabbatho.
1873 2097 1960 2128 Alibi
1983 2098 2068 2128 enim
2088 2099 2135 2129 vi-

1178 2144 1324 2174 debimus
1347 2143 1481 2183 septime
1504 2153 1629 2182 quoque
1652 2152 1736 2172 anno
1759 2146 1878 2172 terram
1901 2140 2067 2180 quievisse,
2099 2145 2136 2171 ut

1178 2197 1281 2226 neque
1294 2189 1447 2224 sererent,
1467 2196 1568 2225 neque
1580 2189 1745 2215 meterent.
1776 2184 1864 2224 Ergo
1878 2188 1948 2222 post
1961 2183 2041 2213 duas
2054 2193 2135 2214 mes-

1177 2240 1226 2260 ses
1260 2234 1414 2268 peractas,
1447 2228 1588 2259 decimae
1622 2227 1697 2257 anni
1731 2226 1817 2257 tertii
1850 2236 1911 2256 non
1944 2226 2135 2256 Levitarum

1177 2271 1339 2312 propriae,
1376 2270 1432 2302 sed
1464 2271 1556 2302 simul
1592 2279 1778 2301 communes
1808 2272 1902 2298 erant
1929 2268 2135 2308 pauperibus,

1177 2314 1317 2354 pupillis,
1341 2318 1372 2345 et
1395 2314 1500 2344 viduis
1523 2318 1552 2343 et
1576 2312 1764 2352 peregrinis.
1790 2311 1828 2341 Id
1847 2321 1886 2341 ex
1906 2311 2135 2351 supputatione

1176 2368 1333 2388 annorum
1367 2357 1516 2396 colligere
1550 2359 1731 2394 promptum
1766 2359 1822 2384 est.
1885 2353 2014 2393 Alioqui
2048 2355 2135 2384 enim

1177 2400 1290 2430 tertius
1314 2410 1418 2430 annus
1440 2408 1532 2438 saepe
1555 2397 1720 2428 incidisset
1741 2397 1773 2426 in
1797 2395 2046 2433 sabbaffiarium,
2071 2407 2133 2436 quo

1176 2443 1320 2473 cessabat
1342 2442 1447 2472 omnis
1469 2451 1616 2480 agrorum
1641 2440 1775 2470 cultura.
1811 2439 1911 2469 Porro
1933 2449 2059 2469 summa
2082 2450 2135 2470 ae-

1176 2485 1297 2525 quitate
1321 2484 1351 2514 id
1376 2488 1589 2523 temperatum
1614 2483 1686 2518 fuit,
1722 2486 1756 2512 ut
1779 2481 1959 2512 sacerdotes
1982 2487 2013 2511 et
2036 2482 2134 2512 Levi-

1178 2533 1228 2558 tae
1252 2528 1315 2558 iam
1340 2526 1463 2557 duobus
1486 2526 1579 2556 annis
1602 2524 1704 2560 ditati,
1728 2523 1936 2555 admitterent
1950 2524 1985 2554 in
2009 2529 2134 2564 partem

1176 2580 1294 2610 egenos
1318 2570 1431 2600 fratres
1453 2573 1484 2599 et
1507 2568 1699 2608 peregrines.
1745 2567 1796 2597 Ita
1825 2577 1864 2597 ex
1899 2566 2001 2597 nimia
2023 2577 2134 2597 eorum

1176 2612 1374 2644 abundantia
1397 2611 1516 2651 aliquid
1540 2610 1759 2647 minuebatur,
1789 2620 1828 2640 ne
1851 2619 1885 2640 sc
1915 2609 1948 2640 in
1972 2610 2134 2640 luxuriam

1896 2660 1926 2685 31
