2304 3034
208 195 270 227 583

206 288 351 321 sabbathi
375 285 704 321 commendationem,
740 284 888 324 quamvis
919 282 1101 314 membrum
1132 284 1173 315 sit

206 331 365 364 secundae
385 328 519 359 tabulae.
554 328 598 358 Et
624 328 743 358 scimus
762 327 875 357 rudem
900 326 993 356 illum
1017 327 1172 366 populum

207 374 309 405 modis
339 371 487 402 omnibus
518 369 725 400 alliciendum
749 370 863 407 fuisse,
886 374 921 399 ut
946 368 1095 400 alacriter
1119 369 1170 400 de·
1198 394 1200 411 ,

208 417 309 447 bitum
336 415 403 444 Deo
433 413 556 444 cultum
590 418 778 452 praestaret.
825 411 962 443 Summa
988 411 1088 452 igitur
1117 416 1174 450 est,

210 468 273 488 non
304 456 397 486 modo
427 460 581 486 testatam
611 466 645 486 se
675 455 816 486 facturos
844 465 937 485 suam
967 464 1045 494 erga
1069 454 1173 485 Deum

209 501 372 548 pietatem,
397 498 452 529 sed
476 498 682 529 clementiam
705 508 782 538 erga
805 508 926 528 servos.
961 496 1074 527 Herile
1097 508 1174 528 vero

210 542 380 589 imperium
399 540 602 572 mediocriter
621 540 660 571 ab
679 524 760 571 miss
765 539 982 571 exercendum
1006 550 1075 570 esse
1099 546 1174 571 ante

209 584 309 620 docui,
333 584 359 615 si
383 594 543 614 memores
565 588 675 614 essent
697 583 849 622 antiquie
868 582 1076 614 conditionis:
1101 583 1175 622 quia

210 627 271 667 ipsi
295 637 420 666 quoque
443 626 476 656 in
502 628 652 666 Aegypto
683 626 874 657 servierant.
921 624 956 657 Si
985 625 1055 665 quis
1084 629 1174 665 putet

208 670 366 700 rationem
390 679 452 700 non
477 669 651 708 quadrare,
679 669 754 708 quia
784 668 848 700 illic
877 668 1021 708 oppressi
1046 668 1175 699 fuerant

210 712 344 742 immani
376 718 407 741 et
438 711 507 742 dira
536 711 727 752 tyrannide:
761 712 926 751 responsio
956 711 990 741 iu
1022 716 1172 750 promptu

209 760 267 792 est,
292 766 332 785 ex
355 755 484 794 proprio
507 765 603 785 sensu
623 754 764 794 potuisse
785 754 900 785 melius
919 758 1060 784 statuere
1079 764 1173 793 quam
1198 769 1200 779 ‹

1199 795 1200 812 l
1227 802 1320 828 terna
1343 798 1411 828 eius
1434 797 1626 832 observatio,
1651 802 1820 827 aeternum
1843 802 1953 827 manet
1975 797 2043 836 ipso
2067 797 2191 836 effectu,

212 797 399 829 detestanda
423 804 455 827 et
478 797 690 828 intolerabilis
713 801 797 828 esset
820 796 964 827 saevitia.

296 839 400 870 Exodi
413 839 462 876 31,
478 839 526 870 13.
546 839 589 870 Et
606 842 640 870 tu
652 840 804 879 alloquere
820 839 902 878 filios
916 838 1027 870 Israel.
1051 838 1174 870 Eadem

211 892 292 922 quae
315 882 406 922 prius
429 882 581 919 inculcat,
607 882 724 913 additis
748 881 936 922 quibusdam
963 881 1034 912 aliis
1059 881 1174 919 verbis,

209 925 302 965 quale
326 931 373 956 est
396 924 499 956 istud:
526 924 689 956 Sanctitas
711 925 773 956 erit
796 925 902 956 vobis:
926 935 989 965 qua
1009 934 1084 956 voce
1104 925 1176 955 hor-

208 973 296 998 tatur
319 972 354 998 ut
378 968 475 998 ritum
505 967 592 999 hunc
622 975 775 1008 tanquam
803 973 1046 999 sacrosanctum
1070 972 1103 998 et
1125 969 1174 998 in-

208 1009 393 1041 violabilem
417 1010 554 1041 sollicite
577 1010 760 1049 observent,
784 1011 859 1050 quia
882 1011 915 1040 in
940 1010 1008 1041 eius
1028 1010 1175 1050 neglectu

207 1052 389 1084 concideret
419 1053 541 1094 religio.
586 1054 631 1084 Et
659 1053 730 1084 ideo
760 1053 928 1093 capitalem
960 1063 1097 1093 poenam
1122 1053 1175 1084 de-

207 1096 340 1126 nunciat
364 1096 391 1126 si
414 1096 485 1135 quis
509 1106 589 1136 opus
612 1096 666 1127 illo
690 1096 741 1127 die
764 1096 885 1128 fecerit.
931 1095 1026 1127 Unde
1056 1096 1174 1127 iterum

206 1138 368 1179 colligitur
401 1139 550 1178 mysterii
585 1138 728 1179 dignitas
763 1144 793 1170 et
824 1139 1040 1179 praestantia,
1076 1149 1172 1178 quum

206 1181 358 1212 delictum
383 1181 416 1211 in
440 1181 579 1221 speciem
603 1182 674 1212 leve
698 1182 787 1213 Deus
810 1186 914 1212 morte
941 1181 1076 1222 dignum
1100 1192 1174 1213 cen—

205 1224 315 1254 suerit
362 1224 498 1254 Minime
521 1229 629 1255 autem
653 1225 848 1256 excusabilis
872 1225 933 1255 fuit
960 1228 1173 1264 contemptus,

205 1267 295 1306 quasi
331 1277 369 1297 ex
400 1266 545 1306 professo
575 1267 783 1307 pessumdare
813 1267 896 1308 quod
928 1268 1018 1298 Deus
1049 1267 1175 1299 volebat

206 1314 316 1340 notam
336 1320 405 1340 esse
424 1308 620 1341 discriminis
640 1311 725 1341 inter
748 1310 904 1350 populum
928 1321 1022 1341 suum
1047 1315 1077 1341 et
1101 1321 1174 1350 pro-

205 1352 296 1383 fanas
318 1360 441 1392 gentes.
483 1352 606 1383 Eodem
638 1353 775 1384 tendunt
805 1354 860 1393 qui
891 1358 1072 1402 sequuntur
1102 1353 1173 1391 loci,

205 1406 340 1434 quorum
375 1406 578 1435 supervacua
607 1402 693 1427 esset
725 1397 890 1436 repetitio,
920 1396 981 1426 nisi
1012 1396 1086 1436 quia
1115 1396 1175 1427 hoc

204 1437 299 1468 modo
333 1437 519 1469 admonitus
553 1438 616 1469 fuit
649 1439 786 1479 populus
820 1449 886 1470 rem
930 1449 999 1470 esse
1040 1439 1174 1470 maximi

205 1480 365 1520 ponderis.
423 1483 471 1512 Ac
507 1481 648 1512 vetando
682 1483 790 1522 ignem
825 1481 1014 1518 accendere,
1049 1482 1174 1513 cavillis

204 1523 355 1554 omnibus
374 1524 522 1561 occurrit,
545 1535 681 1564 quorum
695 1525 832 1556 fuissent
851 1525 928 1556 satis
941 1525 1081 1565 prompti
1102 1525 1176 1556 arti-

205 1566 295 1596 fices:
322 1572 496 1607 negassent
519 1568 606 1598 enim
630 1568 656 1598 si
680 1568 784 1608 pridie
808 1568 953 1608 apposita
977 1568 1090 1598 fuisset
1112 1567 1174 1598 olla

205 1608 245 1638 ad
269 1609 390 1646 focum,
421 1610 534 1640 violari
559 1609 754 1641 sabbathum
785 1611 859 1651 igne
891 1621 1034 1642 accenso.
1078 1610 1174 1650 Quod

205 1662 281 1691 ergo
305 1662 381 1691 prae
405 1652 477 1683 aliis
501 1653 669 1684 tolerabile
692 1654 815 1691 fuisset,
840 1653 983 1685 excludit
1002 1653 1110 1691 Deus,
1134 1664 1174 1685 ne

205 1694 295 1725 sein
326 1695 414 1726 victu
444 1695 589 1735 parando
618 1700 789 1736 occupent,
825 1697 875 1727 vel
905 1695 993 1727 aliud
1021 1700 1175 1727 terrestre

205 1747 287 1776 opus
306 1738 484 1777 suscipiant
503 1739 715 1778 quantumvis
735 1738 919 1771 favorabile.
953 1739 1047 1778 Quod
1067 1744 1174 1770 autem

206 1786 338 1819 pactum
353 1781 481 1819 saeculi,
501 1781 553 1811 vel
573 1786 743 1813 aeternum
762 1787 865 1819 vocat,
886 1782 960 1813 inde
980 1782 1175 1823 pertinaciae

202 1823 371 1853 materiam
402 1824 566 1864 arripiunt
597 1825 727 1863 Iudaei,
758 1829 791 1856 et
820 1825 854 1856 in
883 1825 1052 1857 Christum
1083 1826 1173 1864 quasi

202 1865 415 1906 foedifragum
451 1872 604 1906 proterve
635 1867 835 1899 bacchantur
864 1868 947 1908 quod
979 1868 1171 1908 sabbathum

202 1908 419 1949 abrogaverit.

916 189 1143 229 QUARTUM
1167 189 1482 222 PRAEGEPTUM.

465 1909 539 1941 Non
562 1910 696 1951 litigabo
720 1921 792 1943 cum
814 1911 892 1951 ipsis
916 1911 954 1942 de
979 1922 1055 1942 voce
1086 1910 1171 1948 Uibu),
1198 1925 1199 1946 1

2131 190 2195 223 584

1197 286 1199 293 ¹
1225 295 1306 324 quae
1331 284 1448 324 ubique
1471 284 1718 325 perpetuitatem
1742 293 1807 314 non
1835 287 1943 321 sonat,
1974 283 2029 315 sed
2059 284 2192 325 longum

1226 333 1369 368 tempus,
1398 328 1431 358 in
1456 339 1490 358 re
1513 328 1582 367 ipsa
1605 327 1794 366 simpliciter
1822 326 1980 358 insistam.
2026 325 2192 368 Quidquid

1226 369 1285 401 sub
1309 370 1379 410 lege
1403 370 1524 401 dictum
1549 370 1612 400 fuit
1635 374 1821 406 aeternum,
1852 368 1922 400 dico
1949 369 2128 409 respexisse
2151 369 2192 401 ad

1226 413 1404 443 novitatem
1446 424 1525 452 quae
1561 412 1683 443 Christi
1721 411 1864 442 adventu
1904 412 2057 452 contigit:
2097 417 2193 452 atque

1226 455 1305 486 adeo
1339 456 1419 496 legis
1452 455 1625 486 aeternitas
1659 464 1722 484 non
1759 454 1885 494 longius
1918 454 2047 485 extendi
2082 454 2192 486 debuit

1226 508 1322 538 quam
1358 498 1397 529 ad
1421 497 1656 539 plenitudinem
1681 497 1847 537 temporis,
1878 507 1939 537 quo
1963 497 2107 529 exhibita
2130 498 2192 529 fuit

1226 540 1413 572 umbrarum
1445 541 1580 578 veritas,
1611 546 1640 571 ct
1672 539 1733 570 Dei
1764 539 1875 571 foedus
1905 549 2022 571 novam
2054 540 2191 571 formam

1226 583 1341 615 induit.
1389 583 1424 615 Si
1448 584 1665 615 vociferentur
1688 582 1817 621 Iudaei,
1840 586 2031 623 perpetuum
2054 589 2087 614 et
2110 589 2191 614 tem-

1227 626 1336 666 porale
1357 636 1426 657 esse
1449 626 1627 662 centraria,
1659 625 1844 665 negandum
1869 632 1916 656 est
1940 625 2118 657 secundum
2143 626 2190 657 di-

1227 679 1336 700 versos
1356 675 1529 709 respectus,
1550 669 1622 708 quia
1642 676 1728 699 certe
1747 667 1831 707 quod
1851 669 2015 708 proprium
2033 674 2083 701 est
2101 669 2191 709 legis,

1199 714 1201 717 '
1226 711 1337 751 vigere
1361 722 1425 742 non
1456 711 1566 742 debuit
1594 711 1656 741 nisi
1687 721 1788 750 usque
1811 711 1849 741 ad
1874 710 2051 743 Christum.
2097 711 2191 743 Adde

1227 754 1309 794 quod
1334 754 1536 792 sabbathum,
1556 754 1703 794 quamvis
1723 753 1818 784 hodie
1841 754 1872 784 in
1896 764 1957 784 usu
1981 765 2044 784 non
2069 754 2110 785 sit
2134 764 2190 785 ex-

1227 840 1309 871 sicut
1339 840 1547 871 circumcisio.
1592 839 1707 879 Itaque
1736 838 1944 879 abrogatione
1974 840 2093 879 optime
2116 850 2191 871 san-

1227 883 1290 913 cita
1308 883 1369 913 fuit
1393 883 1559 922 utriusque
1586 882 1764 913 stabilitas:
1789 881 1863 921 quia
1886 882 1913 913 si
1937 882 2030 913 hodie
2053 892 2071 912 a
2095 881 2192 914 Chri-

1226 926 1338 956 stianis
1362 925 1445 956 idem
1470 926 1615 965 exigeret
1640 925 1737 961 Deus,
1762 924 1872 955 velum
1896 930 2071 965 opponeret
2094 924 2192 956 morti

1227 973 1257 998 et
1281 968 1509 999 resurrectioni
1534 968 1591 999 filii
1616 967 1674 998 sui.
1722 968 1765 998 Et
1789 967 1901 998 Iudaei
1928 978 1991 1007 quo
2014 968 2117 1008 magis
2141 978 2192 999 se-

1227 1010 1301 1041 dulo
1324 1011 1514 1042 incumbunt
1537 1010 1576 1041 ad
1600 1010 1795 1041 servandum
1816 1010 1899 1041 diem
1920 1011 2046 1047 festum,
2071 1021 2107 1042 eo
2126 1021 2193 1042 ma-

1226 1054 1275 1094 gis
1299 1053 1453 1094 derogant
1478 1054 1545 1084 eius
1568 1053 1741 1084 sanctitati.
1777 1053 1843 1084 Nos
1868 1063 1943 1084 vero
1966 1053 2047 1084 falsa
2069 1053 2192 1084 invidia

1227 1101 1376 1137 gravant,
1401 1106 1437 1127 ac
1460 1097 1486 1126 si
1509 1096 1734 1127 contumeliosi
1759 1106 1902 1126 essemus
1925 1096 1957 1126 in
1982 1095 2192 1128 sabbathum:

1226 1139 1299 1178 quia
1323 1138 1402 1169 nihil
1426 1144 1473 1169 est
1497 1138 1581 1179 quod
1604 1150 1671 1170 rem
1696 1139 1798 1178 ipsam
1822 1142 1855 1169 et
1885 1138 2100 1170 substantiam
2125 1149 2193 1170 me-

1227 1181 1288 1212 lius
1322 1182 1490 1213 confirmet
1524 1192 1620 1222 quam
1657 1181 1788 1212 abolitio
1818 1182 1944 1212 externi
1979 1192 2065 1213 usus.
2116 1182 2192 1214 Huc

1227 1225 1323 1255 etiam
1348 1224 1589 1256 accommodent
1616 1224 1751 1256 lectores
1782 1235 1863 1264 quae
1892 1224 2006 1264 scripsi
2037 1225 2071 1255 in
2095 1231 2193 1264 caput

1228 1267 1276 1298 17.
1301 1267 1447 1305 Genesis,
1472 1278 1512 1298 ne
1536 1268 1654 1298 frustra
1676 1277 1750 1298 cum
1774 1277 1884 1298 eorum
1908 1267 2012 1298 taedio
2036 1267 2193 1307 prolixior

1227 1310 1303 1341 sim:
1328 1314 1358 1340 et
1382 1310 1415 1340 in
1439 1310 1602 1341 sacrificiis
1626 1310 1804 1341 tractandis
1823 1309 1975 1340 nonnihil
1994 1310 2087 1350 attigi
2107 1309 2192 1350 quod

1227 1353 1266 1383 ad
1296 1352 1430 1383 eandem
1460 1353 1638 1384 doctrinam
1663 1353 1843 1384 conveniet.
1891 1352 1985 1391 Quod
2009 1352 2116 1383 Exodi
2140 1353 2191 1384 34.

1227 1395 1344 1426 diserte
1366 1395 1476 1426 feriari
1501 1395 1589 1426 iubet
1602 1396 1691 1426 Deus
1709 1396 1743 1426 in
1763 1395 1908 1426 aratione
1932 1402 1964 1426 et
1986 1406 2102 1433 messe,
2127 1406 2192 1428 non

1226 1438 1359 1479 perinde
1382 1444 1430 1469 est
1454 1448 1489 1469 ac
1513 1439 1538 1469 si
1563 1439 1710 1469 fraenum
1734 1438 1859 1469 laxaret
1882 1439 1914 1468 in
1934 1438 2093 1478 reliquum
2114 1439 2191 1470 anni

1227 1486 1369 1522 tempus:
1395 1481 1450 1512 sed
1476 1482 1638 1512 vinculum
1663 1482 1766 1521 magis
1789 1481 1980 1521 adstringit,
2006 1481 2080 1521 quia
2102 1481 2193 1512 nulla

1227 1524 1401 1555 necessitas
1425 1534 1548 1555 sacram
1574 1524 1655 1555 hane
1679 1524 1934 1555 observationem
1953 1523 2193 1565 interrumpere

1228 1567 1348 1598 debeat.
1389 1566 1502 1597 Videri
1529 1567 1646 1606 alioqui
1674 1571 1800 1606 poterat
1820 1567 1975 1598 honestus
1995 1571 2193 1606 praetextus,

1228 1611 1254 1641 si
1279 1609 1317 1640 ob
1341 1609 1512 1640 continuas
1535 1609 1674 1649 pluvias,
1704 1614 1760 1640 aut
1788 1609 1851 1640 alia
1882 1610 1962 1641 coeli
1989 1609 2192 1642 incommoda

1228 1652 1369 1684 difficilis
1392 1657 1476 1683 esset
1498 1653 1615 1691 aratio,
1644 1652 1815 1683 solvendos
1838 1663 1908 1684 esse
1930 1652 2001 1692 lege
2025 1652 2192 1693 agricolas,

1228 1706 1268 1726 nc
1308 1695 1442 1726 cessatio
1476 1695 1680 1726 sterilitatem
1713 1694 1897 1726 adduceret.
1953 1695 2045 1726 Idem
2079 1695 2192 1727 fuisset

1227 1738 1381 1769 iudicium
1408 1738 1441 1769 in
1471 1737 1653 1777 colligenda
1675 1742 1802 1778 segete,
1826 1748 1867 1768 ne
1890 1738 1924 1768 in
1948 1748 2025 1778 agro
2048 1748 2194 1769 corrum-

1226 1786 1366 1821 peretur.
1420 1780 1521 1820 Atqui
1549 1780 1640 1811 Deus
1674 1781 1795 1811 nullam
1831 1780 2106 1820 dispensationem
2137 1781 2194 1812 ad-

1226 1824 1332 1862 mittit,
1357 1823 1435 1863 quin
1459 1823 1526 1854 dies
1549 1823 1706 1863 septimus
1729 1828 1878 1855 servetur
1896 1824 1993 1855 etiam
2014 1833 2087 1855 cum
2111 1824 2196 1864 peri-

1225 1866 1297 1898 culo
1321 1866 1500 1897 communis
1523 1866 1674 1897 iacturae.

638 2251 972 2289 APPENDICES
996 2252 1072 2287 AD
1098 2249 1363 2296 QUARTUM
1387 2250 1762 2287 PRAECEPTUM.

494 2374 558 2406 EX
581 2375 731 2407 EXODI
754 2376 887 2408 XXIII.

293 2459 341 2490 10.
364 2459 425 2490 Sea:
454 2461 548 2491 annis
576 2471 658 2492 seres
681 2465 796 2492 terram
819 2464 903 2493 tuam
926 2466 952 2494 et
979 2462 1172 2502 conqreyabis

202 2502 324 2539 fractus
346 2503 429 2533 eius:
475 2504 523 2534 11.
548 2503 642 2535 Anno
671 2507 771 2535 autem
801 2506 928 2544 septimo
954 2506 1071 2537 omittes
1097 2515 1172 2542 eam,

205 2546 230 2571 rt
252 2545 403 2582 quiescere
425 2546 517 2582 sines
541 2549 574 2577 ut
597 2547 752 2577 comedant
769 2558 923 2587 pauperes
940 2548 1051 2588 popula
1068 2548 1123 2584 tut
1148 2549 1174 2577 et

203 2587 365 2657 1ἱςὶ111ι11111
388 2589 544 2620 comedant
567 2590 678 2621 bestiae
699 2591 778 2630 aqri.
826 2590 877 2621 Ita
901 2591 999 2630 facies
1020 2591 1126 2622 vineae
1147 2592 1174 2620 et

203 2640 218 2657 o
235 2632 306 2659 creto
329 2632 386 2660 tao.

1524 2375 1587 2407 EX
1611 2375 1760 2407 LEVIT.
1785 2375 1895 2407 XXV.

1313 2461 1339 2491 1.
1361 2460 1520 2499 [0911111111-
1541 2463 1583 2491 est
1607 2460 1716 2492 lehova
1737 2461 1779 2492 ad
1798 2461 1903 2493 Mosen
1922 2463 1956 2494 111
1974 2466 2070 2495 monte
2091 2463 2192 2503 Sinai,

1226 2504 1366 2535 dicendo:
1403 2503 1431 2534 2.
1456 2503 1620 2542 Alloqucrc
1636 2503 1719 2542 filios
1739 2505 1848 2540 lsrael,
1869 2508 1895 2535 et
1913 2506 1963 2536 dic
1981 2506 2064 2537 illis.-
2091 2507 2192 2546 Quum

1225 2546 1372 2577 veneritis
1400 2547 1434 2577 111
1462 2549 1576 2577 terram
1608 2557 1701 2585 quam
1734 2557 1785 2587 eqo
1814 2548 1851 2578 (Io
1873 2548 1972 2586 vobis,
2005 2549 2192 2580 sabbathizet

1226 2591 1309 2620 terra
1332 2589 1428 2627 qzcz'olc
1453 2588 1588 2620 Iehome
1634 2590 1661 2619 3.
1690 2589 1751 2620 Ser
1774 2591 1867 2621 (mznis
1889 2591 2057 2623 seminabis
2080 2602 2192 2632 ayrum

1226 2634 1320 2668 tuum
1345 2634 1371 2662 et
1393 2642 1447 2662 sex
1469 2631 1561 2662 amnis
1577 2632 1703 2671 putabis
1725 2633 1846 2664 tineam
1872 2636 1973 2672 tuam
2003 2637 2030 2665 et
2056 2634 2192 2674 fructum
