2304 3034
186 189 248 220 679

487 279 550 311 EX
575 278 723 309 EXODI
747 277 862 308 XXII.

276 368 356 409 25¹)
392 366 427 397 Si
456 365 622 405 pecuniam
656 366 794 394 mutuam
817 362 940 393 dederis
961 361 1075 401 populo
1097 372 1162 394 meo

191 412 327 453 pauperi
356 410 409 449 (sni
441 411 484 439 est
511 411 617 442 lecum,
648 416 707 437 ‘non
735 406 798 437 eris
827 406 855 436 ei
878 405 957 436 sicut
978 405 1163 437 usurarius:

195 465 253 486 non
277 453 436 492 imponetis
458 451 486 481 ei
508 460 648 481 uszwam.

483 629 548 660 EX
572 628 723 660 LEVIT.
747 627 861 659 XXV.

276 717 325 748 35.
349 715 386 746 Si
401 717 578 747 attenuatas
593 714 690 754 fuerit
711 714 810 754 frater
827 716 910 750 tuus,
930 715 956 744 et
972 712 1163 745 vacillaverit

191 771 304 791 manus
332 760 400 790 eius
428 758 513 797 (ιμιᾱ
542 760 583 797 le,
614 757 723 796 fulcies
734 756 759 798 ²)
776 778 778 782 ,
793 756 896 787 illum:
912 756 1114 796 pereyrioizcm
1137 759 1163 788 et

192 804 360 834 advenum.-
390 805 416 832 et
445 802 522 832 viret
555 803 659 832 tecum.
705 800 756 831 36.
783 800 855 830 Non
877 800 1010 838 accipies
1033 809 1163 830 usuram

189 846 227 877 ab
251 857 282 877 eo
304 849 331 877 et
353 847 548 884 augimentum
571 844 623 874 sed
646 843 765 874 timebis
777 842 882 874 Deum
904 845 1006 873 tuum:
1028 843 1163 882 vivetque

187 890 287 929 frater
309 888 393 927 apud
410 890 445 918 te.
492 886 543 917 37.
570 886 739 916 Pecuniam
769 889 855 916 tuam
877 896 935 916 nou
959 884 1048 916 dabis
1071 885 1099 916 ez'
1121 885 1163 916 ad

191 942 330 966 usuram,
351 940 404 961 nec
422 940 491 960 eum
511 932 669 969 auymento
687 929 777 959 dabis
795 938 894 959 eseam
911 930 1006 959 tuam.
1031 927 1081 959 38.
1095 927 1162 968 Eyo

192 975 306 1005 Ielzora
336 973 424 1005 Deus
452 975 548 1003 vester
578 972 632 1011 quc?
665 972 757 1003 eduxi
780 981 832 1002 vos
854 971 890 1002 de
914 974 998 1002 terra
1020 971 1162 1011 Aeyyptz,

188 1021 221 1047 ut
248 1018 355 1048 darem
386 1016 469 1047 vobis
498 1018 613 1046 terram
644 1014 810 1049 Clzanaan,
840 1024 875 1045 ac
905 1024 999 1045 essem
1022 1013 1106 1045 vobis
1128 1014 1161 1044 in

186 1060 298 1091 Deum.

488 1229 552 1260 EX
577 1229 710 1260 DEUT.
735 1228 870 1260 XXIII.

279 1316 326 1347 19.
340 1315 365 1356 ³²)
396 1316 465 1346 Non
491 1314 663 1354 foenerabis
685 1314 782 1354 fratri
804 1317 855 1345 tuo
876 1314 985 1353 foenus
1001 1314 1161 1353 pecuniae,

190 1360 298 1398 suenus
331 1358 404 1395 cibat,
438 1359 546 1398 foenus
578 1359 787 1397 cuiuscunque
822 1358 867 1388 rez'
901 1358 934 1388 in
962 1367 1025 1396 qua
1052 1357 1162 1396 foenus

193 1405 357 1433 exercetur.
414 1402 464 1432 20.
500 1400 661 1432 Esto-aneo
697 1400 885 1440 f'ot‘nercibz'S,
921 1411 957 1432 ac
988 1401 1084 1439 fratri
1113 1402 1161 1431 tuo

194 1455 251 1476 non
280 1445 468 1483 foenerabis:
497 1447 530 1474 ut
559 1444 715 1475 benedicat
742 1443 797 1474 tibi
827 1443 941 1474 Ielzova
972 1442 1060 1474 Deus
1089 1445 1161 1474 taus

190 1489 225 1518 in
256 1488 339 1519 omni
368 1488 575 1528 applicatione
603 1497 716 1518 manus
743 1489 814 1518 tuae
847 1497 941 1526 super
971 1489 1086 1517 terram
1118 1486 1160 1517 ad

188 1541 282 1570 quam
306 1531 488 1571 inyrederz's,
511 1533 545 1560 'ut
561 1531 729 1569 possideas
752 1540 829 1561 eam,

276 1616 338 1647 His
352 1617 429 1647 loeis
443 1615 595 1646 docemur
608 1626 674 1646 non
694 1616 843 1647 sufficere
862 1615 889 1647 si
908 1616 979 1655 quis
998 1615 1038 1646 ab
1056 1614 1161 1646 alieno

191 1659 249 1691 sibi
275 1666 448 1699 temperet,
474 1659 534 1689 nisi
558 1658 668 1700 vigeat
691 1659 893 1696 humanitas,
925 1665 957 1689 et
980 1659 1159 1689 misericor-

191 1703 243 1733 dia
274 1702 313 1733 ad
338 1713 496 1742 pauperes
520 1701 747 1733 sublevandos.
794 1701 958 1733 Viderunt
980 1701 1011 1732 id
1035 1711 1160 1741 quoque

191 1746 317 1786 profani
346 1746 536 1785 scriptoreS,
568 1745 643 1776 lieet
674 1756 739 1776 non
771 1745 850 1776 satis
881 1744 1031 1776 dilucide:
1061 1754 1158 1784 quum

193 1799 304 1819 omnes
335 1789 503 1819 hominum
535 1799 632 1819 causa
662 1788 763 1828 geniti
788 1788 869 1825 sint,
901 1799 966 1819 non
990 1793 1076 1819 recte
1098 1787 1158 1818 coli

192 1833 276 1863 vitae
299 1832 577 1868 communitatem,
602 1832 664 1862 nisi
689 1832 773 1862 inter
796 1842 830 1862 se
853 1831 959 1862 officia
981 1830 1157 1862 conferant.
1186 1854 1188 1865 ,

192 1875 290 1914 Ergo,
316 1886 356 1904 ne
380 1875 544 1914 proximos
568 1874 762 1911 fraudemus,
787 1880 883 1914 atque
905 1875 951 1904 ita
973 1880 1161 1914 reputemur

194 1928 302 1948 coram
331 1917 400 1948 Deo
430 1919 534 1954 fures,
564 1917 727 1948 discamus
757 1916 863 1957 quoad
894 1918 975 1948 feret
1007 1917 1161 1956 cuiusque

194 1961 338 1995 facultas,
365 1961 397 1990 in
423 1971 475 1990 eos
500 1960 552 2000 qui
578 1971 636 1999 ope
661 1966 772 1992 nostra
795 1960 952 2000 indigent,
976 1970 1045 1991 esse
1068 1958 1161 1989 bene-

192 2004 253 2034 fici.
300 2004 382 2034 Pars
411 2003 496 2033 enim
521 2003 662 2033 iustitiae
686 2012 733 2034 est
758 2003 945 2040 liberalitas,
969 2002 1024 2033 ubi
1047 2002 1162 2032 merito

194 2047 331 2077 iniustus
362 2047 484 2076 censeri
515 2045 628 2076 debeat
652 2047 704 2086 qui
728 2047 865 2077 fratrum
890 2045 1074 2077 necessitati
1097 2055 1162 2075 non
1187 2068 1188 2075 ,

193 2090 351 2120 succurrit
384 2089 437 2119 ubi
468 2095 582 2128 potest.
629 2089 703 2120 Huc
733 2090 873 2128 pertinet
897 2089 1078 2120 Solomonis
1107 2099 1162 2118 ex-

194 2132 333 2162 hortatio
356 2131 466 2173 (Prov.
492 2132 520 2168 5,
547 2132 614 2173 15),
647 2140 682 2162 ut
712 2132 858 2163 bibamus
889 2142 1003 2172 aquam
1027 2142 1044 2162 e
1068 2130 1163 2161 fonti-

196 2175 254 2205 bus·
279 2176 407 2212 uostris,
433 2181 463 2205 et
488 2175 677 2205 deriventur
700 2175 762 2206 rivi
787 2175 827 2206 ad
851 2175 1024 2215 proximos.
1071 2174 1162 2204 Post-

197 2229 292 2257 quam
323 2219 408 2248 enim
433 2218 527 2248 iussit
550 2218 697 2258 singulos
721 2228 778 2249 suo
803 2224 970 2249 contentos
994 2228 1076 2253 esse,
1107 2227 1164 2247 nec

197 2261 318 2300 copiam
350 2268 500 2300 appetere
533 2272 572 2291 ex
604 2261 739 2291 aliorum
771 2261 956 2301 dispendio,
988 2260 1083 2291 simul
1109 2259 1164 2289 ad-

197 2304 316 2341 iungit,
349 2315 411 2334 non
444 2310 529 2334 reete
553 2304 619 2334 suis
643 2304 793 2343 operibus
820 2304 883 2334 frui
907 2304 961 2343 qui
991 2303 1165 2339 abundant,

200 2347 258 2376 uisi
295 2357 367 2377 cum
404 2347 601 2386 pauperibus
635 2348 874 2377 communicent
917 2346 955 2377 ad
996 2345 1163 2377 levandam

199 2400 308 2419 eorum
351 2390 503 2429 inopiam.
562 2389 637 2420 Ideo
674 2391 757 2420 euim
806 2390 938 2420 obviant
975 2390 1035 2420 sibi

197 2440 229 2461 et
281 2443 416 2471 pauper,
471 2433 741 2471 quemadmodum
916 2432 990 2462 dicit

1077 2389 1166 2419 dives

787 2432 863 2463 alibi
1036 2431 1166 2463 Solomo

359 2580 370 2590 ι·
386 2582 390 2592 1
434 2569 448 2586 ί)

283 2569 311 2634 2))
332 2569 363 2627 llo
376 2569 519 2632 ὶηΓιΔιιφῗξιιηω
540 2605 588 2633 vel,
610 2604 806 2637 Apprchendes
825 2607 854 2629 ut
872 2604 1012 2628 sustineas.

284 2638 311 2668 fi)
334 2638 413 2663 llrlil‘,
433 2638 473 2663 20.
494 2638 533 2663 21.

909 181 1136 217 OCTAVUM
1158 181 1479 214 PRAEOEPTUM.

2121 178 2185 210 680

1186 275 1323 317 '(Prov.
1348 275 1398 312 22,
1433 275 1482 317 2),
1518 279 1550 306 et
1585 275 1728 313 utrisque
1763 273 1943 305 communis
1976 277 2025 304 est
2057 277 2184 305 creator

1215 319 1313 350 Deus.

1301 361 1406 392 Exodi
1431 361 1481 397 22,
1506 360 1556 391 25.
1592 359 1627 390 Si
1647 358 1822 398 pecuniam.
1859 357 1898 388 In
1921 358 2045 389 ratione
2075 362 2182 389 mutu-

1215 404 1289 435 andi
1321 405 1463 435 maxime
1492 404 1603 443 vigere
1634 401 1727 432 debet-
1760 401 1963 436 humanitas,
1993 401 2182 441 praesertim

1215 447 1268 478 ubi
1291 448 1361 487 quis
1381 446 1419 477 ad
1444 452 1590 477 extrema
1612 444 1772 479 redactus,
1797 443 1907 474 divitis
1931 442 2182 474 misericordiam

1214 489 1375 529 implorat.
1428 489 1520 520 Haec
1557 488 1643 518 enim
1685 497 1760 517 vera
1795 486 1924 517 demum
1955 493 2003 517 est
2041 486 2184 517 caritatis

1213 533 1369 572 probatio,
1389 533 1443 563 ubi
1463 530 1639 563 secundum
1660 528 1785 560 Christi
1807 535 2013 569 praeceptum
2035 528 2128 570 (Luc.
2155 528 2184 567 6,

1213 574 1268 616 34)
1281 576 1398 615 absquov
1414 585 1469 614 spe
1483 579 1630 604 mutuum
1645 571 1768 603 damus.
1803 571 1876 602 Non
1889 572 1955 612 agit
1973 572 2040 604 illic
2053 571 2092 602 de
2106 582 2182 602 usu-

1214 619 1268 653 ris,
1289 626 1323 648 ut
1345 618 1424 648 falso
1443 622 1610 657 putarunt⁷
1634 625 1670 646 ac
1690 615 1715 645 si
1733 614 1834 655 gratis
1848 618 1880 645 et
1903 615 1972 646 sine
1995 625 2051 655 spe
2069 624 2183 654 quaes-

1215 666 1266 691 tus
1296 668 1442 692 mutuum
1468 659 1542 690 dare
1573 658 1706 689 iuberet.
1753 656 1817 689 Sed
1849 658 1924 697 quia
1947 662 1983 688 ut
2005 657 2183 698 plurimum

1215 703 1394 734 mutuando
1418 708 1565 742 captatur
1584 701 1713 741 privata
1732 700 1863 736 utilitas,
1883 699 2016 740 ideoque
2028 700 2182 741 neglectis

1214 746 1408 786 pauperibus
1428 745 1617 777 beneficium
1643 754 1707 774 non
1732 744 1874 774 locamus
1905 743 1966 774 nisi
1991 743 2075 783 apud
2100 743 2180 774 divi-

1215 794 1278 826 tes,
1314 789 1400 820 unde
1434 792 1583 828 speratur
1617 787 1725 826 aliqua
1759 786 1993 826 compensatio:
2030 786 2182 817 admonet

1214 832 1385 869 Christus⁷
1409 832 1435 862 si
1460 831 1596 861 divitum
1622 829 1759 870 gratiam
1780 839 1946 867 venamur,
1971 829 2096 860 nullum
2121 828 2182 859 hoc

1215 875 1308 906 modo
1330 886 1389 906 nos
1416 874 1579 914 specimen
1605 873 1750 903 caritatis
1769 877 1801 902 et
1820 872 2057 903 misericordiae
2077 871 2180 902 edere.

1214 917 1356 957 Ideoque
1376 917 1471 948 aliam
1491 915 1673 955 largitionis
1693 915 1861 945 materiam
1881 915 2032 955 proponit
2050 915 2082 945 in
2101 924 2181 954 pau-

1214 961 1346 1000 peribus
1370 959 1533 995 iuvandis,
1564 968 1646 998 quae
1670 958 1764 998 plane
1788 958 1929 997 gratuita
1953 962 2017 989 est:
2042 968 2107 988 non
2130 966 2182 988 so-

1215 1004 1280 1034 lum
1312 1004 1385 1043 quia
1419 1013 1487 1033 sors
1522 1001 1738 1041 periclitatur,
1770 999 1825 1031 sed
1854 1000 1929 1040 quia
1959 1001 2049 1040 paria
2076 1000 2182 1030 facere

1214 1052 1386 1086 nequeunt.
1436 1046 1618 1084 Antequam
1648 1048 1757 1074 tamen
1782 1042 1820 1074 ad
1851 1054 1966 1074 usuras
1999 1041 2181 1080 descendat,

1214 1096 1390 1129 egestatem
1423 1099 1458 1119 ac
1490 1087 1655 1118 miseriam
1687 1087 1828 1126 profert,
1859 1096 1921 1126 qua
1944 1086 2118 1117 flectantur
2142 1085 2182 1116 ad

1214 1131 1467 1163 misericordiam
1502 1130 1611 1161 animi.
1658 1129 1693 1160 Si
1718 1129 1871 1169 pauperie
1902 1129 1973 1168 quis
2004 1133 2181 1169 prematur,

1214 1175 1305 1206 iubet
1335 1175 1404 1205 eius
1436 1173 1619 1204 necessitati
1643 1172 1796 1204 succurri.
1842 1171 1956 1203 Utitur
1985 1176 2092 1203 tamen
2114 1181 2181 1202 me-

1215 1217 1359 1258 taphora,
1380 1217 1480 1256 utqui
1501 1215 1650 1256 trepidat,
1672 1215 1849 1252 roboretur,
1869 1214 1960 1254 quasi
1981 1213 2183 1254 apprehensa

1214 1271 1322 1291 manu.
1359 1260 1451 1299 Quod
1473 1260 1620 1298 sequitur
1640 1258 1678 1289 de
1703 1258 1875 1298 peregrino
1900 1262 1930 1288 et
1953 1257 2087 1295 advena,
2110 1267 2182 1288 meo

1213 1303 1331 1335 iudicio
1361 1303 1537 1342 amplificat
1567 1301 1620 1332 vel
1644 1301 1791 1331 extendit
1820 1301 2018 1340 superiorem
2054 1305 2182 1331 senten-

1214 1347 1308 1377 tiam:
1340 1357 1375 1377 ac
1398 1346 1423 1376 si
1448 1345 1577 1381 diceret,
1601 1344 1728 1384 quando
1752 1354 1792 1374 ne
1816 1342 1949 1374 advenis
1972 1342 2102 1383 quidem
2126 1353 2181 1373 ne-

1212 1388 1319 1430 ganda
1349 1393 1396 1419 est
1428 1388 1629 1424 humanitas,
1661 1387 1763 1417 multo
1794 1386 1897 1426 magis
1920 1385 2087 1417 ferendam
2112 1396 2182 1417 esse

1212 1443 1304 1472 opem
1326 1432 1487 1462 fratribus.
1532 1430 1616 1461 Nam
1640 1440 1738 1470 quum
1763 1428 1867 1460 voluit
1890 1428 1979 1460 Deus
2003 1428 2182 1469 peregrinis

1212 1475 1443 1505 habitationem
1478 1473 1627 1509 concedi,
1665 1483 1723 1512 pro
1753 1472 1823 1503 iure
1857 1471 2006 1512 hospitali
2042 1472 2182 1512 benigne

1213 1517 1375 1549 tractandi
1406 1518 1552 1547 fuerunt:
1584 1516 1696 1546 vivere
1724 1515 1810 1545 enim
1835 1514 1931 1545 datur
1954 1514 2083 1551 exteris,
2104 1514 2182 1545 dum

1213 1571 1314 1600 aequa
1338 1565 1369 1591 et
1392 1560 1569 1591 tolerabilis
1593 1559 1794 1599 permittitur
1816 1557 1966 1589 conditio.
2007 1558 2115 1597 Atque
2137 1557 2184 1588 ita

1213 1604 1340 1643 oblique
1359 1603 1541 1633 subindicat
1561 1602 1659 1638 Deus,
1679 1600 1798 1642 expelli
1822 1605 1853 1631 et
1876 1600 1961 1641 abigi
1985 1601 2120 1632 miseros
2141 1610 2183 1631 ne

1215 1647 1340 1686 vivant,
1360 1646 1386 1676 si
1405 1646 1534 1676 iniustis
1557 1644 1709 1676 oneribus
1733 1649 1935 1684 premuntur.
1970 1643 2062 1674 Haec
2083 1643 2183 1683 igitur

1215 1699 1342 1720 summa
1361 1694 1408 1719 est
1428 1689 1550 1728 primae
1575 1688 1765 1723 sententiae,
1789 1692 1826 1717 ut
1849 1685 1940 1717 dives
1963 1687 2015 1717 cui
2040 1686 2184 1726 suppetit

1214 1732 1360 1769 facultas,
1384 1742 1556 1771 pauperem
1578 1731 1756 1770 collapsum
1783 1728 1973 1769 opitulando
1996 1729 2107 1770 erigat,
2131 1728 2182 1760 vel

1215 1781 1384 1805 nutantem
1421 1776 1598 1805 confirmet.
1654 1772 1795 1804 Additur
1830 1777 2038 1813 praeceptum
2078 1776 2184 1803 mutu-

1214 1817 1289 1848 andi
1323 1818 1440 1857 absque
1471 1817 1620 1853 foenore,
1651 1815 1735 1856 quod
1766 1815 1896 1846 tametsi
1926 1815 2093 1855 politicum
2123 1818 2181 1853 est,

1214 1860 1332 1901 pendet
1366 1865 1472 1890 tamen
1509 1871 1548 1890 ex
1579 1859 1726 1891 caritatis
1756 1858 1884 1899 regula:
1920 1858 1994 1898 quia
2023 1858 2093 1889 fieri
2124 1858 2182 1889 vix

1214 1908 1319 1943 potest
1344 1904 1421 1942 quin
1447 1903 1584 1934 foenoris
1607 1902 1777 1933 exactione
1800 1901 2039 1932 exhauriantur
2062 1901 2183 1940 inopes,

1214 1952 1246 1976 et
1270 1956 1366 1986 prope
1390 1953 1567 1986 exsugatur
1591 1956 1701 1976 eorum
1726 1944 1868 1984 sanguis.
1901 1943 1969 1975 Nec
1982 1953 2058 1975 vero
2082 1943 2183 1974 alium

1215 1990 1311 2019 finem
1344 1989 1485 2028 respexit
1516 1988 1605 2019 Deus
1636 1998 1730 2028 quam
1762 1992 1799 2017 ut
1832 1991 1946 2018 mutuo
1969 1986 2096 2026 vigeret
2120 1987 2182 2017 fra-

1215 2037 1308 2062 terna
1328 2031 1455 2061 dilectio
1475 2031 1559 2071 apud
1580 2030 1756 2062 Israelitas.
1792 2030 1886 2060 Hanc
1906 2029 2034 2069 quidem
2054 2029 2184 2069 politiae

1215 2074 1361 2105 iudaicae
1382 2074 1478 2105 fuisse
1502 2080 1628 2114 partem
1652 2074 1762 2113 liquet,
1787 2073 1863 2112 quia
1885 2072 2086 2112 permittitur
2109 2082 2185 2112 gen-

1217 2117 1302 2147 tibus
1333 2117 1506 2148 foenerari:
1538 2116 1622 2156 quod
1647 2116 1820 2147 discrimen
1842 2115 1895 2145 lex
1918 2115 2095 2154 spiritualis
2119 2125 2184 2145 non

1217 2159 1367 2190 admittit.
1413 2162 1583 2191 Caeterum
1611 2160 1657 2190 ita
1680 2160 1870 2198 abrogatum
1902 2166 1950 2188 est
1984 2157 2035 2188 ius
2057 2158 2185 2189 forense

1217 2202 1299 2242 quod
1336 2203 1435 2233 veteri
1470 2202 1586 2242 populo
1622 2203 1711 2233 Deus
1747 2200 1970 2241 praescripsit,
2006 2205 2044 2230 ut
2075 2205 2184 2231 tamen

1218 2251 1348 2275 maneat
1382 2245 1466 2284 quod
1502 2246 1600 2276 dictat
1634 2244 1766 2280 caritas,
1806 2253 1870 2274 non
1902 2253 1970 2274 esse
2001 2243 2186 2283 gravandos

1218 2288 1334 2318 fratres
1357 2289 1410 2327 qui
1435 2292 1546 2319 nostra
1569 2299 1628 2328 ope
1651 2287 1809 2327 indigent.
1855 2286 1957 2317 Porro
1980 2286 2055 2326 quia
2078 2285 2186 2317 diruta

1191 2352 1192 2361 ,
1218 2336 1266 2361 est
1290 2331 1429 2361 maceria
1455 2342 1516 2370 qua
1539 2331 1615 2361 olim
1640 2329 1909 2361 discernebantur
1932 2328 2042 2360 Iudaei
2067 2340 2085 2359 a
2109 2339 2186 2369 gen-

1219 2372 1320 2409 tibus,
1353 2374 1432 2403 ratio
1466 2379 1574 2404 uestra
1606 2373 1698 2404 hodie
1723 2372 1852 2403 diversa
1876 2376 1938 2402 est:
1964 2371 2096 2412 ideoque
2119 2376 2186 2402 tam

1191 2425 1192 2428 ¹
1219 2417 1251 2446 in
1284 2415 1413 2445 foenore
1443 2427 1537 2455 quam
1563 2417 1595 2446 in
1619 2416 1691 2447 aliis
1715 2415 1966 2455 expilationibus
1989 2414 2186 2454 parcendum

1219 2465 1267 2489 est
1309 2458 1458 2489 omuibus
1493 2459 1562 2489 siue
1597 2458 1802 2499 exceptione,
1838 2463 1870 2489 et
1902 2468 1981 2498 erga
2015 2462 2186 2489 extraneos

1219 2511 1346 2540 quoque
1366 2502 1524 2532 servanda
1544 2503 1698 2541 aequitas.
1734 2502 1881 2532 Primum
1902 2500 2030 2540 quidem
2050 2500 2188 2540 gradum

1192 2557 1193 2587 ,
1219 2543 1365 2573 obtinent
1384 2543 1550 2575 domestici
1580 2545 1653 2575 fidei
1684 2543 1794 2585 (sicuti
1815 2544 1936 2575 Paulus
1956 2542 2044 2573 iubet
2067 2542 2187 2583 peculi-

1219 2587 1317 2616 ariter
1340 2586 1403 2617 illis
1428 2587 1613 2617 benefacere
1639 2587 1725 2624 {Gat
1747 2588 1774 2624 6,
1802 2586 1886 2628 lO]):
1912 2585 2053 2626 postulat
2077 2591 2184 2617 tamen

1219 2629 1397 2659 communis
1439 2630 1565 2669 generis
1601 2630 1733 2660 humani
1768 2631 1917 2665 societas,
1957 2639 1997 2659 ne
2031 2627 2187 2660 ditescere
