2304 3034
195 190 256 221 703

195 287 249 316 aut
276 282 362 322 filius
384 279 495 320 patrui
523 278 590 309 eius
619 277 745 308 redimet
771 285 856 313 eum,
886 277 943 306 aut
966 274 1167 314 propinquus

193 326 300 360 carnis
322 325 388 355 eius
406 333 420 353 e
440 320 567 361 familia
589 320 658 351 eius
679 318 810 350 redimet
832 327 917 348 eum:
940 319 995 348 aut
1013 317 1042 348 si
1060 326 1168 356 appre-

194 368 330 400 henderit
353 375 464 396 marius
486 364 569 399 eius,
600 365 671 393 tunc
693 361 819 392 redimet
842 371 873 391 se
890 361 1004 399 ipsum.
1050 358 1101 390 50.
1125 359 1168 390 Et

194 409 373 451 supputabit
400 417 468 438 cum
497 416 529 437 eo
555 405 609 444 qui
636 405 708 436 emit
736 404 857 442 ipsum,
891 402 929 434 ab
951 412 1032 433 aimo
1054 411 1113 441 quo
1136 411 1168 433 se

194 453 330 486 vendidit
350 451 404 485 illi,
427 459 524 489 usque
542 448 583 479 ad
602 457 719 478 annum
732 446 876 484 IuMlaei,
895 444 1168 484 aestimabiturque

190 496 323 537 pecuum
348 492 531 524 venditionis
548 491 615 521 eius
633 490 802 521 secundum
820 498 982 520 numerum
999 497 1169 519 annorum.-

193 542 219 571 et
237 537 402 570 secundum
420 535 486 566 dies
504 533 687 565 mercenarii
707 532 758 571 fiet
775 542 844 563 cum
862 541 902 562 eo.
937 530 988 562 51.
1015 530 1051 561 Si
1069 529 1168 577 adhuc

194 581 282 613 multi
311 579 428 619 fuerint
457 577 547 612 armi,
575 575 742 608 secuudum
765 585 813 606 eos
836 575 972 605 restituet
993 573 1169 620 redemptio-

195 634 263 655 uem
285 632 375 653 suam
396 621 432 651 de
454 621 578 660 aryento
607 618 792 649 venditionis
821 627 905 648 suae.
951 616 1001 647 52.
1030 615 1116 655 Quod
1139 625 1168 646 si

189 676 309 706 parum
338 664 495 703 reliquum
524 662 566 692 stt
595 671 632 692 ex
662 661 758 692 annis
788 670 885 699 usque
907 659 949 691 ad
972 668 1091 690 amium
1114 657 1170 689 Iu-

195 709 304 745 bilaei,
335 710 406 738 tune
432 704 612 744 supputabit
641 714 710 735 eum
740 713 788 734 eo.-
817 706 844 734 et
874 702 1042 734 secundum
1071 711 1169 732 annos

195 762 268 783 suos
308 750 443 782 restituet
484 747 720 786 redemptionem
751 756 852 777 suam.
910 744 960 776 53.
1005 744 1170 783 Tanquam

196 793 405 826 mercenarius
424 801 550 822 annuus
568 790 626 822 erit
647 799 717 821 eum
739 788 810 820 illo:
831 798 891 820 uon
913 786 1124 819 dominabitur
1141 786 1169 817 ei

196 838 273 869 dure
295 837 328 867 in
350 835 446 866 oculis
468 834 541 864 tuis.
587 832 637 863 54.
665 832 700 863 Si
723 841 785 863 uon
807 841 839 864 se
860 830 1023 862 redemerit
1042 829 1168 866 inillis,

196 880 365 920 eyredietur
384 878 415 908 in
436 886 517 908 anno
530 875 667 907 Iubilaei
685 875 752 915 ipse
768 877 795 906 et
810 874 873 913 filii
892 874 974 904 eius.-
1013 872 1064 904 55.
1088 872 1170 920 Quia

196 923 274 954 milri
293 923 363 953 sunt
383 920 445 960 filii
465 919 568 950 Israel
586 919 677 955 servi,
700 918 784 949 servi
802 917 863 948 mei
885 918 957 948 sunt
979 926 1055 956 quos
1076 916 1170 947 eduxi

197 977 212 998 e
235 969 319 997 terra
342 963 494 1003 Aeyypti:
517 973 568 1002 eqo
591 961 703 993 Ieliova
726 960 815 992 Deus
837 962 943 991 vester.

283 1049 333 1081 39.
360 1048 397 1079 Si
419 1049 595 1080 attenuatus
617 1046 721 1086 fuerit.
758 1045 908 1086 Longius
932 1055 1019 1076 nunc
1038 1054 1169 1084 progre-

197 1093 294 1129 ditur,
319 1096 363 1129 ut,
388 1091 442 1131 qui
462 1091 596 1121 fratrem
615 1100 710 1121 suum
730 1089 855 1125 emerit,
879 1098 953 1119 eum
973 1092 1091 1118 tractet
1109 1087 1169 1118 hu-

198 1136 346 1170 maniter,
371 1145 434 1165 non
457 1143 549 1165 secus
573 1142 609 1163 ac
632 1132 879 1164 mercenarium.
924 1130 1077 1161 Vidimus
1099 1130 1169 1170 qui·

197 1179 271 1211 dem
295 1178 393 1219 paulo
417 1181 493 1208 ante
515 1176 679 1207 aestimari
703 1175 790 1206 servi
814 1174 955 1205 laborem
981 1172 1079 1213 duplo
1101 1183 1168 1203 am-

198 1223 300 1263 plius,
331 1220 408 1261 quia
430 1229 596 1259 nunquam
620 1229 657 1249 eo
679 1218 849 1259 perveniet
872 1216 993 1248 domini
1017 1215 1168 1247 humani-

198 1271 258 1301 tas,
282 1270 317 1296 ut
340 1273 435 1295 servo
458 1273 516 1293 suo
539 1260 672 1302 perinde
694 1260 880 1301 indulgeat,
905 1259 956 1290 vel
980 1264 1107 1299 parcat,
1132 1269 1168 1290 ac

198 1309 226 1339 si
250 1312 336 1339 esset
358 1306 454 1337 homo
477 1304 703 1337 conductitius.
744 1304 818 1334 Non
842 1313 918 1343 ergo
941 1302 1061 1333 frustra
1079 1301 1170 1332 Deus

199 1354 361 1390 temperat
394 1348 567 1388 imperium
601 1347 697 1384 illud,
739 1345 823 1386 quod
863 1345 1014 1385 exempla
1055 1344 1170 1375 docent

199 1394 300 1425 fuisse
323 1392 542 1433 tyrannicum.
589 1390 632 1421 Et
660 1394 771 1421 tamen
802 1399 867 1420 non
901 1388 989 1419 aliud
1013 1387 1169 1427 praecipit

198 1447 297 1477 quam
315 1435 442 1475 profani
462 1433 654 1474 philosophi,
678 1438 715 1463 ut
733 1432 836 1464 servis
855 1432 922 1463 suis
941 1430 1012 1462 heri
1035 1434 1169 1461 utantur

200 1487 355 1519 tanquam
374 1477 593 1508 mercenariis.
628 1475 736 1516 Atque
757 1475 836 1506 haec
855 1474 1001 1514 aequitas
1024 1473 1094 1504 sine
1112 1483 1168 1503 ex-

198 1523 345 1562 ceptione
379 1531 455 1561 erga
490 1530 602 1551 omnes
637 1519 745 1549 valere
779 1518 905 1549 debuit:
947 1526 1062 1547 verum
1095 1515 1170 1556 quia

200 1564 331 1596 difficile
366 1563 428 1594 fuit
461 1562 500 1593 de
531 1562 652 1593 exteris
681 1561 768 1593 idem
802 1561 988 1600 praecipere
1018 1558 1102 1599 quod
1132 1557 1170 1589 de

199 1607 363 1644 fratribus,
386 1606 440 1637 lex
460 1605 607 1646 specialis
626 1605 691 1635 lata
711 1609 768 1642 est,
787 1610 823 1635 ut
841 1603 957 1634 saltem
977 1602 1169 1633 moderatio-

200 1661 275 1682 nem
310 1654 478 1681 servarent
508 1659 585 1688 erga
615 1647 731 1678 fratres
762 1657 853 1684 suos,
887 1645 1076 1686 quibuscum
1107 1644 1170 1675 illis

200 1693 384 1726 communis
404 1697 473 1723 erat
491 1690 674 1722 haereditas
693 1696 725 1721 et
746 1689 894 1721 conditio.
930 1689 1077 1719 Primum
1095 1697 1171 1728 ergo

201 1737 305 1768 servis
328 1735 488 1766 Hebraeis
511 1734 693 1766 consulitur
716 1744 757 1764 ne
780 1732 1010 1764 contumeliose
1032 1734 1065 1761 et
1087 1730 1172 1761 duri-

202 1787 251 1811 ter
272 1783 456 1810 tractentur
487 1778 577 1818 quasi
607 1776 783 1816 mancipia:
816 1774 934 1806 deinde
964 1778 1001 1805 ut
1030 1774 1171 1805 servitus

201 1824 300 1854 finem
335 1821 472 1861 accipiat
505 1830 590 1851 anno
624 1819 770 1850 Iubilaei.
829 1818 895 1849 Sed
936 1817 987 1848 hic
1027 1816 1172 1848 exoritur

201 1865 363 1906 quaestio,
393 1874 491 1904 quum
521 1869 595 1894 ante
619 1863 755 1902 septimo
780 1872 865 1892 anno
888 1860 964 1892 data
986 1860 1085 1891 fuerit
1107 1858 1171 1890 illis

201 1908 342 1945 libertas,
366 1918 424 1938 cur
447 1917 534 1937 nunc
558 1905 728 1936 differatur
751 1905 784 1935 in
804 1915 926 1935 annum
945 1901 1171 1944 quinquagesi-

202 1961 302 1982 mum.
337 1949 479 1989 Quidam
505 1949 592 1980 hunc
615 1948 737 1979 nodum
762 1947 905 1985 solvunt,
928 1947 954 1978 si
978 1946 1012 1977 in
1035 1956 1092 1977 sex
1115 1955 1171 1975 an-

203 2005 262 2025 nos
285 1995 429 2025 incurrat
447 1991 629 2029 Iubilaeus,
653 1995 730 2023 tunc
749 1990 888 2022 liberum
908 1988 1037 2026 dimitti,
1061 1997 1171 2028 quam-

203 2038 255 2068 vis
284 2037 449 2076 integrum
478 2040 607 2074 tempus
638 2045 704 2065 non
735 2033 927 2065 absolverit:
962 2030 1046 2072 quod
1075 2030 1172 2061 nimis

203 2084 351 2111 coactum
383 2084 440 2110 est.
485 2078 570 2109 Mihi
603 2078 712 2117 itaque
743 2077 846 2117 magis
877 2075 1032 2116 probatur
1062 2083 1172 2105 vocem

205 2116 404 2162 5:³10ngius
425 2120 555 2152 extendi
588 2120 629 2151 ad
659 2120 860 2160 septenarios
888 2128 1031 2159 quosque
1060 2126 1172 2153 annos,

205 2171 261 2196 aut
301 2172 388 2196 certe
429 2163 622 2195 nominatim
658 2162 914 2194 moderationem
948 2171 1026 2201 erga
1064 2169 1173 2191 servos

205 2207 365 2248 praecipi,
389 2207 441 2246 qui
461 2207 566 2246 magis
589 2206 719 2237 obnoxii
741 2212 834 2236 erant
857 2204 1029 2236 violentiae
1052 2206 1083 2234 et
1105 2212 1174 2233 om-

207 2252 300 2282 nibus
330 2250 468 2280 iniuriis.
514 2249 628 2289 Neque
659 2249 745 2279 enim
770 2248 839 2279 ausi
862 2248 1001 2278 fuissent
1021 2256 1078 2286 pro
1102 2244 1173 2275 libi-

207 2293 281 2324 dine
304 2304 415 2324 servos
446 2292 628 2332 opprimere
658 2292 712 2332 qui
742 2291 837 2331 paulo
864 2294 937 2331 post
959 2288 1059 2320 futuri
1081 2292 1175 2335 erant

206 2336 309 2367 liberi.
356 2335 420 2367 Sed
452 2336 506 2375 qui
540 2345 618 2366 aure
650 2335 812 2375 perforata
844 2344 878 2364 se
911 2332 1105 2364 addixerant
1139 2341 1174 2378 ln

207 2378 339 2419 longum
379 2384 521 2418 tempus,
561 2378 697 2409 fuissent
737 2376 936 2417 petulantius
970 2374 1077 2406 vexati
1112 2373 1174 2404 nisi

208 2422 298 2453 Deus
321 2422 565 2452 intercessisset.
612 2422 720 2460 Atque
744 2420 829 2451 hanc
852 2418 1047 2450 sententiam
1072 2416 1174 2464 liben7

209 2469 259 2495 ter
282 2464 470 2504 amplector,
505 2464 654 2503 quamvis
683 2463 722 2494 ad
754 2472 877 2494 annum
907 2471 1009 2501 usque
1038 2459 1174 2507 Iubilael

210 2506 342 2537 duraret
377 2507 531 2543 servitus,
574 2507 740 2537 moderate
775 2510 883 2536 tamen
917 2508 950 2535 et
990 2503 1175 2534 humanlter

211 2549 422 2580 exercendam
437 2550 469 2580 in
483 2560 536 2580 eos
549 2549 812 2580 dominationem.
843 2547 945 2587 quue
964 2546 1176 2578 confirmatur

211 2592 356 2631 proximo
369 2598 532 2629 contextu,
552 2592 605 2623 ubi
626 2592 747 2632 prolem
766 2592 855 2622 iubet
873 2590 1006 2621 liberam
1027 2597 1174 2619 unacum

212 2641 302 2674 patre
325 2634 460 2665 dimitti:
485 2635 567 2674 quod
592 2635 728 2674 septimo
752 2645 837 2665 anno
860 2633 930 2664 fieri
954 2641 1019 2662 non
1043 2630 1173 2661 solebat.

904 180 1129 212 OCTAVUM
1151 181 1476 214 PRAECEPTUM.

2131 183 2195 215 704

1303 275 1354 307 42.
1381 275 1462 306 Sunt
1478 275 1562 306 euim
1583 275 1665 306 servi
1686 275 1755 305 mei.
1802 274 1867 305 Hic
1890 276 2082 314 pronunciat
2100 277 2193 309 Deus

1218 318 1269 349 ius
1290 328 1386 349 suum
1410 317 1470 349 sibi
1493 317 1584 358 eripi,
1608 318 1663 349 ubi
1686 318 1859 357 rapiuntur
1877 317 1910 347 in
1929 317 2070 349 alienum
2089 319 2192 351 domi-

1219 361 1310 392 nium
1334 371 1413 401 quos
1435 360 1496 392 sibi
1519 361 1552 391 in
1575 360 1739 400 peculium
1759 358 1918 391 vendicat.
1964 360 2052 392 Dicit
2083 367 2193 394 autem

1217 414 1252 435 se
1281 404 1439 444 populum
1470 403 1674 443 acquisiisse,
1707 401 1837 442 quando
1871 412 1946 433 eum
1980 402 2119 435 redemit
2150 415 2192 437 ex

1221 447 1380 487 Aegypto.
1415 445 1511 478 Unde
1530 446 1655 485 colligit
1676 445 1726 476 ius
1750 455 1846 476 suum
1868 445 1995 483 violari,
2018 446 2046 478 si
2068 447 2140 487 quis
2158 448 2192 479 in

1219 489 1367 520 homines
1390 489 1559 520 Hebraeos
1587 492 1780 528 perpetuum
1810 487 1989 519 dominium
2012 489 2075 521 sibi
2097 500 2193 521 usur·-

1219 536 1283 572 pet.
1328 532 1365 563 Si
1389 532 1460 572 quis
1482 531 1624 568 obiiciat,
1660 531 1720 561 hoc
1742 530 1830 560 idem
1853 530 1961 562 valere
1984 531 2038 562 ubi
2060 532 2194 565 nonnisi

1220 573 1261 606 ad
1284 579 1412 615 tempus
1435 574 1600 605 serviunt:
1629 571 1822 613 responde0‚
1845 574 1993 613 quamvis
2016 574 2107 606 Deus
2130 575 2193 607 sibi

1220 617 1278 648 uni
1301 617 1417 648 merito
1446 617 1619 656 imperium
1644 626 1789 647 asserere
1809 616 1966 655 potuerit,
1998 616 2059 648 hoc
2081 621 2192 650 tamen

1220 660 1367 701 symbolo
1397 660 1497 691 fuisse
1526 663 1733 691 contentum:
1767 657 1902 698 ideoque
1933 669 1990 699 per
2017 659 2191 702 indulgen-

1221 704 1300 734 tiam
1329 713 1461 743 passum
1492 702 1592 733 fuisse
1622 700 1738 732 subiici
1765 700 1804 731 ad
1839 702 2019 741 praefixum
2054 708 2191 743 tempus,

1220 745 1315 777 modo
1345 745 1512 776 residuum
1543 743 1671 784 aliquod
1696 749 1844 774 maneret
1866 744 2068 776 liberationis
2090 747 2192 777 vesti-

1221 789 1319 829 gium.
1382 787 1534 827 Denique
1583 786 1764 818 remedium
1805 786 1997 827 simpliciter
2037 788 2191 820 adhibere

1221 831 1339 869 voluit,
1370 841 1411 862 ne
1434 830 1575 862 servitus
1596 829 1720 870 gratiae
1743 839 1820 860 suae
1843 830 2034 862 memoriam
2058 841 2192 871 prorsus

1221 875 1460 914 exstingueret:
1506 873 1654 912 quamvis
1694 872 1879 911 permiserit
1918 883 1989 904 eam
2030 874 2189 906 suffocari.

1221 917 1335 957 Itaque
1358 927 1399 947 ne
1422 915 1586 948 confidant
1609 914 1680 945 heri
1705 914 1896 952 truculenti,
1920 915 2054 956 impune
2083 927 2191 948 cessu-

1221 970 1291 990 ram
1321 959 1382 991 sibi
1412 969 1508 998 quam
1539 957 1746 989 exercuerint
1779 957 2005 998 tyrannidem:
2039 959 2191 991 admonet

1221 1003 1330 1034 Moses
1350 1002 1515 1042 negotium
1535 1001 1598 1031 illis
1611 1011 1681 1031 esse
1693 1011 1767 1031 cum
1780 1001 1860 1039 Deo,
1879 1001 1933 1041 qui
1951 1001 2039 1033 ultor
2057 1002 2189 1034 tandem

1221 1045 1397 1085 apparebit.
1436 1044 1506 1075 Etsi
1526 1050 1635 1075 autem
1654 1043 1750 1074 hodie
1768 1049 1897 1075 cessant
1915 1044 2001 1084 apud
2019 1055 2078 1076 nos
2100 1045 2190 1086 leges

1220 1088 1370 1129 politicae
1395 1087 1509 1118 Mosis:
1534 1097 1680 1126 anagoge
1704 1091 1813 1117 tamen
1837 1087 1978 1118 tenenda
1996 1092 2054 1126 est,
2077 1099 2118 1119 ne
2138 1087 2190 1119 de-

1221 1131 1321 1162 terior
1350 1131 1392 1162 sit
1419 1140 1529 1160 eorum
1560 1129 1700 1160 conditio
1730 1129 1814 1169 apud
1849 1139 1907 1161 nos
1942 1131 1995 1170 qui
2029 1131 2190 1171 sanguine

1221 1173 1346 1205 Christi
1370 1173 1528 1212 redempti
1551 1177 1636 1208 sunt,
1658 1182 1755 1212 quam
1780 1171 1857 1203 olim
1876 1172 1976 1204 fuerit
1994 1175 2114 1204 veteris
2133 1184 2189 1214 po-

1221 1217 1299 1257 puli.
1351 1215 1423 1255 Quo
1453 1219 1577 1255 spectat
1605 1214 1701 1246 Pauli
1733 1215 1936 1247 exhortatio:
1969 1215 2037 1247 Vos
2067 1216 2191 1247 domini

1221 1260 1326 1291 servis
1348 1259 1504 1290 remittite
1528 1258 1642 1295 minas,
1665 1257 1804 1289 scientes
1827 1257 1911 1298 quod
1934 1263 2041 1290 vester
2063 1263 2096 1290 et
2118 1259 2190 1290 illo-

1221 1313 1295 1333 rum
1319 1301 1467 1332 dominus
1490 1306 1538 1332 est
1562 1301 1595 1331 in
1619 1300 1717 1332 coelis
1740 1299 1873 1342 (Ephes.
1897 1301 1926 1339 6,
1950 1300 1993 1343 9).

1306 1344 1356 1375 44.
1383 1344 1498 1375 Servus
1516 1346 1618 1375 autem
1640 1346 1720 1375 tuus.
1757 1343 1851 1382 Quod
1870 1343 1922 1375 hic
1936 1344 2026 1376 Deus
2044 1345 2078 1375 in
2102 1348 2191 1375 exte-

1221 1398 1274 1419 ros
1294 1387 1468 1427 permittit,
1493 1386 1612 1426 passim
1636 1387 1751 1417 tritum
1775 1392 1845 1418 erat
1868 1386 1953 1427 apud
1976 1397 2088 1419 omnes
2111 1398 2191 1428 gen-

1222 1435 1279 1468 tes,
1305 1435 1342 1461 ut
1365 1430 1503 1461 dominis
1522 1434 1669 1460 maneret
1691 1439 1750 1460 sua
1768 1429 1803 1460 in
1823 1440 1934 1460 servos
1954 1434 2105 1470 potestas,
2125 1440 2191 1461 non

1222 1472 1318 1504 modo
1341 1483 1444 1513 usque
1467 1472 1506 1503 ad
1537 1477 1691 1509 mortem,
1720 1471 1777 1503 sed
1806 1473 1962 1504 continua
1990 1473 2192 1505 successione

1222 1516 1256 1547 in
1281 1516 1398 1547 liberos
1421 1516 1460 1546 ab
1484 1516 1562 1555 ipsis
1582 1515 1718 1555 genitos.
1753 1514 1792 1546 Id
1811 1515 1898 1546 enim
1918 1515 2007 1547 valet
2028 1515 2192 1556 loquuti0:

1223 1558 1436 1590 Possidebitis
1459 1568 1517 1598 pro
1541 1558 1616 1589 filiis
1639 1558 1773 1596 vestris,
1807 1559 1857 1589 ius
1886 1558 2022 1590 dominii
2052 1558 2192 1590 transire

1224 1601 1264 1633 ad
1288 1602 1374 1641 ipsos
1392 1601 1556 1632 haeredes.
1591 1601 1660 1632 Nec
1682 1600 1786 1632 solum
1810 1602 1843 1632 in
1866 1602 2082 1641 perpetuitate
2100 1601 2192 1642 poni-

1224 1649 1278 1675 tur
1311 1644 1499 1681 discrimen,
1534 1643 1589 1675 sed
1622 1644 1657 1674 in
1691 1644 1760 1683 ipso
1794 1646 1891 1675 etiam
1925 1644 2053 1684 imperii
2086 1644 2192 1676 modo.

1223 1687 1376 1718 Notanda
1399 1692 1447 1718 est
1471 1687 1557 1718 enim
1577 1686 1764 1718 antithesis:
1788 1687 1935 1719 Utemini
1956 1697 2053 1727 opera
2070 1697 2192 1725 eorum,

1223 1730 1315 1761 fratri
1339 1735 1446 1761 autem
1471 1740 1529 1761 suo
1552 1740 1647 1761 nemo
1671 1729 1892 1761 dominabitur
1920 1729 2052 1761 duriter.
2099 1730 2193 1762 Unde

1223 1778 1358 1813 apparet
1381 1773 1529 1804 fraenum
1552 1773 1656 1810 iniici,
1688 1783 1728 1804 ne
1759 1778 1824 1804 tam
1855 1773 2026 1813 imperiose
2055 1777 2194 1814 urgeant

1224 1816 1308 1847 filios
1331 1815 1499 1853 Abrahae,
1531 1816 1608 1855 quin
1637 1815 1772 1847 dimidia
1801 1816 1866 1847 illis
1889 1820 2022 1847 maneat
2051 1815 2193 1853 libertas,

1223 1859 1463 1898 comparatione
1498 1859 1654 1899 gentium.
1708 1858 1781 1889 Non
1812 1858 1897 1898 quod
1934 1859 2109 1899 tyrannica
2142 1858 2194 1890 vel

1224 1902 1374 1932 immanis
1398 1906 1538 1941 potestas
1557 1902 1591 1932 in
1613 1906 1785 1933 extraneos
1804 1902 1892 1933 licita
1910 1901 2018 1938 fuerit,
2043 1901 2098 1933 sed
2118 1901 2194 1942 quia

1224 1945 1395 1985 privilegio
1419 1945 1557 1984 quodam
1581 1944 1672 1976 Deus
1695 1955 1798 1985 genus
1822 1944 1982 1983 Abrahae,
2009 1945 2102 1976 cuius
2125 1949 2194 1976 erat

1224 1987 1384 2025 liberator,
1410 1988 1509 2018 eximi
1533 1987 1636 2019 voluit
1658 1998 1676 2018 a
1699 1992 1785 2018 sorte
1808 1987 1946 2027 vulgari.

1309 2030 1360 2061 47.
1387 2030 1422 2061 Si
1444 2033 1546 2062 autem
1568 2030 1812 2070 apprehenderit.
1847 2030 1911 2061 Hic
1933 2035 2069 2062 cavetur
2087 2030 2193 2061 Israe-

1224 2072 1290 2104 litis
1309 2073 1363 2113 qui
1381 2084 1414 2105 se
1433 2074 1467 2104 in
1493 2074 1684 2105 servitutem
1707 2073 1829 2104 exteris
1848 2073 2049 2104 tradiderint.
2091 2073 2193 2104 Exte-

1225 2126 1277 2146 ros
1301 2120 1409 2147 autem
1433 2127 1486 2147 eos
1508 2116 1670 2148 duntaxat
1692 2116 1839 2156 intellige
1866 2116 1921 2156 qui
1944 2115 2136 2147 habitabant
2158 2115 2193 2146 in

1226 2164 1313 2189 terra
1332 2159 1503 2190 Chanaan:
1528 2160 1604 2200 quia
1622 2160 1648 2190 si
1668 2159 1740 2199 quis
1759 2159 1792 2189 in
1812 2158 1891 2190 alias
1910 2159 2059 2199 regiones
2077 2158 2194 2190 fuisset

1227 2206 1359 2239 tractus,
1384 2202 1504 2233 frustra
1526 2202 1630 2243 legem
1654 2203 1744 2233 Deus
1767 2202 1895 2232 tulisset
1917 2201 1956 2232 de
1977 2201 2122 2242 ipsorum
2146 2212 2195 2233 re—

1227 2244 1421 2285 demptione.
1474 2246 1581 2276 Datur
1610 2255 1686 2286 ergo
1720 2244 1899 2276 redimendi
1933 2245 2018 2275 servi
2052 2248 2194 2285 potestas

1227 2288 1388 2327 cognatis,
1413 2288 1474 2325 vel,
1499 2288 1525 2319 si
1549 2288 1617 2328 ipse
1641 2292 1755 2319 nactus
1778 2288 1875 2318 fuerit
1898 2287 2056 2328 pretium,
2080 2287 2193 2318 eadem

1227 2330 1362 2361 facultas
1385 2330 1412 2360 ei
1436 2330 1630 2362 conceditur.
1676 2330 1884 2370 Exprimitur
1914 2330 2030 2361 deinde
2057 2331 2139 2361 ratio
2162 2334 2194 2361 et

1226 2372 1349 2409 forma,
1384 2378 1419 2403 ut
1448 2378 1643 2414 supputetur
1672 2373 1757 2414 quod
1779 2372 1945 2404 residuum
1969 2378 2019 2404 est
2039 2372 2194 2413 temporis

1227 2415 1267 2445 ad
1286 2415 1466 2446 Iubilaeum
1486 2427 1595 2456 usque,
1615 2422 1647 2448 et
1665 2416 1865 2447 subducatur
1883 2426 1900 2447 e
1919 2426 2047 2447 summa
2066 2421 2194 2456 tempus

1226 2458 1396 2498 quodiam
1420 2458 1564 2499 elapsum
1597 2459 1707 2490 fuerit:
1737 2469 1868 2499 nempe,
1902 2459 1929 2489 si
1959 2459 2194 2500 quinquaginta

1227 2501 1313 2532 siclis
1335 2507 1419 2531 esset
1449 2502 1615 2540 venditus,
1650 2512 1735 2533 anno
1764 2501 2027 2542 quadragesimo,
2063 2501 2193 2533 nonnisi

1227 2543 1336 2575 decem
1367 2543 1459 2575 siclos
1488 2545 1644 2582 solveret,
1679 2544 1754 2585 quia
1787 2545 1902 2584 quinta
1929 2548 2057 2575 tantum
2089 2545 2193 2584 portio

1228 2586 1383 2626 temporis
1407 2588 1554 2618 restabat.
1601 2587 1696 2627 Quod
1719 2588 1745 2619 si
1768 2597 1862 2618 nemo
1881 2598 1921 2618 ex
1943 2588 2193 2628 consanguineis

1227 2638 1445 2667 succurreret,
1475 2640 1511 2661 ac
1534 2630 1651 2662 misero
1673 2641 1747 2671 spes
1770 2630 1921 2670 adempta
1943 2634 2027 2661 esset
2046 2630 2193 2671 redemp-
