<?xml version="1.0" encoding="UTF-8"?>
<!DOCTYPE html PUBLIC "-//W3C//DTD XHTML 1.0 Transitional//EN"
    "http://www.w3.org/TR/xhtml1/DTD/xhtml1-transitional.dtd">
<html xmlns="http://www.w3.org/1999/xhtml" xml:lang="en" lang="en">
 <head>
  <title>
</title>
<meta http-equiv="Content-Type" content="text/html;charset=utf-8" />
  <meta name='ocr-system' content='tesseract 3.04.00' />
  <meta name='ocr-capabilities' content='ocr_page ocr_carea ocr_par ocr_line ocrx_word'/>
</head>
<body>
  <div class='ocr_page' id='page_1' title='image "./ioanniscalviniop24calv_0057.png"; bbox 0 0 2304 3034; ppageno 0'>
   <div class='ocr_carea' id='block_1_1' title="bbox 136 171 2110 207">
    <p class='ocr_par' dir='ltr' id='par_1_1' title="bbox 136 171 2110 207">
     <span class='ocr_line' id='line_1_1' title="bbox 136 171 2110 207; baseline -0.003 -1"><span class='ocrx_word' id='word_1_1' title='bbox 136 175 176 206; x_wconf 76' lang='lat'>93</span> <span class='ocrx_word' id='word_1_2' title='bbox 705 172 1069 207; x_wconf 80' lang='lat' dir='ltr'><strong>COMMENTARIUS</strong></span> <span class='ocrx_word' id='word_1_3' title='bbox 1092 172 1140 204; x_wconf 90' lang='lat' dir='ltr'>IN</span> <span class='ocrx_word' id='word_1_4' title='bbox 1164 171 1312 203; x_wconf 86' lang='lat' dir='ltr'>EXODI</span> <span class='ocrx_word' id='word_1_5' title='bbox 1335 172 1431 203; x_wconf 79' lang='lat' dir='ltr'><strong>CAP.</strong></span> <span class='ocrx_word' id='word_1_6' title='bbox 1456 172 1532 204; x_wconf 80' lang='lat' dir='ltr'>VH.</span> <span class='ocrx_word' id='word_1_7' title='bbox 2069 171 2110 201; x_wconf 63' lang='lat'>94</span> 
     </span>
    </p>
   </div>
   <div class='ocr_carea' id='block_1_2' title="bbox 132 269 1098 820">
    <p class='ocr_par' dir='ltr' id='par_1_2' title="bbox 132 269 1098 820">
     <span class='ocr_line' id='line_1_2' title="bbox 136 269 1098 305; baseline -0.004 -5"><span class='ocrx_word' id='word_1_8' title='bbox 136 273 164 300; x_wconf 78' lang='lat' dir='ltr'>et</span> <span class='ocrx_word' id='word_1_9' title='bbox 192 280 292 301; x_wconf 80' lang='lat' dir='ltr'>coram</span> <span class='ocrx_word' id='word_1_10' title='bbox 315 272 411 303; x_wconf 74' lang='lat' dir='ltr'>oculis</span> <span class='ocrx_word' id='word_1_11' title='bbox 431 281 587 304; x_wconf 73' lang='lat' dir='ltr'>servorum</span> <span class='ocrx_word' id='word_1_12' title='bbox 609 271 683 301; x_wconf 80' lang='lat' dir='ltr'>eius.</span> <span class='ocrx_word' id='word_1_13' title='bbox 717 269 759 299; x_wconf 84' lang='lat' dir='ltr'>Et</span> <span class='ocrx_word' id='word_1_14' title='bbox 780 277 884 298; x_wconf 74' lang='lat' dir='ltr'>versae</span> <span class='ocrx_word' id='word_1_15' title='bbox 906 269 978 297; x_wconf 75' lang='lat' dir='ltr'>sunt</span> <span class='ocrx_word' id='word_1_16' title='bbox 999 276 1098 305; x_wconf 79' lang='lat' dir='ltr'>aquae</span> 
     </span>
     <span class='ocr_line' id='line_1_3' title="bbox 138 308 1097 352; baseline -0.005 -9"><span class='ocrx_word' id='word_1_17' title='bbox 138 322 238 343; x_wconf 76' lang='lat' dir='ltr'>omnes</span> <span class='ocrx_word' id='word_1_18' title='bbox 257 324 335 352; x_wconf 76' lang='lat' dir='ltr'>quae</span> <span class='ocrx_word' id='word_1_19' title='bbox 352 317 439 346; x_wconf 77' lang='lat' dir='ltr'>eraut</span> <span class='ocrx_word' id='word_1_20' title='bbox 451 315 484 345; x_wconf 78' lang='lat' dir='ltr'>iu</span> <span class='ocrx_word' id='word_1_21' title='bbox 497 313 632 352; x_wconf 70' lang='lat' dir='ltr'>flumine,</span> <span class='ocrx_word' id='word_1_22' title='bbox 651 313 684 342; x_wconf 77' lang='lat' dir='ltr'>in</span> <span class='ocrx_word' id='word_1_23' title='bbox 699 310 889 350; x_wconf 69' lang='lat' dir='ltr'>sanquinem.</span> <span class='ocrx_word' id='word_1_24' title='bbox 925 309 975 339; x_wconf 80' lang='lat'>21.</span> <span class='ocrx_word' id='word_1_25' title='bbox 991 308 1097 339; x_wconf 75' lang='lat' dir='ltr'>Pisces</span> 
     </span>
     <span class='ocr_line' id='line_1_4' title="bbox 137 352 1097 395; baseline -0.006 -9"><span class='ocrx_word' id='word_1_26' title='bbox 137 355 229 386; x_wconf 73' lang='lat' dir='ltr'>etiam</span> <span class='ocrx_word' id='word_1_27' title='bbox 251 358 303 395; x_wconf 77' lang='lat' dir='ltr'>qui</span> <span class='ocrx_word' id='word_1_28' title='bbox 327 360 415 387; x_wconf 76' lang='lat' dir='ltr'>erant</span> <span class='ocrx_word' id='word_1_29' title='bbox 436 358 470 387; x_wconf 83' lang='lat' dir='ltr'>in</span> <span class='ocrx_word' id='word_1_30' title='bbox 488 356 615 394; x_wconf 79' lang='lat' dir='ltr'>flumine</span> <span class='ocrx_word' id='word_1_31' title='bbox 631 354 743 384; x_wconf 73' lang='lat' dir='ltr'>mortui</span> <span class='ocrx_word' id='word_1_32' title='bbox 761 354 848 384; x_wconf 76' lang='lat' dir='ltr'>sunt.-</span> <span class='ocrx_word' id='word_1_33' title='bbox 865 354 892 382; x_wconf 77' lang='lat' dir='ltr'>et</span> <span class='ocrx_word' id='word_1_34' title='bbox 909 352 1097 389; x_wconf 71' lang='lat' dir='ltr'>computruit</span> 
     </span>
     <span class='ocr_line' id='line_1_5' title="bbox 133 394 1095 438; baseline -0.004 -11"><span class='ocrx_word' id='word_1_35' title='bbox 133 397 266 435; x_wconf 75' lang='lat' dir='ltr'>flumen,</span> <span class='ocrx_word' id='word_1_36' title='bbox 306 402 339 429; x_wconf 83' lang='lat' dir='ltr'>ut</span> <span class='ocrx_word' id='word_1_37' title='bbox 371 409 429 430; x_wconf 80' lang='lat' dir='ltr'>non</span> <span class='ocrx_word' id='word_1_38' title='bbox 462 399 586 438; x_wconf 76' lang='lat' dir='ltr'>possent</span> <span class='ocrx_word' id='word_1_39' title='bbox 618 396 762 435; x_wconf 68' lang='lat' dir='ltr'>Aeyyptii</span> <span class='ocrx_word' id='word_1_40' title='bbox 796 394 894 425; x_wconf 78' lang='lat' dir='ltr'>bibere</span> <span class='ocrx_word' id='word_1_41' title='bbox 926 403 1025 432; x_wconf 76' lang='lat' dir='ltr'>aquas</span> <span class='ocrx_word' id='word_1_42' title='bbox 1059 403 1095 424; x_wconf 66' lang='lat' dir='ltr'>ez*</span> 
     </span>
     <span class='ocr_line' id='line_1_6' title="bbox 134 436 1093 481; baseline -0.003 -12"><span class='ocrx_word' id='word_1_43' title='bbox 134 440 278 477; x_wconf 70' lang='lat' dir='ltr'>flumine:</span> <span class='ocrx_word' id='word_1_44' title='bbox 306 442 426 481; x_wconf 77' lang='lat' dir='ltr'><em>fuitque</em></span> <span class='ocrx_word' id='word_1_45' title='bbox 452 440 580 480; x_wconf 66' lang='lat' dir='ltr'>sanquis</span> <span class='ocrx_word' id='word_1_46' title='bbox 602 448 663 478; x_wconf 76' lang='lat' dir='ltr'>per</span> <span class='ocrx_word' id='word_1_47' title='bbox 691 440 781 468; x_wconf 83' lang='lat' dir='ltr'>totam</span> <span class='ocrx_word' id='word_1_48' title='bbox 810 440 923 467; x_wconf 77' lang='lat' dir='ltr'>terram</span> <span class='ocrx_word' id='word_1_49' title='bbox 952 436 1093 475; x_wconf 72' lang='lat' dir='ltr'>Aeyypti.</span> 
     </span>
     <span class='ocr_line' id='line_1_7' title="bbox 137 479 1096 523; baseline -0.004 -11"><span class='ocrx_word' id='word_1_50' title='bbox 137 482 186 513; x_wconf 75' lang='lat'>22.</span> <span class='ocrx_word' id='word_1_51' title='bbox 214 482 265 513; x_wconf 66' lang='lat' dir='ltr'>Sic</span> <span class='ocrx_word' id='word_1_52' title='bbox 288 485 379 515; x_wconf 74' lang='lat' dir='ltr'>etiam</span> <span class='ocrx_word' id='word_1_53' title='bbox 397 484 532 523; x_wconf 71' lang='lat' dir='ltr'>feceruut</span> <span class='ocrx_word' id='word_1_54' title='bbox 553 481 810 520; x_wconf 66' lang='lat' dir='ltr'>praestiyiatores</span> <span class='ocrx_word' id='word_1_55' title='bbox 832 479 965 519; x_wconf 73' lang='lat' dir='ltr'>Aeyyptz&#39;</span> <span class='ocrx_word' id='word_1_56' title='bbox 992 479 1096 509; x_wconf 74' lang='lat' dir='ltr'>inean-</span> 
     </span>
     <span class='ocr_line' id='line_1_8' title="bbox 137 521 1096 557; baseline -0.004 -3"><span class='ocrx_word' id='word_1_57' title='bbox 137 526 302 557; x_wconf 64' lang='lat' dir='ltr'>ration-ibus</span> <span class='ocrx_word' id='word_1_58' title='bbox 324 527 408 557; x_wconf 74' lang='lat' dir='ltr'>suis:</span> <span class='ocrx_word' id='word_1_59' title='bbox 436 528 463 556; x_wconf 84' lang='lat' dir='ltr'>et</span> <span class='ocrx_word' id='word_1_60' title='bbox 493 523 634 555; x_wconf 73' lang='lat' dir='ltr'><em>obduruit</em></span> <span class='ocrx_word' id='word_1_61' title='bbox 657 533 707 554; x_wconf 80' lang='lat' dir='ltr'>eor</span> <span class='ocrx_word' id='word_1_62' title='bbox 731 521 925 557; x_wconf 71' lang='lat' dir='ltr'>Pharaonis,</span> <span class='ocrx_word' id='word_1_63' title='bbox 957 521 1034 551; x_wconf 68' lang='lat' dir='ltr'>sient</span> <span class='ocrx_word' id='word_1_64' title='bbox 1056 521 1096 551; x_wconf 85' lang='lat' dir='ltr'>Io-</span> 
     </span>
     <span class='ocr_line' id='line_1_9' title="bbox 136 563 1096 606; baseline -0.005 -8"><span class='ocrx_word' id='word_1_65' title='bbox 136 571 250 606; x_wconf 76' lang='lat' dir='ltr'>quutus</span> <span class='ocrx_word' id='word_1_66' title='bbox 270 568 373 606; x_wconf 73' lang='lat' dir='ltr'>fuerat</span> <span class='ocrx_word' id='word_1_67' title='bbox 391 567 511 598; x_wconf 72' lang='lat' dir='ltr'>Iehova.</span> <span class='ocrx_word' id='word_1_68' title='bbox 556 565 604 596; x_wconf 74' lang='lat'>23.</span> <span class='ocrx_word' id='word_1_69' title='bbox 629 564 671 595; x_wconf 83' lang='lat' dir='ltr'>Et</span> <span class='ocrx_word' id='word_1_70' title='bbox 692 567 843 596; x_wconf 72' lang='lat' dir='ltr'>revertens</span> <span class='ocrx_word' id='word_1_71' title='bbox 864 563 992 594; x_wconf 75' lang='lat' dir='ltr'>Pharao</span> <span class='ocrx_word' id='word_1_72' title='bbox 1014 564 1096 594; x_wconf 73' lang='lat' dir='ltr'>veuit</span> 
     </span>
     <span class='ocr_line' id='line_1_10' title="bbox 136 606 1095 647; baseline -0.005 -7"><span class='ocrx_word' id='word_1_73' title='bbox 136 611 169 641; x_wconf 75' lang='lat' dir='ltr'>in</span> <span class='ocrx_word' id='word_1_74' title='bbox 192 611 316 641; x_wconf 77' lang='lat' dir='ltr'>domum</span> <span class='ocrx_word' id='word_1_75' title='bbox 345 620 451 642; x_wconf 82' lang='lat' dir='ltr'>suam:</span> <span class='ocrx_word' id='word_1_76' title='bbox 483 618 574 647; x_wconf 75' lang='lat' dir='ltr'>neque</span> <span class='ocrx_word' id='word_1_77' title='bbox 603 607 714 638; x_wconf 80' lang='lat' dir='ltr'>adiecit</span> <span class='ocrx_word' id='word_1_78' title='bbox 741 617 791 638; x_wconf 80' lang='lat' dir='ltr'>eor</span> <span class='ocrx_word' id='word_1_79' title='bbox 818 616 910 637; x_wconf 76' lang='lat' dir='ltr'>sumn</span> <span class='ocrx_word' id='word_1_80' title='bbox 940 607 1032 636; x_wconf 75' lang='lat' dir='ltr'>etiam</span> <span class='ocrx_word' id='word_1_81' title='bbox 1054 606 1095 636; x_wconf 76' lang='lat' dir='ltr'>(ul</span> 
     </span>
     <span class='ocr_line' id='line_1_11' title="bbox 135 649 1095 689; baseline -0.004 -7"><span class='ocrx_word' id='word_1_82' title='bbox 135 652 196 683; x_wconf 77' lang='lat' dir='ltr'>hoe.</span> <span class='ocrx_word' id='word_1_83' title='bbox 232 654 281 684; x_wconf 74' lang='lat'>⁴24.</span> <span class='ocrx_word' id='word_1_84' title='bbox 303 653 457 684; x_wconf 77' lang='lat' dir='ltr'><em>Foderunt</em></span> <span class='ocrx_word' id='word_1_85' title='bbox 473 654 570 682; x_wconf 76' lang='lat' dir='ltr'>antem</span> <span class='ocrx_word' id='word_1_86' title='bbox 588 660 689 680; x_wconf 78' lang='lat' dir='ltr'>omnes</span> <span class='ocrx_word' id='word_1_87' title='bbox 702 650 848 689; x_wconf 70' lang='lat' dir='ltr'>Aeyyptli</span> <span class='ocrx_word' id='word_1_88' title='bbox 861 659 920 688; x_wconf 73' lang='lat' dir='ltr'>per</span> <span class='ocrx_word' id='word_1_89' title='bbox 932 649 1095 679; x_wconf 75' lang='lat' dir='ltr'>circuitum</span> 
     </span>
     <span class='ocr_line' id='line_1_12' title="bbox 132 691 1094 734; baseline -0.005 -8"><span class='ocrx_word' id='word_1_90' title='bbox 132 696 289 734; x_wconf 71' lang='lat' dir='ltr'>slmizz&#39;uis,</span> <span class='ocrx_word' id='word_1_91' title='bbox 319 698 352 726; x_wconf 88' lang='lat' dir='ltr'>ut</span> <span class='ocrx_word' id='word_1_92' title='bbox 373 704 470 734; x_wconf 77' lang='lat' dir='ltr'>aquas</span> <span class='ocrx_word' id='word_1_93' title='bbox 492 693 636 729; x_wconf 73' lang='lat' dir='ltr'><em>biberent,</em></span> <span class='ocrx_word' id='word_1_94' title='bbox 660 692 733 731; x_wconf 73' lang='lat' dir='ltr'>quia</span> <span class='ocrx_word' id='word_1_95' title='bbox 757 702 816 723; x_wconf 78' lang='lat' dir='ltr'>nou</span> <span class='ocrx_word' id='word_1_96' title='bbox 834 693 974 730; x_wconf 75' lang='lat' dir='ltr'>poterant</span> <span class='ocrx_word' id='word_1_97' title='bbox 996 691 1094 722; x_wconf 72' lang='lat' dir='ltr'>hibere</span> 
     </span>
     <span class='ocr_line' id='line_1_13' title="bbox 136 734 1094 777; baseline -0.004 -9"><span class='ocrx_word' id='word_1_98' title='bbox 136 748 172 768; x_wconf 59' lang='lat' dir='ltr'>ezr</span> <span class='ocrx_word' id='word_1_99' title='bbox 195 739 286 777; x_wconf 68' lang='lat' dir='ltr'>aquis</span> <span class='ocrx_word' id='word_1_100' title='bbox 305 738 453 776; x_wconf 74' lang='lat' dir='ltr'>fluminis.</span> <span class='ocrx_word' id='word_1_101' title='bbox 499 734 615 766; x_wconf 51' lang='lat' dir='ltr'>att-Et</span> <span class='ocrx_word' id='word_1_102' title='bbox 636 735 771 773; x_wconf 66' lang='lat' dir='ltr'>completi</span> <span class='ocrx_word' id='word_1_103' title='bbox 801 738 872 766; x_wconf 79' lang='lat' dir='ltr'>sunt</span> <span class='ocrx_word' id='word_1_104' title='bbox 894 737 1005 773; x_wconf 73' lang='lat' dir='ltr'>septem</span> <span class='ocrx_word' id='word_1_105' title='bbox 1028 734 1094 765; x_wconf 80' lang='lat' dir='ltr'>dies</span> 
     </span>
     <span class='ocr_line' id='line_1_14' title="bbox 134 778 713 820; baseline -0.007 -9"><span class='ocrx_word' id='word_1_106' title='bbox 134 791 170 811; x_wconf 62' lang='lat' dir='ltr'>ea*</span> <span class='ocrx_word' id='word_1_107' title='bbox 192 792 250 820; x_wconf 77' lang='lat' dir='ltr'>quo</span> <span class='ocrx_word' id='word_1_108' title='bbox 267 781 421 820; x_wconf 71' lang='lat' dir='ltr'><em>percussit</em></span> <span class='ocrx_word' id='word_1_109' title='bbox 443 778 553 809; x_wconf 75' lang='lat' dir='ltr'>Ielzova</span> <span class='ocrx_word' id='word_1_110' title='bbox 572 778 713 816; x_wconf 76' lang='lat' dir='ltr'>fluvium.</span> 
     </span>
    </p>
   </div>
   <div class='ocr_carea' id='block_1_3' title="bbox 132 861 1097 2654">
    <p class='ocr_par' dir='ltr' id='par_1_3' title="bbox 132 861 1097 2654">
     <span class='ocr_line' id='line_1_15' title="bbox 220 861 1094 901; baseline -0.007 -4"><span class='ocrx_word' id='word_1_111' title='bbox 220 867 268 897; x_wconf 88' lang='lat'>14.</span> <span class='ocrx_word' id='word_1_112' title='bbox 302 866 385 896; x_wconf 77' lang='lat' dir='ltr'>Tunc</span> <span class='ocrx_word' id='word_1_113' title='bbox 414 864 494 894; x_wconf 68' lang='lat' dir='ltr'>dixit</span> <span class='ocrx_word' id='word_1_114' title='bbox 515 862 627 893; x_wconf 72' lang='lat' dir='ltr'>Iehova</span> <span class='ocrx_word' id='word_1_115' title='bbox 657 863 698 893; x_wconf 75' lang='lat' dir='ltr'>ud</span> <span class='ocrx_word' id='word_1_116' title='bbox 722 861 844 893; x_wconf 65' lang='lat' dir='ltr'>Mosen.-</span> <span class='ocrx_word' id='word_1_117' title='bbox 871 863 1094 901; x_wconf 68' lang='lat' dir='ltr'>Ayyravatum.</span> 
     </span>
     <span class='ocr_line' id='line_1_16' title="bbox 133 905 1094 945; baseline -0.006 -5"><span class='ocrx_word' id='word_1_118' title='bbox 133 909 202 940; x_wconf 85' lang='lat' dir='ltr'>Iam</span> <span class='ocrx_word' id='word_1_119' title='bbox 234 918 364 939; x_wconf 84' lang='lat' dir='ltr'>narrare</span> <span class='ocrx_word' id='word_1_120' title='bbox 393 906 504 945; x_wconf 83' lang='lat' dir='ltr'>incipit</span> <span class='ocrx_word' id='word_1_121' title='bbox 528 905 635 936; x_wconf 85' lang='lat' dir='ltr'>Moses</span> <span class='ocrx_word' id='word_1_122' title='bbox 667 905 775 936; x_wconf 79' lang='lat' dir='ltr'>decem</span> <span class='ocrx_word' id='word_1_123' title='bbox 811 905 921 944; x_wconf 82' lang='lat' dir='ltr'>plagas</span> <span class='ocrx_word' id='word_1_124' title='bbox 946 906 1094 944; x_wconf 62' lang='lat' dir='ltr'>Aegypto</span> 
     </span>
     <span class='ocr_line' id='line_1_17' title="bbox 135 947 1095 988; baseline -0.008 -4"><span class='ocrx_word' id='word_1_125' title='bbox 135 953 233 983; x_wconf 83' lang='lat' dir='ltr'>fuisse</span> <span class='ocrx_word' id='word_1_126' title='bbox 263 952 417 985; x_wconf 87' lang='lat' dir='ltr'>inflictas,</span> <span class='ocrx_word' id='word_1_127' title='bbox 452 954 623 988; x_wconf 83' lang='lat' dir='ltr'>antequam</span> <span class='ocrx_word' id='word_1_128' title='bbox 659 948 697 978; x_wconf 84' lang='lat' dir='ltr'>ad</span> <span class='ocrx_word' id='word_1_129' title='bbox 729 947 906 987; x_wconf 76' lang='lat' dir='ltr'>parendum</span> <span class='ocrx_word' id='word_1_130' title='bbox 938 947 1095 977; x_wconf 84' lang='lat' dir='ltr'>adductus</span> 
     </span>
     <span class='ocr_line' id='line_1_18' title="bbox 134 989 1095 1030; baseline -0.007 -4"><span class='ocrx_word' id='word_1_131' title='bbox 134 996 233 1026; x_wconf 82' lang='lat' dir='ltr'>fuerit</span> <span class='ocrx_word' id='word_1_132' title='bbox 262 994 396 1025; x_wconf 81' lang='lat' dir='ltr'>Pharao.</span> <span class='ocrx_word' id='word_1_133' title='bbox 453 991 524 1021; x_wconf 87' lang='lat' dir='ltr'>Etsi</span> <span class='ocrx_word' id='word_1_134' title='bbox 560 996 665 1021; x_wconf 85' lang='lat' dir='ltr'>autem</span> <span class='ocrx_word' id='word_1_135' title='bbox 707 990 909 1030; x_wconf 82' lang='lat' dir='ltr'>prodigiosus</span> <span class='ocrx_word' id='word_1_136' title='bbox 942 989 1001 1020; x_wconf 85' lang='lat' dir='ltr'>fuit</span> <span class='ocrx_word' id='word_1_137' title='bbox 1044 989 1095 1019; x_wconf 90' lang='lat' dir='ltr'>ille</span> 
     </span>
     <span class='ocr_line' id='line_1_19' title="bbox 136 1033 1094 1073; baseline -0.007 -4"><span class='ocrx_word' id='word_1_138' title='bbox 136 1039 240 1073; x_wconf 80' lang='lat' dir='ltr'>furor,</span> <span class='ocrx_word' id='word_1_139' title='bbox 277 1041 386 1068; x_wconf 82' lang='lat' dir='ltr'>contra</span> <span class='ocrx_word' id='word_1_140' title='bbox 420 1034 482 1064; x_wconf 91' lang='lat' dir='ltr'>Dei</span> <span class='ocrx_word' id='word_1_141' title='bbox 516 1044 646 1064; x_wconf 84' lang='lat' dir='ltr'>manum</span> <span class='ocrx_word' id='word_1_142' title='bbox 683 1041 746 1063; x_wconf 81' lang='lat' dir='ltr'>tam</span> <span class='ocrx_word' id='word_1_143' title='bbox 785 1033 889 1063; x_wconf 78' lang='lat' dir='ltr'>valide</span> <span class='ocrx_word' id='word_1_144' title='bbox 924 1037 1094 1072; x_wconf 83' lang='lat' dir='ltr'>urgentem</span> 
     </span>
     <span class='ocr_line' id='line_1_20' title="bbox 134 1075 1095 1115; baseline -0.007 -3"><span class='ocrx_word' id='word_1_145' title='bbox 134 1080 251 1112; x_wconf 87' lang='lat' dir='ltr'>obniti:</span> <span class='ocrx_word' id='word_1_146' title='bbox 297 1077 386 1109; x_wconf 90' lang='lat' dir='ltr'>nobis</span> <span class='ocrx_word' id='word_1_147' title='bbox 426 1082 533 1107; x_wconf 88' lang='lat' dir='ltr'>tamen</span> <span class='ocrx_word' id='word_1_148' title='bbox 576 1077 607 1106; x_wconf 90' lang='lat' dir='ltr'>in</span> <span class='ocrx_word' id='word_1_149' title='bbox 650 1077 744 1106; x_wconf 85' lang='lat' dir='ltr'>unius</span> <span class='ocrx_word' id='word_1_150' title='bbox 789 1075 913 1115; x_wconf 78' lang='lat' dir='ltr'>reprobi</span> <span class='ocrx_word' id='word_1_151' title='bbox 959 1085 1095 1115; x_wconf 85' lang='lat' dir='ltr'>persona</span> 
     </span>
     <span class='ocr_line' id='line_1_21' title="bbox 135 1118 1096 1162; baseline -0.007 -8"><span class='ocrx_word' id='word_1_152' title='bbox 135 1122 302 1162; x_wconf 78' lang='lat' dir='ltr'>superbiae</span> <span class='ocrx_word' id='word_1_153' title='bbox 331 1126 362 1150; x_wconf 84' lang='lat' dir='ltr'>et</span> <span class='ocrx_word' id='word_1_154' title='bbox 394 1119 577 1150; x_wconf 83' lang='lat' dir='ltr'>rebellionis</span> <span class='ocrx_word' id='word_1_155' title='bbox 609 1119 767 1149; x_wconf 87' lang='lat' dir='ltr'>humanae</span> <span class='ocrx_word' id='word_1_156' title='bbox 791 1119 896 1158; x_wconf 83' lang='lat' dir='ltr'>imago</span> <span class='ocrx_word' id='word_1_157' title='bbox 920 1118 1096 1155; x_wconf 71' lang='lat' dir='ltr'>subiicitur,</span> 
     </span>
     <span class='ocr_line' id='line_1_22' title="bbox 134 1159 1096 1202; baseline -0.006 -6"><span class='ocrx_word' id='word_1_158' title='bbox 134 1165 188 1197; x_wconf 92' lang='lat' dir='ltr'>ubi</span> <span class='ocrx_word' id='word_1_159' title='bbox 214 1175 276 1195; x_wconf 90' lang='lat' dir='ltr'>non</span> <span class='ocrx_word' id='word_1_160' title='bbox 300 1164 424 1202; x_wconf 88' lang='lat' dir='ltr'>regitur</span> <span class='ocrx_word' id='word_1_161' title='bbox 446 1162 560 1201; x_wconf 83' lang='lat' dir='ltr'>spiritu</span> <span class='ocrx_word' id='word_1_162' title='bbox 588 1161 854 1192; x_wconf 82' lang='lat' dir='ltr'>mansuetudinis.</span> <span class='ocrx_word' id='word_1_163' title='bbox 900 1161 1012 1200; x_wconf 87' lang='lat' dir='ltr'>Itaque</span> <span class='ocrx_word' id='word_1_164' title='bbox 1037 1159 1096 1190; x_wconf 88' lang='lat' dir='ltr'>hac</span> 
     </span>
     <span class='ocr_line' id='line_1_23' title="bbox 136 1202 1094 1240; baseline -0.007 -1"><span class='ocrx_word' id='word_1_165' title='bbox 136 1207 319 1239; x_wconf 80' lang='lat' dir='ltr'>narratione</span> <span class='ocrx_word' id='word_1_166' title='bbox 343 1205 496 1236; x_wconf 77' lang='lat' dir='ltr'>admoniti</span> <span class='ocrx_word' id='word_1_167' title='bbox 521 1203 639 1240; x_wconf 87' lang='lat' dir='ltr'>fideles,</span> <span class='ocrx_word' id='word_1_168' title='bbox 664 1204 774 1234; x_wconf 83' lang='lat' dir='ltr'>scdulo</span> <span class='ocrx_word' id='word_1_169' title='bbox 797 1210 949 1239; x_wconf 70' lang='lat' dir='ltr'>caveant,</span> <span class='ocrx_word' id='word_1_170' title='bbox 976 1214 1015 1233; x_wconf 84' lang='lat' dir='ltr'>ne</span> <span class='ocrx_word' id='word_1_171' title='bbox 1040 1202 1094 1233; x_wconf 88' lang='lat' dir='ltr'>ad-</span> 
     </span>
     <span class='ocr_line' id='line_1_24' title="bbox 135 1246 1095 1286; baseline -0.006 -5"><span class='ocrx_word' id='word_1_172' title='bbox 135 1260 247 1282; x_wconf 79' lang='lat' dir='ltr'>versus</span> <span class='ocrx_word' id='word_1_173' title='bbox 271 1249 375 1279; x_wconf 87' lang='lat' dir='ltr'>Deum</span> <span class='ocrx_word' id='word_1_174' title='bbox 407 1253 555 1286; x_wconf 75' lang='lat' dir='ltr'>proterve</span> <span class='ocrx_word' id='word_1_175' title='bbox 586 1246 813 1277; x_wconf 84' lang='lat' dir='ltr'>tumultuando</span> <span class='ocrx_word' id='word_1_176' title='bbox 844 1246 980 1277; x_wconf 86' lang='lat' dir='ltr'>similem</span> <span class='ocrx_word' id='word_1_177' title='bbox 1005 1246 1036 1275; x_wconf 92' lang='lat' dir='ltr'>in</span> <span class='ocrx_word' id='word_1_178' title='bbox 1061 1255 1095 1276; x_wconf 89' lang='lat' dir='ltr'>se</span> 
     </span>
     <span class='ocr_line' id='line_1_25' title="bbox 134 1288 1095 1334; baseline -0.006 -10"><span class='ocrx_word' id='word_1_179' title='bbox 134 1298 307 1334; x_wconf 80' lang='lat' dir='ltr'>provocent</span> <span class='ocrx_word' id='word_1_180' title='bbox 331 1290 518 1321; x_wconf 85' lang='lat' dir='ltr'>vindictam.</span> <span class='ocrx_word' id='word_1_181' title='bbox 554 1289 645 1320; x_wconf 86' lang='lat' dir='ltr'>Idem</span> <span class='ocrx_word' id='word_1_182' title='bbox 669 1290 754 1319; x_wconf 87' lang='lat' dir='ltr'>enim</span> <span class='ocrx_word' id='word_1_183' title='bbox 776 1290 828 1328; x_wconf 90' lang='lat' dir='ltr'>qui</span> <span class='ocrx_word' id='word_1_184' title='bbox 849 1300 903 1320; x_wconf 84' lang='lat' dir='ltr'>cor</span> <span class='ocrx_word' id='word_1_185' title='bbox 916 1288 1095 1319; x_wconf 84' lang='lat' dir='ltr'>Pharaonis</span> 
     </span>
     <span class='ocr_line' id='line_1_26' title="bbox 135 1331 1095 1373; baseline -0.007 -6"><span class='ocrx_word' id='word_1_186' title='bbox 135 1335 304 1367; x_wconf 75' lang='lat' dir='ltr'>obduravit</span> <span class='ocrx_word' id='word_1_187' title='bbox 323 1339 497 1373; x_wconf 85' lang='lat' dir='ltr'>perpetuus</span> <span class='ocrx_word' id='word_1_188' title='bbox 519 1338 566 1363; x_wconf 89' lang='lat' dir='ltr'>est</span> <span class='ocrx_word' id='word_1_189' title='bbox 586 1332 760 1371; x_wconf 84' lang='lat' dir='ltr'>impietatis</span> <span class='ocrx_word' id='word_1_190' title='bbox 781 1332 909 1367; x_wconf 74' lang='lat' dir='ltr'>vindex,</span> <span class='ocrx_word' id='word_1_191' title='bbox 930 1339 961 1361; x_wconf 88' lang='lat' dir='ltr'>ut</span> <span class='ocrx_word' id='word_1_192' title='bbox 985 1331 1095 1361; x_wconf 86' lang='lat' dir='ltr'>hostes</span> 
     </span>
     <span class='ocr_line' id='line_1_27' title="bbox 134 1375 1094 1417; baseline -0.007 -7"><span class='ocrx_word' id='word_1_193' title='bbox 134 1389 208 1410; x_wconf 80' lang='lat' dir='ltr'>suos</span> <span class='ocrx_word' id='word_1_194' title='bbox 223 1378 336 1417; x_wconf 85' lang='lat' dir='ltr'>spiritu</span> <span class='ocrx_word' id='word_1_195' title='bbox 356 1375 526 1415; x_wconf 74' lang='lat' dir='ltr'>vertiginis</span> <span class='ocrx_word' id='word_1_196' title='bbox 546 1376 736 1414; x_wconf 78' lang='lat' dir='ltr'>percutiens,</span> <span class='ocrx_word' id='word_1_197' title='bbox 758 1380 822 1405; x_wconf 87' lang='lat' dir='ltr'>tam</span> <span class='ocrx_word' id='word_1_198' title='bbox 844 1375 978 1405; x_wconf 86' lang='lat' dir='ltr'>furiosos</span> <span class='ocrx_word' id='word_1_199' title='bbox 997 1383 1094 1413; x_wconf 85' lang='lat' dir='ltr'>quam</span> 
     </span>
     <span class='ocr_line' id='line_1_28' title="bbox 134 1415 1093 1452; baseline -0.006 0"><span class='ocrx_word' id='word_1_200' title='bbox 134 1421 285 1452; x_wconf 84' lang='lat' dir='ltr'>attonitos</span> <span class='ocrx_word' id='word_1_201' title='bbox 309 1418 429 1449; x_wconf 88' lang='lat' dir='ltr'>reddat.</span> <span class='ocrx_word' id='word_1_202' title='bbox 475 1418 576 1448; x_wconf 90' lang='lat' dir='ltr'>Porro</span> <span class='ocrx_word' id='word_1_203' title='bbox 606 1428 645 1448; x_wconf 91' lang='lat' dir='ltr'>ne</span> <span class='ocrx_word' id='word_1_204' title='bbox 670 1418 776 1448; x_wconf 82' lang='lat' dir='ltr'>Moses</span> <span class='ocrx_word' id='word_1_205' title='bbox 807 1417 844 1448; x_wconf 88' lang='lat' dir='ltr'>ad</span> <span class='ocrx_word' id='word_1_206' title='bbox 878 1417 936 1447; x_wconf 91' lang='lat' dir='ltr'>hoc</span> <span class='ocrx_word' id='word_1_207' title='bbox 959 1415 1093 1447; x_wconf 86' lang='lat' dir='ltr'>offendi-</span> 
     </span>
     <span class='ocr_line' id='line_1_29' title="bbox 134 1459 1095 1502; baseline -0.006 -7"><span class='ocrx_word' id='word_1_208' title='bbox 134 1464 240 1496; x_wconf 89' lang='lat' dir='ltr'>culum</span> <span class='ocrx_word' id='word_1_209' title='bbox 254 1462 445 1502; x_wconf 77' lang='lat' dir='ltr'>impingens,</span> <span class='ocrx_word' id='word_1_210' title='bbox 465 1461 503 1492; x_wconf 87' lang='lat' dir='ltr'>ab</span> <span class='ocrx_word' id='word_1_211' title='bbox 522 1461 667 1500; x_wconf 89' lang='lat' dir='ltr'>incoepto</span> <span class='ocrx_word' id='word_1_212' title='bbox 680 1470 775 1491; x_wconf 87' lang='lat' dir='ltr'>cursu</span> <span class='ocrx_word' id='word_1_213' title='bbox 790 1459 931 1497; x_wconf 74' lang='lat' dir='ltr'>desistat,</span> <span class='ocrx_word' id='word_1_214' title='bbox 944 1459 1095 1490; x_wconf 85' lang='lat' dir='ltr'>hortatur</span> 
     </span>
     <span class='ocr_line' id='line_1_30' title="bbox 134 1501 1093 1541; baseline -0.007 -3"><span class='ocrx_word' id='word_1_215' title='bbox 134 1506 174 1538; x_wconf 86' lang='lat' dir='ltr'>ad</span> <span class='ocrx_word' id='word_1_216' title='bbox 197 1510 376 1538; x_wconf 85' lang='lat' dir='ltr'>certamen:</span> <span class='ocrx_word' id='word_1_217' title='bbox 408 1513 444 1533; x_wconf 86' lang='lat' dir='ltr'>ac</span> <span class='ocrx_word' id='word_1_218' title='bbox 474 1504 499 1534; x_wconf 86' lang='lat' dir='ltr'>si</span> <span class='ocrx_word' id='word_1_219' title='bbox 534 1502 652 1534; x_wconf 88' lang='lat' dir='ltr'>diceret</span> <span class='ocrx_word' id='word_1_220' title='bbox 683 1513 755 1533; x_wconf 86' lang='lat' dir='ltr'>cum</span> <span class='ocrx_word' id='word_1_221' title='bbox 785 1502 956 1533; x_wconf 85' lang='lat' dir='ltr'>durissimo</span> <span class='ocrx_word' id='word_1_222' title='bbox 989 1501 1093 1541; x_wconf 89' lang='lat' dir='ltr'>lapide</span> 
     </span>
     <span class='ocr_line' id='line_1_31' title="bbox 134 1544 1094 1587; baseline -0.007 -6"><span class='ocrx_word' id='word_1_223' title='bbox 134 1560 202 1580; x_wconf 87' lang='lat' dir='ltr'>esse</span> <span class='ocrx_word' id='word_1_224' title='bbox 226 1546 470 1587; x_wconf 83' lang='lat' dir='ltr'>confligendum,</span> <span class='ocrx_word' id='word_1_225' title='bbox 495 1545 594 1577; x_wconf 91' lang='lat' dir='ltr'>donec</span> <span class='ocrx_word' id='word_1_226' title='bbox 617 1545 801 1585; x_wconf 83' lang='lat' dir='ltr'>frangatur:</span> <span class='ocrx_word' id='word_1_227' title='bbox 826 1545 890 1576; x_wconf 89' lang='lat' dir='ltr'>Cor</span> <span class='ocrx_word' id='word_1_228' title='bbox 914 1544 1094 1575; x_wconf 82' lang='lat' dir='ltr'>Pharaonis</span> 
     </span>
     <span class='ocr_line' id='line_1_32' title="bbox 134 1587 1094 1632; baseline -0.006 -9"><span class='ocrx_word' id='word_1_229' title='bbox 134 1596 346 1632; x_wconf 79' lang='lat' dir='ltr'>aggravatum</span> <span class='ocrx_word' id='word_1_230' title='bbox 379 1599 448 1620; x_wconf 85' lang='lat' dir='ltr'>esse</span> <span class='ocrx_word' id='word_1_231' title='bbox 482 1588 631 1627; x_wconf 81' lang='lat' dir='ltr'>audiens,</span> <span class='ocrx_word' id='word_1_232' title='bbox 671 1592 799 1628; x_wconf 85' lang='lat' dir='ltr'>poterat</span> <span class='ocrx_word' id='word_1_233' title='bbox 831 1587 995 1619; x_wconf 73' lang='lat' dir='ltr'>lab-ascero</span> <span class='ocrx_word' id='word_1_234' title='bbox 1032 1587 1094 1618; x_wconf 87' lang='lat' dir='ltr'>nisi</span> 
     </span>
     <span class='ocr_line' id='line_1_33' title="bbox 133 1630 1094 1672; baseline -0.004 -7"><span class='ocrx_word' id='word_1_235' title='bbox 133 1634 264 1666; x_wconf 78' lang='lat' dir='ltr'>aliunde</span> <span class='ocrx_word' id='word_1_236' title='bbox 288 1637 416 1664; x_wconf 84' lang='lat' dir='ltr'>ostensa</span> <span class='ocrx_word' id='word_1_237' title='bbox 439 1632 549 1663; x_wconf 87' lang='lat' dir='ltr'>fuisset</span> <span class='ocrx_word' id='word_1_238' title='bbox 568 1642 640 1672; x_wconf 90' lang='lat' dir='ltr'>spes</span> <span class='ocrx_word' id='word_1_239' title='bbox 660 1631 820 1663; x_wconf 84' lang='lat' dir='ltr'>victoriae.</span> <span class='ocrx_word' id='word_1_240' title='bbox 857 1630 921 1663; x_wconf 81' lang='lat' dir='ltr'>Sed</span> <span class='ocrx_word' id='word_1_241' title='bbox 942 1631 1094 1670; x_wconf 90' lang='lat' dir='ltr'>quoniam</span> 
     </span>
     <span class='ocr_line' id='line_1_34' title="bbox 133 1673 1095 1714; baseline -0.005 -6"><span class='ocrx_word' id='word_1_242' title='bbox 133 1676 338 1708; x_wconf 88' lang='lat' dir='ltr'>indomabilis</span> <span class='ocrx_word' id='word_1_243' title='bbox 358 1680 406 1706; x_wconf 85' lang='lat' dir='ltr'>est</span> <span class='ocrx_word' id='word_1_244' title='bbox 424 1675 510 1706; x_wconf 89' lang='lat' dir='ltr'>illius</span> <span class='ocrx_word' id='word_1_245' title='bbox 529 1675 653 1706; x_wconf 86' lang='lat' dir='ltr'>belluae</span> <span class='ocrx_word' id='word_1_246' title='bbox 673 1675 860 1714; x_wconf 83' lang='lat' dir='ltr'>pervicacia,</span> <span class='ocrx_word' id='word_1_247' title='bbox 885 1674 978 1705; x_wconf 84' lang='lat' dir='ltr'>novis</span> <span class='ocrx_word' id='word_1_248' title='bbox 996 1673 1095 1704; x_wconf 83' lang='lat' dir='ltr'>armis</span> 
     </span>
     <span class='ocr_line' id='line_1_35' title="bbox 134 1716 1095 1757; baseline -0.004 -7"><span class='ocrx_word' id='word_1_249' title='bbox 134 1730 265 1751; x_wconf 83' lang='lat' dir='ltr'>servum</span> <span class='ocrx_word' id='word_1_250' title='bbox 286 1729 379 1749; x_wconf 88' lang='lat' dir='ltr'>suum</span> <span class='ocrx_word' id='word_1_251' title='bbox 398 1717 501 1749; x_wconf 86' lang='lat' dir='ltr'>induit</span> <span class='ocrx_word' id='word_1_252' title='bbox 516 1718 604 1748; x_wconf 87' lang='lat' dir='ltr'>Deus</span> <span class='ocrx_word' id='word_1_253' title='bbox 624 1718 713 1757; x_wconf 88' lang='lat' dir='ltr'>quasi</span> <span class='ocrx_word' id='word_1_254' title='bbox 729 1717 847 1749; x_wconf 85' lang='lat' dir='ltr'>diceret</span> <span class='ocrx_word' id='word_1_255' title='bbox 865 1716 1095 1748; x_wconf 86' lang='lat' dir='ltr'>conterendam</span> 
     </span>
     <span class='ocr_line' id='line_1_36' title="bbox 134 1759 1096 1801; baseline -0.004 -8"><span class='ocrx_word' id='word_1_256' title='bbox 134 1773 218 1798; x_wconf 86' lang='lat' dir='ltr'>csse,</span> <span class='ocrx_word' id='word_1_257' title='bbox 255 1761 382 1801; x_wconf 92' lang='lat' dir='ltr'>quando</span> <span class='ocrx_word' id='word_1_258' title='bbox 416 1761 521 1801; x_wconf 80' lang='lat' dir='ltr'>frangi</span> <span class='ocrx_word' id='word_1_259' title='bbox 555 1761 674 1800; x_wconf 87' lang='lat' dir='ltr'>nequit.</span> <span class='ocrx_word' id='word_1_260' title='bbox 728 1761 798 1790; x_wconf 86' lang='lat' dir='ltr'>Etsi</span> <span class='ocrx_word' id='word_1_261' title='bbox 829 1766 936 1791; x_wconf 81' lang='lat' dir='ltr'>autem</span> <span class='ocrx_word' id='word_1_262' title='bbox 968 1759 1096 1799; x_wconf 87' lang='lat' dir='ltr'>longius</span> 
     </span>
     <span class='ocr_line' id='line_1_37' title="bbox 133 1801 1095 1844; baseline -0.004 -9"><span class='ocrx_word' id='word_1_263' title='bbox 133 1805 216 1836; x_wconf 80' lang='lat' dir='ltr'>sorte</span> <span class='ocrx_word' id='word_1_264' title='bbox 236 1803 425 1844; x_wconf 90' lang='lat' dir='ltr'>quibusdam</span> <span class='ocrx_word' id='word_1_265' title='bbox 440 1804 539 1843; x_wconf 89' lang='lat' dir='ltr'>petita</span> <span class='ocrx_word' id='word_1_266' title='bbox 551 1803 697 1842; x_wconf 83' lang='lat' dir='ltr'>analogia</span> <span class='ocrx_word' id='word_1_267' title='bbox 711 1802 873 1834; x_wconf 87' lang='lat' dir='ltr'>videbitur</span> <span class='ocrx_word' id='word_1_268' title='bbox 889 1803 973 1833; x_wconf 86' lang='lat' dir='ltr'>inter</span> <span class='ocrx_word' id='word_1_269' title='bbox 985 1801 1095 1832; x_wconf 88' lang='lat' dir='ltr'>decem</span> 
     </span>
     <span class='ocr_line' id='line_1_38' title="bbox 133 1844 1096 1888; baseline -0.004 -10"><span class='ocrx_word' id='word_1_270' title='bbox 133 1847 245 1888; x_wconf 81' lang='lat' dir='ltr'><strong>plagas</strong></span> <span class='ocrx_word' id='word_1_271' title='bbox 269 1852 300 1877; x_wconf 84' lang='lat' dir='ltr'>et</span> <span class='ocrx_word' id='word_1_272' title='bbox 318 1846 426 1877; x_wconf 85' lang='lat' dir='ltr'>decem</span> <span class='ocrx_word' id='word_1_273' title='bbox 447 1845 526 1886; x_wconf 87' lang='lat' dir='ltr'>legis</span> <span class='ocrx_word' id='word_1_274' title='bbox 549 1851 735 1886; x_wconf 87' lang='lat' dir='ltr'>praecepta:</span> <span class='ocrx_word' id='word_1_275' title='bbox 759 1856 830 1876; x_wconf 89' lang='lat' dir='ltr'>meo</span> <span class='ocrx_word' id='word_1_276' title='bbox 851 1850 959 1876; x_wconf 86' lang='lat' dir='ltr'>tamen</span> <span class='ocrx_word' id='word_1_277' title='bbox 978 1844 1096 1876; x_wconf 91' lang='lat' dir='ltr'>iudicio</span> 
     </span>
     <span class='ocr_line' id='line_1_39' title="bbox 133 1888 1094 1930; baseline -0.002 -10"><span class='ocrx_word' id='word_1_278' title='bbox 133 1889 298 1930; x_wconf 70' lang='lat' dir='ltr'>probabile</span> <span class='ocrx_word' id='word_1_279' title='bbox 321 1895 369 1920; x_wconf 86' lang='lat' dir='ltr'>est</span> <span class='ocrx_word' id='word_1_280' title='bbox 392 1899 427 1920; x_wconf 91' lang='lat' dir='ltr'>ac</span> <span class='ocrx_word' id='word_1_281' title='bbox 458 1889 574 1919; x_wconf 87' lang='lat' dir='ltr'>rationi</span> <span class='ocrx_word' id='word_1_282' title='bbox 605 1894 874 1925; x_wconf 85' lang='lat' dir='ltr'>consentaneum,</span> <span class='ocrx_word' id='word_1_283' title='bbox 905 1888 1094 1928; x_wconf 76' lang='lat' dir='ltr'>priusquam</span> 
     </span>
     <span class='ocr_line' id='line_1_40' title="bbox 132 1930 1096 1973; baseline -0.004 -9"><span class='ocrx_word' id='word_1_284' title='bbox 132 1933 238 1973; x_wconf 88' lang='lat' dir='ltr'>legem</span> <span class='ocrx_word' id='word_1_285' title='bbox 271 1931 490 1972; x_wconf 84' lang='lat' dir='ltr'>promulgaret</span> <span class='ocrx_word' id='word_1_286' title='bbox 523 1932 628 1969; x_wconf 85' lang='lat' dir='ltr'>Deus,</span> <span class='ocrx_word' id='word_1_287' title='bbox 669 1931 802 1962; x_wconf 87' lang='lat' dir='ltr'>totidem</span> <span class='ocrx_word' id='word_1_288' title='bbox 843 1931 948 1971; x_wconf 76' lang='lat' dir='ltr'>plagis</span> <span class='ocrx_word' id='word_1_289' title='bbox 981 1930 1096 1970; x_wconf 91' lang='lat' dir='ltr'>impios</span> 
     </span>
     <span class='ocr_line' id='line_1_41' title="bbox 132 1974 1095 2015; baseline -0.003 -9"><span class='ocrx_word' id='word_1_290' title='bbox 132 1976 231 2007; x_wconf 79' lang='lat' dir='ltr'>fuisse</span> <span class='ocrx_word' id='word_1_291' title='bbox 255 1984 422 2015; x_wconf 87' lang='lat' dir='ltr'>percussos</span> <span class='ocrx_word' id='word_1_292' title='bbox 446 1980 522 2014; x_wconf 90' lang='lat' dir='ltr'>quot</span> <span class='ocrx_word' id='word_1_293' title='bbox 541 1974 676 2005; x_wconf 84' lang='lat' dir='ltr'>daturus</span> <span class='ocrx_word' id='word_1_294' title='bbox 695 1980 763 2005; x_wconf 80' lang='lat' dir='ltr'>crat</span> <span class='ocrx_word' id='word_1_295' title='bbox 787 1974 904 2014; x_wconf 89' lang='lat' dir='ltr'>populo</span> <span class='ocrx_word' id='word_1_296' title='bbox 927 1984 984 2005; x_wconf 88' lang='lat' dir='ltr'>suo</span> <span class='ocrx_word' id='word_1_297' title='bbox 1004 1984 1095 2012; x_wconf 88' lang='lat' dir='ltr'>prae-</span> 
     </span>
     <span class='ocr_line' id='line_1_42' title="bbox 134 2017 1094 2058; baseline -0.003 -9"><span class='ocrx_word' id='word_1_298' title='bbox 134 2024 241 2058; x_wconf 82' lang='lat' dir='ltr'>cepta,</span> <span class='ocrx_word' id='word_1_299' title='bbox 276 2024 309 2048; x_wconf 88' lang='lat' dir='ltr'>ut</span> <span class='ocrx_word' id='word_1_300' title='bbox 343 2028 451 2047; x_wconf 90' lang='lat' dir='ltr'>eorum</span> <span class='ocrx_word' id='word_1_301' title='bbox 487 2018 692 2048; x_wconf 81' lang='lat' dir='ltr'>autoritatem</span> <span class='ocrx_word' id='word_1_302' title='bbox 723 2017 782 2048; x_wconf 89' lang='lat' dir='ltr'>hoc</span> <span class='ocrx_word' id='word_1_303' title='bbox 817 2017 910 2048; x_wconf 91' lang='lat' dir='ltr'>modo</span> <span class='ocrx_word' id='word_1_304' title='bbox 946 2017 1094 2047; x_wconf 78' lang='lat' dir='ltr'>sanciret.</span> 
     </span>
     <span class='ocr_line' id='line_1_43' title="bbox 134 2058 1096 2094; baseline -0.004 -2"><span class='ocrx_word' id='word_1_305' title='bbox 134 2061 246 2092; x_wconf 91' lang='lat' dir='ltr'>Primo</span> <span class='ocrx_word' id='word_1_306' title='bbox 277 2066 382 2090; x_wconf 87' lang='lat' dir='ltr'>autem</span> <span class='ocrx_word' id='word_1_307' title='bbox 411 2059 497 2090; x_wconf 88' lang='lat' dir='ltr'>iubet</span> <span class='ocrx_word' id='word_1_308' title='bbox 520 2060 634 2091; x_wconf 85' lang='lat' dir='ltr'>Mosen</span> <span class='ocrx_word' id='word_1_309' title='bbox 665 2059 775 2090; x_wconf 85' lang='lat' dir='ltr'>tollere</span> <span class='ocrx_word' id='word_1_310' title='bbox 807 2060 972 2094; x_wconf 83' lang='lat' dir='ltr'>baculum,</span> <span class='ocrx_word' id='word_1_311' title='bbox 1003 2066 1034 2089; x_wconf 88' lang='lat' dir='ltr'>et</span> <span class='ocrx_word' id='word_1_312' title='bbox 1058 2058 1096 2089; x_wconf 88' lang='lat' dir='ltr'>de</span> 
     </span>
     <span class='ocr_line' id='line_1_44' title="bbox 134 2101 1096 2142; baseline -0.002 -8"><span class='ocrx_word' id='word_1_313' title='bbox 134 2108 262 2135; x_wconf 83' lang='lat' dir='ltr'>recente</span> <span class='ocrx_word' id='word_1_314' title='bbox 286 2103 443 2133; x_wconf 88' lang='lat' dir='ltr'>miraculo</span> <span class='ocrx_word' id='word_1_315' title='bbox 467 2102 631 2141; x_wconf 88' lang='lat' dir='ltr'>admonet,</span> <span class='ocrx_word' id='word_1_316' title='bbox 660 2112 721 2142; x_wconf 92' lang='lat' dir='ltr'>quo</span> <span class='ocrx_word' id='word_1_317' title='bbox 750 2104 871 2133; x_wconf 85' lang='lat' dir='ltr'>maiore</span> <span class='ocrx_word' id='word_1_318' title='bbox 900 2101 1096 2133; x_wconf 80' lang='lat' dir='ltr'>confidentia</span> 
     </span>
     <span class='ocr_line' id='line_1_45' title="bbox 134 2143 1095 2185; baseline -0.002 -9"><span class='ocrx_word' id='word_1_319' title='bbox 134 2157 168 2177; x_wconf 88' lang='lat' dir='ltr'>se</span> <span class='ocrx_word' id='word_1_320' title='bbox 196 2146 234 2176; x_wconf 90' lang='lat' dir='ltr'>ad</span> <span class='ocrx_word' id='word_1_321' title='bbox 263 2156 384 2176; x_wconf 88' lang='lat' dir='ltr'>novum</span> <span class='ocrx_word' id='word_1_322' title='bbox 413 2155 621 2185; x_wconf 81' lang='lat' dir='ltr'>congressum</span> <span class='ocrx_word' id='word_1_323' title='bbox 652 2145 807 2185; x_wconf 86' lang='lat' dir='ltr'>accingat.</span> <span class='ocrx_word' id='word_1_324' title='bbox 853 2144 979 2175; x_wconf 80' lang='lat' dir='ltr'>Deinde</span> <span class='ocrx_word' id='word_1_325' title='bbox 1012 2143 1095 2183; x_wconf 90' lang='lat' dir='ltr'>quod</span> 
     </span>
     <span class='ocr_line' id='line_1_46' title="bbox 135 2187 1094 2228; baseline -0.002 -9"><span class='ocrx_word' id='word_1_326' title='bbox 135 2188 277 2220; x_wconf 85' lang='lat' dir='ltr'>breviter</span> <span class='ocrx_word' id='word_1_327' title='bbox 290 2189 450 2228; x_wconf 74' lang='lat' dir='ltr'>attigerat,</span> <span class='ocrx_word' id='word_1_328' title='bbox 470 2188 574 2219; x_wconf 86' lang='lat' dir='ltr'>fusius</span> <span class='ocrx_word' id='word_1_329' title='bbox 595 2189 806 2228; x_wconf 66' lang='lat' dir='ltr'>prosequitur,</span> <span class='ocrx_word' id='word_1_330' title='bbox 827 2198 915 2218; x_wconf 88' lang='lat' dir='ltr'>more</span> <span class='ocrx_word' id='word_1_331' title='bbox 929 2187 1094 2218; x_wconf 85' lang='lat' dir='ltr'>hebraico:</span> 
     </span>
     <span class='ocr_line' id='line_1_47' title="bbox 136 2230 1094 2270; baseline -0.001 -10"><span class='ocrx_word' id='word_1_332' title='bbox 136 2230 298 2270; x_wconf 85' lang='lat' dir='ltr'>Principio</span> <span class='ocrx_word' id='word_1_333' title='bbox 320 2232 406 2261; x_wconf 89' lang='lat' dir='ltr'>enim</span> <span class='ocrx_word' id='word_1_334' title='bbox 426 2231 515 2261; x_wconf 84' lang='lat' dir='ltr'>nulla</span> <span class='ocrx_word' id='word_1_335' title='bbox 535 2231 572 2261; x_wconf 90' lang='lat' dir='ltr'>fit</span> <span class='ocrx_word' id='word_1_336' title='bbox 591 2231 711 2261; x_wconf 88' lang='lat' dir='ltr'>mentio</span> <span class='ocrx_word' id='word_1_337' title='bbox 725 2231 869 2266; x_wconf 81' lang='lat' dir='ltr'>Aharou,</span> <span class='ocrx_word' id='word_1_338' title='bbox 894 2230 948 2261; x_wconf 88' lang='lat' dir='ltr'>sed</span> <span class='ocrx_word' id='word_1_339' title='bbox 969 2235 1094 2260; x_wconf 89' lang='lat' dir='ltr'>tantum</span> 
     </span>
     <span class='ocr_line' id='line_1_48' title="bbox 136 2272 1097 2313; baseline -0.001 -10"><span class='ocrx_word' id='word_1_340' title='bbox 136 2272 220 2303; x_wconf 87' lang='lat' dir='ltr'>Mosi</span> <span class='ocrx_word' id='word_1_341' title='bbox 242 2273 330 2304; x_wconf 89' lang='lat' dir='ltr'>Deus</span> <span class='ocrx_word' id='word_1_342' title='bbox 352 2273 484 2304; x_wconf 86' lang='lat' dir='ltr'>mandat</span> <span class='ocrx_word' id='word_1_343' title='bbox 506 2273 580 2313; x_wconf 90' lang='lat' dir='ltr'>quid</span> <span class='ocrx_word' id='word_1_344' title='bbox 605 2274 674 2304; x_wconf 86' lang='lat' dir='ltr'>fieri</span> <span class='ocrx_word' id='word_1_345' title='bbox 698 2274 790 2304; x_wconf 82' lang='lat' dir='ltr'>velit:</span> <span class='ocrx_word' id='word_1_346' title='bbox 818 2272 931 2304; x_wconf 89' lang='lat' dir='ltr'>deinde</span> <span class='ocrx_word' id='word_1_347' title='bbox 956 2272 1097 2313; x_wconf 83' lang='lat' dir='ltr'>explicat</span> 
     </span>
     <span class='ocr_line' id='line_1_49' title="bbox 137 2315 1095 2355; baseline 0 -10"><span class='ocrx_word' id='word_1_348' title='bbox 137 2325 267 2345; x_wconf 89' lang='lat' dir='ltr'>manum</span> <span class='ocrx_word' id='word_1_349' title='bbox 288 2316 420 2346; x_wconf 85' lang='lat' dir='ltr'>Aharon</span> <span class='ocrx_word' id='word_1_350' title='bbox 446 2316 543 2347; x_wconf 85' lang='lat' dir='ltr'>fuisse</span> <span class='ocrx_word' id='word_1_351' title='bbox 565 2316 803 2355; x_wconf 56' lang='lat' dir='ltr'>interpositam⁴</span> <span class='ocrx_word' id='word_1_352' title='bbox 848 2316 918 2346; x_wconf 89' lang='lat' dir='ltr'>Iam</span> <span class='ocrx_word' id='word_1_353' title='bbox 942 2326 1018 2355; x_wconf 85' lang='lat' dir='ltr'>ergo</span> <span class='ocrx_word' id='word_1_354' title='bbox 1042 2315 1095 2345; x_wconf 94' lang='lat' dir='ltr'>ubi</span> 
     </span>
     <span class='ocr_line' id='line_1_50' title="bbox 137 2358 1096 2404; baseline 0.001 -17"><span class='ocrx_word' id='word_1_355' title='bbox 137 2364 363 2404; x_wconf 76' lang='lat' dir='ltr'>commemorat</span> <span class='ocrx_word' id='word_1_356' title='bbox 386 2359 475 2390; x_wconf 87' lang='lat' dir='ltr'>Dens</span> <span class='ocrx_word' id='word_1_357' title='bbox 500 2359 624 2399; x_wconf 86' lang='lat' dir='ltr'>virgam</span> <span class='ocrx_word' id='word_1_358' title='bbox 656 2370 759 2399; x_wconf 84' lang='lat' dir='ltr'>nuper</span> <span class='ocrx_word' id='word_1_359' title='bbox 785 2358 884 2390; x_wconf 86' lang='lat' dir='ltr'>fuisse</span> <span class='ocrx_word' id='word_1_360' title='bbox 907 2368 1096 2389; x_wconf 81' lang='lat' dir='ltr'>conversam</span> 
     </span>
     <span class='ocr_line' id='line_1_51' title="bbox 136 2401 1096 2441; baseline 0.001 -12"><span class='ocrx_word' id='word_1_361' title='bbox 136 2411 170 2430; x_wconf 87' lang='grc'>111</span> <span class='ocrx_word' id='word_1_362' title='bbox 194 2407 389 2440; x_wconf 80' lang='lat' dir='ltr'>serpentem,</span> <span class='ocrx_word' id='word_1_363' title='bbox 419 2401 560 2432; x_wconf 76' lang='lat' dir='ltr'>ostendit</span> <span class='ocrx_word' id='word_1_364' title='bbox 589 2401 672 2432; x_wconf 86' lang='lat' dir='ltr'>male</span> <span class='ocrx_word' id='word_1_365' title='bbox 705 2412 762 2432; x_wconf 88' lang='lat' dir='ltr'>nos</span> <span class='ocrx_word' id='word_1_366' title='bbox 792 2402 824 2432; x_wconf 89' lang='lat' dir='ltr'>in</span> <span class='ocrx_word' id='word_1_367' title='bbox 855 2401 1005 2441; x_wconf 86' lang='lat' dir='ltr'>operibus</span> <span class='ocrx_word' id='word_1_368' title='bbox 1029 2401 1096 2431; x_wconf 87' lang='lat' dir='ltr'>suis</span> 
     </span>
     <span class='ocr_line' id='line_1_52' title="bbox 136 2442 1096 2485; baseline 0.002 -14"><span class='ocrx_word' id='word_1_369' title='bbox 136 2442 290 2482; x_wconf 90' lang='lat' dir='ltr'>proficere</span> <span class='ocrx_word' id='word_1_370' title='bbox 314 2443 372 2474; x_wconf 92' lang='lat' dir='ltr'>nisi</span> <span class='ocrx_word' id='word_1_371' title='bbox 395 2444 469 2475; x_wconf 91' lang='lat' dir='ltr'>inde</span> <span class='ocrx_word' id='word_1_372' title='bbox 499 2444 583 2475; x_wconf 86' lang='lat' dir='ltr'>vires</span> <span class='ocrx_word' id='word_1_373' title='bbox 610 2444 739 2485; x_wconf 85' lang='lat' dir='ltr'>colligat</span> <span class='ocrx_word' id='word_1_374' title='bbox 767 2444 846 2475; x_wconf 89' lang='lat' dir='ltr'>fides</span> <span class='ocrx_word' id='word_1_375' title='bbox 881 2450 998 2474; x_wconf 88' lang='lat' dir='ltr'>nostra.</span> <span class='ocrx_word' id='word_1_376' title='bbox 1045 2442 1096 2474; x_wconf 86' lang='lat' dir='ltr'>Ad</span> 
     </span>
     <span class='ocr_line' id='line_1_53' title="bbox 137 2484 1097 2526; baseline 0.001 -10"><span class='ocrx_word' id='word_1_377' title='bbox 137 2485 232 2520; x_wconf 84' lang='lat' dir='ltr'>haec,</span> <span class='ocrx_word' id='word_1_378' title='bbox 262 2484 315 2514; x_wconf 92' lang='lat' dir='ltr'>ubi</span> <span class='ocrx_word' id='word_1_379' title='bbox 344 2485 515 2518; x_wconf 84' lang='lat' dir='ltr'>denunciat</span> <span class='ocrx_word' id='word_1_380' title='bbox 545 2487 706 2517; x_wconf 86' lang='lat' dir='ltr'>Pharaoni</span> <span class='ocrx_word' id='word_1_381' title='bbox 732 2487 820 2518; x_wconf 86' lang='lat' dir='ltr'>Deus</span> <span class='ocrx_word' id='word_1_382' title='bbox 852 2486 925 2526; x_wconf 89' lang='lat' dir='ltr'>quid</span> <span class='ocrx_word' id='word_1_383' title='bbox 954 2487 1097 2517; x_wconf 80' lang='lat' dir='ltr'>facturus</span> 
     </span>
     <span class='ocr_line' id='line_1_54' title="bbox 137 2527 1096 2569; baseline 0.001 -11"><span class='ocrx_word' id='word_1_384' title='bbox 137 2528 196 2563; x_wconf 82' lang='lat' dir='ltr'>sit,</span> <span class='ocrx_word' id='word_1_385' title='bbox 225 2527 327 2566; x_wconf 88' lang='lat' dir='ltr'>magis</span> <span class='ocrx_word' id='word_1_386' title='bbox 357 2528 461 2559; x_wconf 83' lang='lat' dir='ltr'>reddit</span> <span class='ocrx_word' id='word_1_387' title='bbox 489 2529 756 2566; x_wconf 80' lang='lat' dir='ltr'>inexcusabilem,</span> <span class='ocrx_word' id='word_1_388' title='bbox 791 2528 876 2569; x_wconf 91' lang='lat' dir='ltr'>quod</span> <span class='ocrx_word' id='word_1_389' title='bbox 905 2529 1001 2560; x_wconf 79' lang='lat' dir='ltr'>minis</span> <span class='ocrx_word' id='word_1_390' title='bbox 1034 2539 1096 2559; x_wconf 89' lang='lat' dir='ltr'>non</span> 
     </span>
     <span class='ocr_line' id='line_1_55' title="bbox 138 2570 1096 2612; baseline 0.002 -12"><span class='ocrx_word' id='word_1_391' title='bbox 138 2570 292 2609; x_wconf 82' lang='lat' dir='ltr'>tangitur,</span> <span class='ocrx_word' id='word_1_392' title='bbox 316 2578 349 2599; x_wconf 74' lang='lat' dir='ltr'>ut</span> <span class='ocrx_word' id='word_1_393' title='bbox 373 2571 546 2610; x_wconf 77' lang='lat' dir='ltr'>resipiscat.</span> <span class='ocrx_word' id='word_1_394' title='bbox 593 2571 722 2603; x_wconf 81' lang='lat' dir='ltr'>Sciebat</span> <span class='ocrx_word' id='word_1_395' title='bbox 751 2572 880 2612; x_wconf 88' lang='lat' dir='ltr'>quidem</span> <span class='ocrx_word' id='word_1_396' title='bbox 907 2572 994 2602; x_wconf 88' lang='lat' dir='ltr'>Deus</span> <span class='ocrx_word' id='word_1_397' title='bbox 1023 2583 1096 2612; x_wconf 93' lang='lat' dir='ltr'>pro-</span> 
     </span>
     <span class='ocr_line' id='line_1_56' title="bbox 135 2611 1096 2654; baseline 0.001 -10"><span class='ocrx_word' id='word_1_398' title='bbox 135 2612 223 2644; x_wconf 87' lang='lat' dir='ltr'>fectu</span> <span class='ocrx_word' id='word_1_399' title='bbox 246 2611 305 2642; x_wconf 84' lang='lat' dir='ltr'>hoc</span> <span class='ocrx_word' id='word_1_400' title='bbox 329 2612 518 2644; x_wconf 89' lang='lat' dir='ltr'>cariturum:</span> <span class='ocrx_word' id='word_1_401' title='bbox 542 2614 596 2645; x_wconf 84' lang='lat' dir='ltr'>sed</span> <span class='ocrx_word' id='word_1_402' title='bbox 615 2615 761 2654; x_wconf 84' lang='lat' dir='ltr'>quamvis</span> <span class='ocrx_word' id='word_1_403' title='bbox 780 2614 991 2646; x_wconf 80' lang='lat' dir='ltr'>insanabilem</span> <span class='ocrx_word' id='word_1_404' title='bbox 1011 2624 1096 2645; x_wconf 90' lang='lat' dir='ltr'>mor-</span> 
     </span>
    </p>
   </div>
   <div class='ocr_carea' id='block_1_4' title="bbox 1122 278 1125 2642">
    <p class='ocr_par' dir='ltr' id='par_1_4' title="bbox 1122 278 1125 2642">
     <span class='ocr_line' id='line_1_57' title="bbox 1122 278 1125 2642; baseline 0 0"><span class='ocrx_word' id='word_1_405' title='bbox 1122 278 1125 2642; x_wconf 95' lang='lat' dir='ltr'> </span> 
     </span>
    </p>
   </div>
   <div class='ocr_carea' id='block_1_5' title="bbox 1147 264 2111 2647">
    <p class='ocr_par' dir='ltr' id='par_1_5' title="bbox 1148 264 2111 731">
     <span class='ocr_line' id='line_1_58' title="bbox 1151 264 2111 306; baseline -0.002 -10"><span class='ocrx_word' id='word_1_406' title='bbox 1151 265 1226 296; x_wconf 88' lang='lat' dir='ltr'>bum</span> <span class='ocrx_word' id='word_1_407' title='bbox 1246 270 1426 306; x_wconf 86' lang='lat' dir='ltr'>cognoscat,</span> <span class='ocrx_word' id='word_1_408' title='bbox 1448 277 1511 297; x_wconf 89' lang='lat' dir='ltr'>non</span> <span class='ocrx_word' id='word_1_409' title='bbox 1531 271 1638 298; x_wconf 86' lang='lat' dir='ltr'>tamen</span> <span class='ocrx_word' id='word_1_410' title='bbox 1659 266 1800 298; x_wconf 85' lang='lat' dir='ltr'>remedia</span> <span class='ocrx_word' id='word_1_411' title='bbox 1819 265 1971 297; x_wconf 87' lang='lat' dir='ltr'>adhibere</span> <span class='ocrx_word' id='word_1_412' title='bbox 1983 264 2111 303; x_wconf 80' lang='lat' dir='ltr'>desinit,</span> 
     </span>
     <span class='ocr_line' id='line_1_59' title="bbox 1151 307 2110 348; baseline -0.002 -9"><span class='ocrx_word' id='word_1_413' title='bbox 1151 319 1215 339; x_wconf 89' lang='lat' dir='ltr'>non</span> <span class='ocrx_word' id='word_1_414' title='bbox 1239 319 1321 348; x_wconf 89' lang='lat' dir='ltr'>quae</span> <span class='ocrx_word' id='word_1_415' title='bbox 1345 309 1515 339; x_wconf 75' lang='lat' dir='ltr'>sanitatem</span> <span class='ocrx_word' id='word_1_416' title='bbox 1545 309 1727 346; x_wconf 87' lang='lat' dir='ltr'>conferant,</span> <span class='ocrx_word' id='word_1_417' title='bbox 1756 308 1810 340; x_wconf 91' lang='lat' dir='ltr'>sed</span> <span class='ocrx_word' id='word_1_418' title='bbox 1845 318 1927 348; x_wconf 82' lang='lat' dir='ltr'>quae</span> <span class='ocrx_word' id='word_1_419' title='bbox 1949 307 2110 338; x_wconf 87' lang='lat' dir='ltr'>occultum</span> 
     </span>
     <span class='ocr_line' id='line_1_60' title="bbox 1150 350 2109 392; baseline -0.002 -11"><span class='ocrx_word' id='word_1_420' title='bbox 1150 357 1266 382; x_wconf 87' lang='lat' dir='ltr'>eruant</span> <span class='ocrx_word' id='word_1_421' title='bbox 1296 362 1335 382; x_wconf 78' lang='lat' dir='ltr'>ex</span> <span class='ocrx_word' id='word_1_422' title='bbox 1368 352 1482 382; x_wconf 82' lang='lat' dir='ltr'>animis</span> <span class='ocrx_word' id='word_1_423' title='bbox 1508 352 1604 383; x_wconf 88' lang='lat' dir='ltr'>virus.</span> <span class='ocrx_word' id='word_1_424' title='bbox 1650 352 1801 392; x_wconf 83' lang='lat' dir='ltr'>Litigant</span> <span class='ocrx_word' id='word_1_425' title='bbox 1831 351 1881 382; x_wconf 86' lang='lat' dir='ltr'>hic</span> <span class='ocrx_word' id='word_1_426' title='bbox 1911 350 2004 381; x_wconf 90' lang='lat' dir='ltr'>multi</span> <span class='ocrx_word' id='word_1_427' title='bbox 2036 359 2109 380; x_wconf 87' lang='lat' dir='ltr'>cum</span> 
     </span>
     <span class='ocr_line' id='line_1_61' title="bbox 1150 391 2109 433; baseline -0.002 -9"><span class='ocrx_word' id='word_1_428' title='bbox 1150 394 1236 431; x_wconf 83' lang='lat' dir='ltr'>Deo,</span> <span class='ocrx_word' id='word_1_429' title='bbox 1260 394 1341 433; x_wconf 88' lang='lat' dir='ltr'>quod</span> <span class='ocrx_word' id='word_1_430' title='bbox 1368 404 1427 424; x_wconf 89' lang='lat' dir='ltr'>non</span> <span class='ocrx_word' id='word_1_431' title='bbox 1461 399 1587 425; x_wconf 82' lang='lat' dir='ltr'>tantum</span> <span class='ocrx_word' id='word_1_432' title='bbox 1617 404 1690 425; x_wconf 89' lang='lat' dir='ltr'>cum</span> <span class='ocrx_word' id='word_1_433' title='bbox 1721 393 1827 425; x_wconf 86' lang='lat' dir='ltr'>surdis</span> <span class='ocrx_word' id='word_1_434' title='bbox 1857 394 2019 433; x_wconf 88' lang='lat' dir='ltr'>loquatur,</span> <span class='ocrx_word' id='word_1_435' title='bbox 2055 391 2109 423; x_wconf 85' lang='lat' dir='ltr'>sed</span> 
     </span>
     <span class='ocr_line' id='line_1_62' title="bbox 1150 435 2111 477; baseline -0.001 -11"><span class='ocrx_word' id='word_1_436' title='bbox 1150 437 1246 467; x_wconf 86' lang='lat' dir='ltr'>etiam</span> <span class='ocrx_word' id='word_1_437' title='bbox 1279 437 1398 467; x_wconf 85' lang='lat' dir='ltr'>frustra</span> <span class='ocrx_word' id='word_1_438' title='bbox 1430 437 1589 467; x_wconf 88' lang='lat' dir='ltr'>monendo</span> <span class='ocrx_word' id='word_1_439' title='bbox 1621 437 1670 467; x_wconf 88' lang='lat' dir='ltr'>vel</span> <span class='ocrx_word' id='word_1_440' title='bbox 1706 435 1906 477; x_wconf 82' lang='lat' dir='ltr'>castigando,</span> <span class='ocrx_word' id='word_1_441' title='bbox 1941 435 2044 475; x_wconf 86' lang='lat' dir='ltr'>magis</span> <span class='ocrx_word' id='word_1_442' title='bbox 2075 444 2111 465; x_wconf 87' lang='lat' dir='ltr'>ac</span> 
     </span>
     <span class='ocr_line' id='line_1_63' title="bbox 1149 478 2110 519; baseline -0.002 -10"><span class='ocrx_word' id='word_1_443' title='bbox 1149 479 1252 519; x_wconf 86' lang='lat' dir='ltr'>magis</span> <span class='ocrx_word' id='word_1_444' title='bbox 1276 484 1444 518; x_wconf 80' lang='lat' dir='ltr'>exasperet</span> <span class='ocrx_word' id='word_1_445' title='bbox 1466 490 1574 509; x_wconf 86' lang='lat' dir='ltr'>corum</span> <span class='ocrx_word' id='word_1_446' title='bbox 1595 480 1761 511; x_wconf 87' lang='lat' dir='ltr'>malitiam.</span> <span class='ocrx_word' id='word_1_447' title='bbox 1797 478 1861 510; x_wconf 77' lang='lat' dir='ltr'>Sed</span> <span class='ocrx_word' id='word_1_448' title='bbox 1886 484 2029 509; x_wconf 87' lang='lat' dir='ltr'>nostrum</span> <span class='ocrx_word' id='word_1_449' title='bbox 2051 481 2110 514; x_wconf 83' lang='lat' dir='ltr'>est,</span> 
     </span>
     <span class='ocr_line' id='line_1_64' title="bbox 1149 520 2109 562; baseline -0.001 -11"><span class='ocrx_word' id='word_1_450' title='bbox 1149 520 1203 552; x_wconf 89' lang='lat' dir='ltr'>ubi</span> <span class='ocrx_word' id='word_1_451' title='bbox 1228 533 1284 552; x_wconf 88' lang='lat' dir='ltr'>nos</span> <span class='ocrx_word' id='word_1_452' title='bbox 1306 521 1413 561; x_wconf 87' lang='lat' dir='ltr'>aliqua</span> <span class='ocrx_word' id='word_1_453' title='bbox 1436 521 1642 552; x_wconf 72' lang='lat' dir='ltr'>absurditatis</span> <span class='ocrx_word' id='word_1_454' title='bbox 1666 522 1787 562; x_wconf 82' lang='lat' dir='ltr'>species</span> <span class='ocrx_word' id='word_1_455' title='bbox 1811 521 1995 557; x_wconf 78' lang='lat' dir='ltr'>conturbat,</span> <span class='ocrx_word' id='word_1_456' title='bbox 2019 531 2109 550; x_wconf 87' lang='lat' dir='ltr'>reve-</span> 
     </span>
     <span class='ocr_line' id='line_1_65' title="bbox 1149 562 2109 603; baseline -0.002 -9"><span class='ocrx_word' id='word_1_457' title='bbox 1149 570 1259 595; x_wconf 86' lang='lat' dir='ltr'>renter</span> <span class='ocrx_word' id='word_1_458' title='bbox 1287 564 1448 603; x_wconf 84' lang='lat' dir='ltr'>suspicere</span> <span class='ocrx_word' id='word_1_459' title='bbox 1472 574 1587 595; x_wconf 81' lang='lat' dir='ltr'>arcana</span> <span class='ocrx_word' id='word_1_460' title='bbox 1611 564 1672 595; x_wconf 88' lang='lat' dir='ltr'>Dei</span> <span class='ocrx_word' id='word_1_461' title='bbox 1694 565 1828 601; x_wconf 85' lang='lat' dir='ltr'>iudicia,</span> <span class='ocrx_word' id='word_1_462' title='bbox 1859 568 1891 594; x_wconf 89' lang='lat' dir='ltr'>et</span> <span class='ocrx_word' id='word_1_463' title='bbox 1920 563 1959 594; x_wconf 86' lang='lat' dir='ltr'>ad</span> <span class='ocrx_word' id='word_1_464' title='bbox 1989 562 2109 593; x_wconf 89' lang='lat' dir='ltr'>sobrie-</span> 
     </span>
     <span class='ocr_line' id='line_1_66' title="bbox 1149 605 2110 646; baseline -0.001 -9"><span class='ocrx_word' id='word_1_465' title='bbox 1149 611 1248 637; x_wconf 85' lang='lat' dir='ltr'>tatem</span> <span class='ocrx_word' id='word_1_466' title='bbox 1276 617 1397 646; x_wconf 80' lang='lat' dir='ltr'>sapere.</span> <span class='ocrx_word' id='word_1_467' title='bbox 1448 606 1578 637; x_wconf 84' lang='lat' dir='ltr'>Interea</span> <span class='ocrx_word' id='word_1_468' title='bbox 1607 613 1741 638; x_wconf 83' lang='lat' dir='ltr'>eveutus</span> <span class='ocrx_word' id='word_1_469' title='bbox 1776 607 1866 638; x_wconf 79' lang='lat' dir='ltr'>docet</span> <span class='ocrx_word' id='word_1_470' title='bbox 1903 616 1965 636; x_wconf 88' lang='lat' dir='ltr'>nou</span> <span class='ocrx_word' id='word_1_471' title='bbox 2001 605 2110 636; x_wconf 85' lang='lat' dir='ltr'>irritas</span> 
     </span>
     <span class='ocr_line' id='line_1_67' title="bbox 1148 649 2110 689; baseline -0.001 -10"><span class='ocrx_word' id='word_1_472' title='bbox 1148 649 1262 680; x_wconf 85' lang='lat' dir='ltr'>cadere</span> <span class='ocrx_word' id='word_1_473' title='bbox 1286 649 1347 680; x_wconf 88' lang='lat' dir='ltr'>Dei</span> <span class='ocrx_word' id='word_1_474' title='bbox 1371 649 1485 686; x_wconf 86' lang='lat' dir='ltr'>minas,</span> <span class='ocrx_word' id='word_1_475' title='bbox 1508 649 1562 679; x_wconf 85' lang='lat' dir='ltr'>sed</span> <span class='ocrx_word' id='word_1_476' title='bbox 1587 660 1695 680; x_wconf 86' lang='lat' dir='ltr'>earum</span> <span class='ocrx_word' id='word_1_477' title='bbox 1720 653 1907 689; x_wconf 86' lang='lat' dir='ltr'>contemptu</span> <span class='ocrx_word' id='word_1_478' title='bbox 1932 649 2052 680; x_wconf 86' lang='lat' dir='ltr'>crimen</span> <span class='ocrx_word' id='word_1_479' title='bbox 2073 658 2110 679; x_wconf 85' lang='lat' dir='ltr'>ac</span> 
     </span>
     <span class='ocr_line' id='line_1_68' title="bbox 1148 691 1473 731; baseline -0.006 -8"><span class='ocrx_word' id='word_1_480' title='bbox 1148 702 1285 731; x_wconf 85' lang='lat' dir='ltr'>poenam</span> <span class='ocrx_word' id='word_1_481' title='bbox 1309 691 1473 731; x_wconf 89' lang='lat' dir='ltr'>duplicari.</span> 
     </span>
    </p>

    <p class='ocr_par' dir='ltr' id='par_1_6' title="bbox 1147 733 2111 2313">
     <span class='ocr_line' id='line_1_69' title="bbox 1235 733 2109 766; baseline -0.003 0"><span class='ocrx_word' id='word_1_482' title='bbox 1235 735 1283 766; x_wconf 84' lang='lat'>19.</span> <span class='ocrx_word' id='word_1_483' title='bbox 1314 734 1356 764; x_wconf 86' lang='lat' dir='ltr'>Et</span> <span class='ocrx_word' id='word_1_484' title='bbox 1384 734 1466 765; x_wconf 63' lang='lat' dir='ltr'>&lt;mit</span> <span class='ocrx_word' id='word_1_485' title='bbox 1490 733 1600 765; x_wconf 76' lang='lat' dir='ltr'>Iehova</span> <span class='ocrx_word' id='word_1_486' title='bbox 1630 735 1671 765; x_wconf 77' lang='lat' dir='ltr'>ad</span> <span class='ocrx_word' id='word_1_487' title='bbox 1694 734 1809 766; x_wconf 76' lang='lat' dir='ltr'>Mosen.</span> <span class='ocrx_word' id='word_1_488' title='bbox 1855 734 1946 764; x_wconf 89' lang='lat' dir='ltr'>Haec</span> <span class='ocrx_word' id='word_1_489' title='bbox 1977 733 2031 763; x_wconf 87' lang='lat' dir='ltr'>illa</span> <span class='ocrx_word' id='word_1_490' title='bbox 2061 737 2109 764; x_wconf 88' lang='lat' dir='ltr'>est</span> 
     </span>
     <span class='ocr_line' id='line_1_70' title="bbox 1148 774 2109 818; baseline -0.003 -10"><span class='ocrx_word' id='word_1_491' title='bbox 1148 778 1304 818; x_wconf 80' lang='lat' dir='ltr'>prolixior</span> <span class='ocrx_word' id='word_1_492' title='bbox 1328 777 1468 807; x_wconf 79' lang='lat' dir='ltr'>narratio</span> <span class='ocrx_word' id='word_1_493' title='bbox 1492 787 1585 816; x_wconf 78' lang='lat' dir='ltr'>quam</span> <span class='ocrx_word' id='word_1_494' title='bbox 1611 776 1686 808; x_wconf 82' lang='lat' dir='ltr'>dixi.</span> <span class='ocrx_word' id='word_1_495' title='bbox 1732 777 1843 817; x_wconf 89' lang='lat' dir='ltr'>Neque</span> <span class='ocrx_word' id='word_1_496' title='bbox 1868 777 1955 807; x_wconf 89' lang='lat' dir='ltr'>enim</span> <span class='ocrx_word' id='word_1_497' title='bbox 1979 774 2067 806; x_wconf 87' lang='lat' dir='ltr'>aliud</span> <span class='ocrx_word' id='word_1_498' title='bbox 2091 786 2109 806; x_wconf 89' lang='lat' dir='ltr'>a</span> 
     </span>
     <span class='ocr_line' id='line_1_71' title="bbox 1149 818 2108 860; baseline -0.003 -9"><span class='ocrx_word' id='word_1_499' title='bbox 1149 821 1295 860; x_wconf 77' lang='lat' dir='ltr'>proximo</span> <span class='ocrx_word' id='word_1_500' title='bbox 1320 819 1482 850; x_wconf 82' lang='lat' dir='ltr'>diversum</span> <span class='ocrx_word' id='word_1_501' title='bbox 1507 819 1603 849; x_wconf 84' lang='lat' dir='ltr'>tradit</span> <span class='ocrx_word' id='word_1_502' title='bbox 1623 820 1739 857; x_wconf 83' lang='lat' dir='ltr'>Moses,</span> <span class='ocrx_word' id='word_1_503' title='bbox 1762 819 1818 850; x_wconf 89' lang='lat' dir='ltr'>sed</span> <span class='ocrx_word' id='word_1_504' title='bbox 1838 819 1967 850; x_wconf 88' lang='lat' dir='ltr'>modum</span> <span class='ocrx_word' id='word_1_505' title='bbox 1992 818 2108 859; x_wconf 88' lang='lat' dir='ltr'>agendi</span> 
     </span>
     <span class='ocr_line' id='line_1_72' title="bbox 1149 861 2108 902; baseline -0.003 -8"><span class='ocrx_word' id='word_1_506' title='bbox 1149 864 1180 894; x_wconf 89' lang='lat' dir='ltr'>in</span> <span class='ocrx_word' id='word_1_507' title='bbox 1215 862 1339 894; x_wconf 86' lang='lat' dir='ltr'>edendo</span> <span class='ocrx_word' id='word_1_508' title='bbox 1373 861 1528 892; x_wconf 86' lang='lat' dir='ltr'>miraculo</span> <span class='ocrx_word' id='word_1_509' title='bbox 1565 861 1746 893; x_wconf 86' lang='lat' dir='ltr'>distinctius</span> <span class='ocrx_word' id='word_1_510' title='bbox 1787 862 1942 902; x_wconf 82' lang='lat' dir='ltr'>explicat:</span> <span class='ocrx_word' id='word_1_511' title='bbox 1984 871 2108 900; x_wconf 82' lang='lat' dir='ltr'>nempe,</span> 
     </span>
     <span class='ocr_line' id='line_1_73' title="bbox 1149 903 2108 946; baseline -0.003 -9"><span class='ocrx_word' id='word_1_512' title='bbox 1149 906 1233 946; x_wconf 87' lang='lat' dir='ltr'>quod</span> <span class='ocrx_word' id='word_1_513' title='bbox 1263 908 1470 945; x_wconf 70' lang='lat' dir='ltr'>praeceperat</span> <span class='ocrx_word' id='word_1_514' title='bbox 1500 905 1602 941; x_wconf 80' lang='lat' dir='ltr'>Deus,</span> <span class='ocrx_word' id='word_1_515' title='bbox 1637 915 1733 945; x_wconf 83' lang='lat' dir='ltr'>opera</span> <span class='ocrx_word' id='word_1_516' title='bbox 1763 905 1870 935; x_wconf 85' lang='lat' dir='ltr'>fratris</span> <span class='ocrx_word' id='word_1_517' title='bbox 1901 905 1948 936; x_wconf 84' lang='lat' dir='ltr'>sui</span> <span class='ocrx_word' id='word_1_518' title='bbox 1974 903 2108 934; x_wconf 85' lang='lat' dir='ltr'>Aharon</span> 
     </span>
     <span class='ocr_line' id='line_1_74' title="bbox 1149 946 2109 987; baseline -0.003 -8"><span class='ocrx_word' id='word_1_519' title='bbox 1149 950 1247 980; x_wconf 86' lang='lat' dir='ltr'>fuisse</span> <span class='ocrx_word' id='word_1_520' title='bbox 1271 947 1475 987; x_wconf 88' lang='lat' dir='ltr'>completum.</span> <span class='ocrx_word' id='word_1_521' title='bbox 1520 947 1655 977; x_wconf 84' lang='lat' dir='ltr'>Initium</span> <span class='ocrx_word' id='word_1_522' title='bbox 1683 958 1757 978; x_wconf 89' lang='lat' dir='ltr'>vero</span> <span class='ocrx_word' id='word_1_523' title='bbox 1781 947 1820 978; x_wconf 89' lang='lat' dir='ltr'>ab</span> <span class='ocrx_word' id='word_1_524' title='bbox 1842 947 1902 978; x_wconf 88' lang='lat' dir='ltr'>hac</span> <span class='ocrx_word' id='word_1_525' title='bbox 1925 946 2022 986; x_wconf 83' lang='lat' dir='ltr'>plaga</span> <span class='ocrx_word' id='word_1_526' title='bbox 2045 957 2109 977; x_wconf 89' lang='lat' dir='ltr'>non</span> 
     </span>
     <span class='ocr_line' id='line_1_75' title="bbox 1149 988 2109 1031; baseline -0.003 -9"><span class='ocrx_word' id='word_1_527' title='bbox 1149 991 1266 1031; x_wconf 81' lang='lat' dir='ltr'>absque</span> <span class='ocrx_word' id='word_1_528' title='bbox 1291 991 1416 1021; x_wconf 90' lang='lat' dir='ltr'>ratione</span> <span class='ocrx_word' id='word_1_529' title='bbox 1441 991 1558 1020; x_wconf 77' lang='lat' dir='ltr'>factum</span> <span class='ocrx_word' id='word_1_530' title='bbox 1579 997 1641 1021; x_wconf 86' lang='lat' dir='ltr'>cst:</span> <span class='ocrx_word' id='word_1_531' title='bbox 1667 996 1699 1020; x_wconf 85' lang='lat' dir='ltr'>ut</span> <span class='ocrx_word' id='word_1_532' title='bbox 1720 990 1840 1021; x_wconf 84' lang='lat' dir='ltr'>scirent</span> <span class='ocrx_word' id='word_1_533' title='bbox 1855 989 2007 1030; x_wconf 66' lang='lat' dir='ltr'>Aegyptii</span> <span class='ocrx_word' id='word_1_534' title='bbox 2028 988 2109 1019; x_wconf 91' lang='lat' dir='ltr'>nihil</span> 
     </span>
     <span class='ocr_line' id='line_1_76' title="bbox 1149 1031 2109 1072; baseline -0.003 -7"><span class='ocrx_word' id='word_1_535' title='bbox 1149 1035 1210 1065; x_wconf 80' lang='lat' dir='ltr'>sibi</span> <span class='ocrx_word' id='word_1_536' title='bbox 1245 1044 1314 1064; x_wconf 88' lang='lat' dir='ltr'>csse</span> <span class='ocrx_word' id='word_1_537' title='bbox 1348 1031 1498 1072; x_wconf 85' lang='lat' dir='ltr'>praesidii</span> <span class='ocrx_word' id='word_1_538' title='bbox 1534 1032 1571 1063; x_wconf 84' lang='lat' dir='ltr'>ad</span> <span class='ocrx_word' id='word_1_539' title='bbox 1607 1033 1742 1063; x_wconf 86' lang='lat' dir='ltr'>salutem</span> <span class='ocrx_word' id='word_1_540' title='bbox 1776 1033 1808 1063; x_wconf 87' lang='lat' dir='ltr'>in</span> <span class='ocrx_word' id='word_1_541' title='bbox 1843 1031 1957 1072; x_wconf 90' lang='lat' dir='ltr'>opibus</span> <span class='ocrx_word' id='word_1_542' title='bbox 1994 1031 2109 1071; x_wconf 89' lang='lat' dir='ltr'>quibus</span> 
     </span>
     <span class='ocr_line' id='line_1_77' title="bbox 1149 1074 2111 1115; baseline -0.003 -8"><span class='ocrx_word' id='word_1_543' title='bbox 1149 1077 1291 1107; x_wconf 76' lang='lat' dir='ltr'>maxime</span> <span class='ocrx_word' id='word_1_544' title='bbox 1315 1074 1550 1115; x_wconf 79' lang='lat' dir='ltr'>superbiebant.</span> <span class='ocrx_word' id='word_1_545' title='bbox 1595 1075 1721 1106; x_wconf 79' lang='lat' dir='ltr'>Scimus</span> <span class='ocrx_word' id='word_1_546' title='bbox 1744 1079 1864 1115; x_wconf 84' lang='lat' dir='ltr'>quanta</span> <span class='ocrx_word' id='word_1_547' title='bbox 1886 1075 1950 1106; x_wconf 89' lang='lat' dir='ltr'>illis</span> <span class='ocrx_word' id='word_1_548' title='bbox 1971 1085 2012 1105; x_wconf 81' lang='lat' dir='ltr'>ex</span> <span class='ocrx_word' id='word_1_549' title='bbox 2036 1074 2111 1105; x_wconf 89' lang='lat' dir='ltr'>Nilo</span> 
     </span>
     <span class='ocr_line' id='line_1_78' title="bbox 1149 1117 2110 1158; baseline -0.003 -8"><span class='ocrx_word' id='word_1_550' title='bbox 1149 1121 1245 1150; x_wconf 85' lang='lat' dir='ltr'>suerit</span> <span class='ocrx_word' id='word_1_551' title='bbox 1279 1118 1456 1158; x_wconf 85' lang='lat' dir='ltr'>opulentia,</span> <span class='ocrx_word' id='word_1_552' title='bbox 1487 1118 1637 1154; x_wconf 85' lang='lat' dir='ltr'>munitio,</span> <span class='ocrx_word' id='word_1_553' title='bbox 1670 1118 1805 1149; x_wconf 84' lang='lat' dir='ltr'>utilitas:</span> <span class='ocrx_word' id='word_1_554' title='bbox 1839 1118 1913 1148; x_wconf 90' lang='lat' dir='ltr'>inde</span> <span class='ocrx_word' id='word_1_555' title='bbox 1948 1117 2110 1148; x_wconf 85' lang='lat' dir='ltr'>uberrima</span> 
     </span>
     <span class='ocr_line' id='line_1_79' title="bbox 1149 1159 2109 1202; baseline -0.003 -9"><span class='ocrx_word' id='word_1_556' title='bbox 1149 1162 1298 1202; x_wconf 88' lang='lat' dir='ltr'>piscatio,</span> <span class='ocrx_word' id='word_1_557' title='bbox 1339 1160 1414 1192; x_wconf 88' lang='lat' dir='ltr'>inde</span> <span class='ocrx_word' id='word_1_558' title='bbox 1448 1161 1545 1190; x_wconf 90' lang='lat' dir='ltr'>totius</span> <span class='ocrx_word' id='word_1_559' title='bbox 1579 1161 1717 1200; x_wconf 79' lang='lat' dir='ltr'>regionis</span> <span class='ocrx_word' id='word_1_560' title='bbox 1758 1159 1972 1196; x_wconf 81' lang='lat' dir='ltr'>foecunditas,</span> <span class='ocrx_word' id='word_1_561' title='bbox 2014 1169 2109 1199; x_wconf 85' lang='lat' dir='ltr'>quam</span> 
     </span>
     <span class='ocr_line' id='line_1_80' title="bbox 1148 1202 2109 1245; baseline -0.004 -9"><span class='ocrx_word' id='word_1_562' title='bbox 1148 1206 1304 1245; x_wconf 82' lang='lat' dir='ltr'>irriguam</span> <span class='ocrx_word' id='word_1_563' title='bbox 1329 1202 1497 1234; x_wconf 81' lang='lat' dir='ltr'>inundatio</span> <span class='ocrx_word' id='word_1_564' title='bbox 1517 1202 1680 1241; x_wconf 82' lang='lat' dir='ltr'>reddebat,</span> <span class='ocrx_word' id='word_1_565' title='bbox 1704 1214 1784 1242; x_wconf 88' lang='lat' dir='ltr'>quae</span> <span class='ocrx_word' id='word_1_566' title='bbox 1807 1203 1879 1234; x_wconf 88' lang='lat' dir='ltr'>aliis</span> <span class='ocrx_word' id='word_1_567' title='bbox 1903 1202 1996 1233; x_wconf 88' lang='lat' dir='ltr'>terris</span> <span class='ocrx_word' id='word_1_568' title='bbox 2019 1202 2109 1232; x_wconf 82' lang='lat' dir='ltr'>dam-</span> 
     </span>
     <span class='ocr_line' id='line_1_81' title="bbox 1149 1245 2111 1279; baseline -0.005 0"><span class='ocrx_word' id='word_1_569' title='bbox 1149 1259 1227 1279; x_wconf 88' lang='lat' dir='ltr'>nosa</span> <span class='ocrx_word' id='word_1_570' title='bbox 1246 1253 1293 1278; x_wconf 82' lang='lat' dir='ltr'>est</span> <span class='ocrx_word' id='word_1_571' title='bbox 1317 1256 1353 1277; x_wconf 88' lang='lat' dir='ltr'>ac</span> <span class='ocrx_word' id='word_1_572' title='bbox 1377 1246 1487 1277; x_wconf 77' lang='lat' dir='ltr'>noxia:</span> <span class='ocrx_word' id='word_1_573' title='bbox 1513 1245 1769 1277; x_wconf 84' lang='lat' dir='ltr'>commodissima</span> <span class='ocrx_word' id='word_1_574' title='bbox 1788 1250 1857 1276; x_wconf 85' lang='lat' dir='ltr'>erat</span> <span class='ocrx_word' id='word_1_575' title='bbox 1876 1245 2111 1276; x_wconf 84' lang='lat' dir='ltr'>mercatoribus</span> 
     </span>
     <span class='ocr_line' id='line_1_82' title="bbox 1148 1288 2109 1330; baseline -0.004 -9"><span class='ocrx_word' id='word_1_576' title='bbox 1148 1290 1328 1330; x_wconf 83' lang='lat' dir='ltr'>navigatio,</span> <span class='ocrx_word' id='word_1_577' title='bbox 1369 1294 1437 1320; x_wconf 80' lang='lat' dir='ltr'>crat</span> <span class='ocrx_word' id='word_1_578' title='bbox 1472 1289 1564 1319; x_wconf 83' lang='lat' dir='ltr'>etiam</span> <span class='ocrx_word' id='word_1_579' title='bbox 1600 1289 1699 1319; x_wconf 80' lang='lat' dir='ltr'>bonae</span> <span class='ocrx_word' id='word_1_580' title='bbox 1733 1289 1817 1328; x_wconf 83' lang='lat' dir='ltr'>parti</span> <span class='ocrx_word' id='word_1_581' title='bbox 1852 1288 1943 1329; x_wconf 88' lang='lat' dir='ltr'>regni</span> <span class='ocrx_word' id='word_1_582' title='bbox 1977 1288 2109 1318; x_wconf 89' lang='lat' dir='ltr'>firmum</span> 
     </span>
     <span class='ocr_line' id='line_1_83' title="bbox 1148 1329 2110 1373; baseline -0.004 -9"><span class='ocrx_word' id='word_1_583' title='bbox 1148 1332 1436 1373; x_wconf 82' lang='lat' dir='ltr'>propugnaculum.</span> <span class='ocrx_word' id='word_1_584' title='bbox 1472 1331 1559 1371; x_wconf 88' lang='lat' dir='ltr'>Ergo</span> <span class='ocrx_word' id='word_1_585' title='bbox 1578 1335 1614 1361; x_wconf 90' lang='lat' dir='ltr'>ut</span> <span class='ocrx_word' id='word_1_586' title='bbox 1633 1342 1650 1361; x_wconf 85' lang='lat' dir='ltr'>a</span> <span class='ocrx_word' id='word_1_587' title='bbox 1670 1332 1839 1371; x_wconf 86' lang='lat' dir='ltr'>praecipua</span> <span class='ocrx_word' id='word_1_588' title='bbox 1852 1330 1967 1362; x_wconf 78' lang='lat' dir='ltr'>fiducia</span> <span class='ocrx_word' id='word_1_589' title='bbox 1980 1329 2110 1361; x_wconf 76' lang='lat' dir='ltr'>deiiciat</span> 
     </span>
     <span class='ocr_line' id='line_1_84' title="bbox 1149 1371 2108 1416; baseline -0.005 -9"><span class='ocrx_word' id='word_1_590' title='bbox 1149 1376 1344 1416; x_wconf 70' lang='lat' dir='ltr'>Aegyptios,</span> <span class='ocrx_word' id='word_1_591' title='bbox 1385 1384 1482 1413; x_wconf 84' lang='lat' dir='ltr'>aquas</span> <span class='ocrx_word' id='word_1_592' title='bbox 1516 1374 1614 1404; x_wconf 84' lang='lat' dir='ltr'>vertit</span> <span class='ocrx_word' id='word_1_593' title='bbox 1654 1375 1685 1404; x_wconf 91' lang='lat' dir='ltr'>in</span> <span class='ocrx_word' id='word_1_594' title='bbox 1726 1373 1926 1413; x_wconf 84' lang='lat' dir='ltr'>sanguinem.</span> <span class='ocrx_word' id='word_1_595' title='bbox 1981 1371 2108 1403; x_wconf 88' lang='lat' dir='ltr'>Deinde</span> 
     </span>
     <span class='ocr_line' id='line_1_85' title="bbox 1149 1414 2108 1459; baseline -0.003 -10"><span class='ocrx_word' id='word_1_596' title='bbox 1149 1418 1299 1459; x_wconf 80' lang='lat' dir='ltr'>quoniam</span> <span class='ocrx_word' id='word_1_597' title='bbox 1334 1428 1414 1456; x_wconf 77' lang='lat' dir='ltr'>aqua</span> <span class='ocrx_word' id='word_1_598' title='bbox 1449 1417 1584 1448; x_wconf 86' lang='lat' dir='ltr'>alterum</span> <span class='ocrx_word' id='word_1_599' title='bbox 1618 1422 1665 1447; x_wconf 85' lang='lat' dir='ltr'>est</span> <span class='ocrx_word' id='word_1_600' title='bbox 1699 1427 1737 1447; x_wconf 77' lang='lat' dir='ltr'>ex</span> <span class='ocrx_word' id='word_1_601' title='bbox 1772 1416 1898 1447; x_wconf 87' lang='lat' dir='ltr'>duobus</span> <span class='ocrx_word' id='word_1_602' title='bbox 1939 1414 2108 1446; x_wconf 87' lang='lat' dir='ltr'>elementis</span> 
     </span>
     <span class='ocr_line' id='line_1_86' title="bbox 1149 1458 2108 1501; baseline -0.004 -9"><span class='ocrx_word' id='word_1_603' title='bbox 1149 1461 1265 1501; x_wconf 85' lang='lat' dir='ltr'>quibus</span> <span class='ocrx_word' id='word_1_604' title='bbox 1295 1464 1423 1491; x_wconf 85' lang='lat' dir='ltr'>constat</span> <span class='ocrx_word' id='word_1_605' title='bbox 1451 1459 1618 1490; x_wconf 90' lang='lat' dir='ltr'>hominum</span> <span class='ocrx_word' id='word_1_606' title='bbox 1654 1459 1733 1489; x_wconf 81' lang='lat' dir='ltr'>vita:</span> <span class='ocrx_word' id='word_1_607' title='bbox 1768 1458 1869 1489; x_wconf 84' lang='lat' dir='ltr'>altera</span> <span class='ocrx_word' id='word_1_608' title='bbox 1904 1458 1987 1489; x_wconf 85' lang='lat' dir='ltr'>vitae</span> <span class='ocrx_word' id='word_1_609' title='bbox 2017 1462 2108 1498; x_wconf 86' lang='lat' dir='ltr'>parte</span> 
     </span>
     <span class='ocr_line' id='line_1_87' title="bbox 1148 1500 2107 1544; baseline -0.005 -9"><span class='ocrx_word' id='word_1_610' title='bbox 1148 1503 1329 1544; x_wconf 76' lang='lat' dir='ltr'>Aegyptios</span> <span class='ocrx_word' id='word_1_611' title='bbox 1352 1502 1507 1543; x_wconf 83' lang='lat' dir='ltr'>spolians,</span> <span class='ocrx_word' id='word_1_612' title='bbox 1537 1502 1655 1541; x_wconf 87' lang='lat' dir='ltr'>optimo</span> <span class='ocrx_word' id='word_1_613' title='bbox 1685 1501 1872 1541; x_wconf 83' lang='lat' dir='ltr'>compendio</span> <span class='ocrx_word' id='word_1_614' title='bbox 1895 1511 1972 1531; x_wconf 87' lang='lat' dir='ltr'>usus</span> <span class='ocrx_word' id='word_1_615' title='bbox 1996 1505 2044 1531; x_wconf 88' lang='lat' dir='ltr'>est</span> <span class='ocrx_word' id='word_1_616' title='bbox 2067 1500 2107 1531; x_wconf 88' lang='lat' dir='ltr'>ad</span> 
     </span>
     <span class='ocr_line' id='line_1_88' title="bbox 1148 1543 2106 1584; baseline -0.004 -7"><span class='ocrx_word' id='word_1_617' title='bbox 1148 1545 1381 1577; x_wconf 86' lang='lat' dir='ltr'>humiliandam</span> <span class='ocrx_word' id='word_1_618' title='bbox 1405 1555 1515 1576; x_wconf 89' lang='lat' dir='ltr'>eorum</span> <span class='ocrx_word' id='word_1_619' title='bbox 1538 1545 1703 1581; x_wconf 81' lang='lat' dir='ltr'>ferociam,</span> <span class='ocrx_word' id='word_1_620' title='bbox 1732 1544 1792 1575; x_wconf 88' lang='lat' dir='ltr'>uisi</span> <span class='ocrx_word' id='word_1_621' title='bbox 1816 1554 1945 1584; x_wconf 82' lang='lat' dir='ltr'>prorsus</span> <span class='ocrx_word' id='word_1_622' title='bbox 1968 1543 2106 1574; x_wconf 84' lang='lat' dir='ltr'>fuissent</span> 
     </span>
     <span class='ocr_line' id='line_1_89' title="bbox 1147 1586 2106 1627; baseline -0.004 -6"><span class='ocrx_word' id='word_1_623' title='bbox 1147 1588 1375 1621; x_wconf 83' lang='lat' dir='ltr'>intractabiles.</span> <span class='ocrx_word' id='word_1_624' title='bbox 1429 1588 1562 1619; x_wconf 81' lang='lat' dir='ltr'>Poterat</span> <span class='ocrx_word' id='word_1_625' title='bbox 1601 1586 1727 1627; x_wconf 87' lang='lat' dir='ltr'>quidem</span> <span class='ocrx_word' id='word_1_626' title='bbox 1761 1587 1826 1618; x_wconf 82' lang='lat' dir='ltr'>solo</span> <span class='ocrx_word' id='word_1_627' title='bbox 1866 1587 1945 1616; x_wconf 87' lang='lat' dir='ltr'>flatu</span> <span class='ocrx_word' id='word_1_628' title='bbox 1985 1586 2106 1617; x_wconf 86' lang='lat' dir='ltr'>siccare</span> 
     </span>
     <span class='ocr_line' id='line_1_90' title="bbox 1147 1628 2105 1671; baseline -0.006 -7"><span class='ocrx_word' id='word_1_629' title='bbox 1147 1644 1259 1664; x_wconf 84' lang='lat' dir='ltr'>omnes</span> <span class='ocrx_word' id='word_1_630' title='bbox 1283 1642 1438 1671; x_wconf 86' lang='lat' dir='ltr'>aquarum</span> <span class='ocrx_word' id='word_1_631' title='bbox 1463 1630 1688 1670; x_wconf 80' lang='lat' dir='ltr'>scaturigines,</span> <span class='ocrx_word' id='word_1_632' title='bbox 1719 1633 1749 1660; x_wconf 88' lang='lat' dir='ltr'>et</span> <span class='ocrx_word' id='word_1_633' title='bbox 1773 1629 1920 1660; x_wconf 87' lang='lat' dir='ltr'>ariditate</span> <span class='ocrx_word' id='word_1_634' title='bbox 1949 1628 2105 1660; x_wconf 89' lang='lat' dir='ltr'>conficere</span> 
     </span>
     <span class='ocr_line' id='line_1_91' title="bbox 1147 1670 2105 1715; baseline -0.005 -9"><span class='ocrx_word' id='word_1_635' title='bbox 1147 1681 1247 1706; x_wconf 88' lang='lat' dir='ltr'>totam</span> <span class='ocrx_word' id='word_1_636' title='bbox 1267 1679 1412 1715; x_wconf 86' lang='lat' dir='ltr'>gentem:</span> <span class='ocrx_word' id='word_1_637' title='bbox 1432 1673 1486 1705; x_wconf 88' lang='lat' dir='ltr'>sed</span> <span class='ocrx_word' id='word_1_638' title='bbox 1506 1673 1565 1705; x_wconf 89' lang='lat' dir='ltr'>hoc</span> <span class='ocrx_word' id='word_1_639' title='bbox 1585 1684 1658 1704; x_wconf 83' lang='lat' dir='ltr'>casu</span> <span class='ocrx_word' id='word_1_640' title='bbox 1679 1673 1728 1704; x_wconf 87' lang='lat' dir='ltr'>vel</span> <span class='ocrx_word' id='word_1_641' title='bbox 1748 1671 1938 1703; x_wconf 81' lang='lat' dir='ltr'>naturaliter</span> <span class='ocrx_word' id='word_1_642' title='bbox 1952 1670 2105 1702; x_wconf 86' lang='lat' dir='ltr'>accidisse</span> 
     </span>
     <span class='ocr_line' id='line_1_92' title="bbox 1148 1713 2105 1759; baseline -0.006 -10"><span class='ocrx_word' id='word_1_643' title='bbox 1148 1719 1245 1759; x_wconf 85' lang='lat' dir='ltr'>vulgo</span> <span class='ocrx_word' id='word_1_644' title='bbox 1268 1718 1381 1748; x_wconf 83' lang='lat' dir='ltr'>fuisset</span> <span class='ocrx_word' id='word_1_645' title='bbox 1402 1716 1568 1752; x_wconf 87' lang='lat' dir='ltr'>creditum,</span> <span class='ocrx_word' id='word_1_646' title='bbox 1592 1715 1723 1755; x_wconf 85' lang='lat' dir='ltr'>ideoque</span> <span class='ocrx_word' id='word_1_647' title='bbox 1741 1714 1905 1746; x_wconf 84' lang='lat' dir='ltr'>obscurius</span> <span class='ocrx_word' id='word_1_648' title='bbox 1924 1713 2105 1753; x_wconf 83' lang='lat' dir='ltr'>prodigium</span> 
     </span>
     <span class='ocr_line' id='line_1_93' title="bbox 1148 1755 2106 1800; baseline -0.006 -8"><span class='ocrx_word' id='word_1_649' title='bbox 1148 1762 1276 1798; x_wconf 85' lang='lat' dir='ltr'>fuisset,</span> <span class='ocrx_word' id='word_1_650' title='bbox 1307 1771 1343 1791; x_wconf 87' lang='lat' dir='ltr'>ac</span> <span class='ocrx_word' id='word_1_651' title='bbox 1375 1766 1540 1800; x_wconf 80' lang='lat' dir='ltr'>praetcrea</span> <span class='ocrx_word' id='word_1_652' title='bbox 1572 1758 1656 1789; x_wconf 86' lang='lat' dir='ltr'>viam</span> <span class='ocrx_word' id='word_1_653' title='bbox 1687 1758 1854 1789; x_wconf 84' lang='lat' dir='ltr'>clausisset</span> <span class='ocrx_word' id='word_1_654' title='bbox 1884 1756 1964 1787; x_wconf 84' lang='lat' dir='ltr'>aliis.</span> <span class='ocrx_word' id='word_1_655' title='bbox 2017 1755 2106 1787; x_wconf 81' lang='lat' dir='ltr'>Satis</span> 
     </span>
     <span class='ocr_line' id='line_1_94' title="bbox 1147 1799 2106 1844; baseline -0.006 -10"><span class='ocrx_word' id='word_1_656' title='bbox 1147 1804 1247 1844; x_wconf 88' lang='lat' dir='ltr'>igitur</span> <span class='ocrx_word' id='word_1_657' title='bbox 1281 1803 1342 1834; x_wconf 83' lang='lat' dir='ltr'>fuit</span> <span class='ocrx_word' id='word_1_658' title='bbox 1375 1803 1498 1834; x_wconf 87' lang='lat' dir='ltr'>obiecto</span> <span class='ocrx_word' id='word_1_659' title='bbox 1528 1801 1639 1832; x_wconf 80' lang='lat' dir='ltr'>mortis</span> <span class='ocrx_word' id='word_1_660' title='bbox 1668 1805 1787 1831; x_wconf 84' lang='lat' dir='ltr'>terrore</span> <span class='ocrx_word' id='word_1_661' title='bbox 1817 1799 1854 1829; x_wconf 87' lang='lat' dir='ltr'>ad</span> <span class='ocrx_word' id='word_1_662' title='bbox 1887 1799 1948 1830; x_wconf 87' lang='lat' dir='ltr'>Dei</span> <span class='ocrx_word' id='word_1_663' title='bbox 1982 1803 2106 1829; x_wconf 88' lang='lat' dir='ltr'>metum</span> 
     </span>
     <span class='ocr_line' id='line_1_95' title="bbox 1148 1842 2107 1885; baseline -0.006 -8"><span class='ocrx_word' id='word_1_664' title='bbox 1148 1847 1242 1883; x_wconf 84' lang='lat' dir='ltr'>flecti,</span> <span class='ocrx_word' id='word_1_665' title='bbox 1267 1846 1329 1877; x_wconf 90' lang='lat' dir='ltr'>nisi</span> <span class='ocrx_word' id='word_1_666' title='bbox 1353 1845 1520 1885; x_wconf 82' lang='lat' dir='ltr'>desperata</span> <span class='ocrx_word' id='word_1_667' title='bbox 1543 1844 1654 1874; x_wconf 86' lang='lat' dir='ltr'>fuisset</span> <span class='ocrx_word' id='word_1_668' title='bbox 1673 1843 1785 1874; x_wconf 85' lang='lat' dir='ltr'>rabies.</span> <span class='ocrx_word' id='word_1_669' title='bbox 1821 1842 1954 1872; x_wconf 80' lang='lat' dir='ltr'>Praeter</span> <span class='ocrx_word' id='word_1_670' title='bbox 1975 1842 2107 1879; x_wconf 80' lang='lat' dir='ltr'>flumen,</span> 
     </span>
     <span class='ocr_line' id='line_1_96' title="bbox 1148 1886 2107 1929; baseline -0.006 -9"><span class='ocrx_word' id='word_1_671' title='bbox 1148 1890 1235 1920; x_wconf 88' lang='lat' dir='ltr'>rivos</span> <span class='ocrx_word' id='word_1_672' title='bbox 1265 1894 1295 1919; x_wconf 90' lang='lat' dir='ltr'>et</span> <span class='ocrx_word' id='word_1_673' title='bbox 1323 1894 1439 1929; x_wconf 83' lang='lat' dir='ltr'>stagna</span> <span class='ocrx_word' id='word_1_674' title='bbox 1468 1892 1499 1918; x_wconf 91' lang='lat' dir='ltr'>et</span> <span class='ocrx_word' id='word_1_675' title='bbox 1526 1886 1743 1918; x_wconf 76' lang='lat' dir='ltr'>collectionem</span> <span class='ocrx_word' id='word_1_676' title='bbox 1775 1895 1930 1925; x_wconf 83' lang='lat' dir='ltr'>aquarum</span> <span class='ocrx_word' id='word_1_677' title='bbox 1961 1888 2107 1915; x_wconf 84' lang='lat' dir='ltr'>recenset</span> 
     </span>
     <span class='ocr_line' id='line_1_97' title="bbox 1148 1927 2108 1971; baseline -0.006 -8"><span class='ocrx_word' id='word_1_678' title='bbox 1148 1932 1270 1963; x_wconf 81' lang='lat' dir='ltr'>Moses:</span> <span class='ocrx_word' id='word_1_679' title='bbox 1294 1931 1367 1971; x_wconf 85' lang='lat' dir='ltr'>quia</span> <span class='ocrx_word' id='word_1_680' title='bbox 1391 1941 1448 1971; x_wconf 90' lang='lat' dir='ltr'>per</span> <span class='ocrx_word' id='word_1_681' title='bbox 1467 1930 1607 1960; x_wconf 85' lang='lat' dir='ltr'>diversos</span> <span class='ocrx_word' id='word_1_682' title='bbox 1626 1929 1716 1969; x_wconf 87' lang='lat' dir='ltr'>regni</span> <span class='ocrx_word' id='word_1_683' title='bbox 1740 1932 1860 1959; x_wconf 84' lang='lat' dir='ltr'>tractus</span> <span class='ocrx_word' id='word_1_684' title='bbox 1884 1933 1948 1957; x_wconf 83' lang='lat' dir='ltr'>tam</span> <span class='ocrx_word' id='word_1_685' title='bbox 1971 1927 2108 1958; x_wconf 90' lang='lat' dir='ltr'>artificio</span> 
     </span>
     <span class='ocr_line' id='line_1_98' title="bbox 1148 1969 2107 2014; baseline -0.006 -9"><span class='ocrx_word' id='word_1_686' title='bbox 1148 1985 1244 2014; x_wconf 86' lang='lat' dir='ltr'>quam</span> <span class='ocrx_word' id='word_1_687' title='bbox 1269 1980 1386 2005; x_wconf 87' lang='lat' dir='ltr'>natura</span> <span class='ocrx_word' id='word_1_688' title='bbox 1409 1973 1504 2004; x_wconf 83' lang='lat' dir='ltr'>Nilus</span> <span class='ocrx_word' id='word_1_689' title='bbox 1526 1973 1569 2003; x_wconf 89' lang='lat' dir='ltr'>sic</span> <span class='ocrx_word' id='word_1_690' title='bbox 1600 1971 1733 2002; x_wconf 87' lang='lat' dir='ltr'>diffusus</span> <span class='ocrx_word' id='word_1_691' title='bbox 1763 1974 1832 2001; x_wconf 84' lang='lat' dir='ltr'>erat</span> <span class='ocrx_word' id='word_1_692' title='bbox 1862 1974 1897 2000; x_wconf 90' lang='lat' dir='ltr'>ut</span> <span class='ocrx_word' id='word_1_693' title='bbox 1925 1969 2013 2000; x_wconf 88' lang='lat' dir='ltr'>nulla</span> <span class='ocrx_word' id='word_1_694' title='bbox 2041 1969 2107 2000; x_wconf 87' lang='lat' dir='ltr'>fere</span> 
     </span>
     <span class='ocr_line' id='line_1_99' title="bbox 1148 2011 2106 2057; baseline -0.007 -9"><span class='ocrx_word' id='word_1_695' title='bbox 1148 2018 1235 2057; x_wconf 89' lang='lat' dir='ltr'>regio</span> <span class='ocrx_word' id='word_1_696' title='bbox 1277 2022 1367 2047; x_wconf 84' lang='lat' dir='ltr'>tanta.</span> <span class='ocrx_word' id='word_1_697' title='bbox 1400 2026 1499 2055; x_wconf 84' lang='lat' dir='ltr'>aquae</span> <span class='ocrx_word' id='word_1_698' title='bbox 1532 2015 1623 2055; x_wconf 83' lang='lat' dir='ltr'>copia</span> <span class='ocrx_word' id='word_1_699' title='bbox 1657 2014 1773 2053; x_wconf 87' lang='lat' dir='ltr'>ubique</span> <span class='ocrx_word' id='word_1_700' title='bbox 1812 2013 1973 2043; x_wconf 87' lang='lat' dir='ltr'>afflueret:</span> <span class='ocrx_word' id='word_1_701' title='bbox 2016 2011 2106 2052; x_wconf 85' lang='lat' dir='ltr'>quasi</span> 
     </span>
     <span class='ocr_line' id='line_1_100' title="bbox 1149 2055 2107 2097; baseline -0.007 -6"><span class='ocrx_word' id='word_1_702' title='bbox 1149 2060 1270 2091; x_wconf 82' lang='lat' dir='ltr'>diceret</span> <span class='ocrx_word' id='word_1_703' title='bbox 1294 2060 1399 2097; x_wconf 87' lang='lat' dir='ltr'>Deus,</span> <span class='ocrx_word' id='word_1_704' title='bbox 1423 2058 1503 2089; x_wconf 90' lang='lat' dir='ltr'>nihil</span> <span class='ocrx_word' id='word_1_705' title='bbox 1530 2058 1616 2088; x_wconf 87' lang='lat' dir='ltr'>vobis</span> <span class='ocrx_word' id='word_1_706' title='bbox 1639 2056 1781 2097; x_wconf 84' lang='lat' dir='ltr'>proderit</span> <span class='ocrx_word' id='word_1_707' title='bbox 1803 2055 2017 2095; x_wconf 82' lang='lat' dir='ltr'>largissimam</span> <span class='ocrx_word' id='word_1_708' title='bbox 2042 2055 2107 2085; x_wconf 91' lang='lat' dir='ltr'>vim</span> 
     </span>
     <span class='ocr_line' id='line_1_101' title="bbox 1148 2097 2107 2142; baseline -0.007 -9"><span class='ocrx_word' id='word_1_709' title='bbox 1148 2113 1303 2142; x_wconf 88' lang='lat' dir='ltr'>aquarum</span> <span class='ocrx_word' id='word_1_710' title='bbox 1334 2108 1460 2142; x_wconf 84' lang='lat' dir='ltr'>praesto</span> <span class='ocrx_word' id='word_1_711' title='bbox 1492 2101 1579 2132; x_wconf 88' lang='lat' dir='ltr'>vobis</span> <span class='ocrx_word' id='word_1_712' title='bbox 1609 2110 1693 2130; x_wconf 87' lang='lat' dir='ltr'>esse:</span> <span class='ocrx_word' id='word_1_713' title='bbox 1726 2099 1798 2138; x_wconf 87' lang='lat' dir='ltr'>quia</span> <span class='ocrx_word' id='word_1_714' title='bbox 1828 2097 1960 2138; x_wconf 84' lang='lat' dir='ltr'>perinde</span> <span class='ocrx_word' id='word_1_715' title='bbox 1990 2097 2107 2128; x_wconf 87' lang='lat' dir='ltr'>sitietis</span> 
     </span>
     <span class='ocr_line' id='line_1_102' title="bbox 1148 2139 2105 2184; baseline -0.007 -8"><span class='ocrx_word' id='word_1_716' title='bbox 1148 2157 1184 2177; x_wconf 88' lang='lat' dir='ltr'>ac</span> <span class='ocrx_word' id='word_1_717' title='bbox 1208 2146 1233 2176; x_wconf 89' lang='lat' dir='ltr'>si</span> <span class='ocrx_word' id='word_1_718' title='bbox 1258 2145 1352 2175; x_wconf 89' lang='lat' dir='ltr'>Nilus</span> <span class='ocrx_word' id='word_1_719' title='bbox 1381 2144 1449 2184; x_wconf 85' lang='lat' dir='ltr'>ipse</span> <span class='ocrx_word' id='word_1_720' title='bbox 1480 2148 1690 2174; x_wconf 79' lang='lat' dir='ltr'>exaresceret.</span> <span class='ocrx_word' id='word_1_721' title='bbox 1735 2141 1811 2172; x_wconf 90' lang='lat' dir='ltr'>Ideo</span> <span class='ocrx_word' id='word_1_722' title='bbox 1842 2139 2001 2180; x_wconf 86' lang='lat' dir='ltr'>adiungit:</span> <span class='ocrx_word' id='word_1_723' title='bbox 2025 2140 2105 2170; x_wconf 82' lang='lat' dir='ltr'>Tam</span> 
     </span>
     <span class='ocr_line' id='line_1_103' title="bbox 1147 2184 2106 2228; baseline -0.007 -9"><span class='ocrx_word' id='word_1_724' title='bbox 1147 2189 1181 2219; x_wconf 90' lang='lat' dir='ltr'>in</span> <span class='ocrx_word' id='word_1_725' title='bbox 1204 2188 1302 2228; x_wconf 86' lang='lat' dir='ltr'>lignis</span> <span class='ocrx_word' id='word_1_726' title='bbox 1325 2197 1419 2227; x_wconf 88' lang='lat' dir='ltr'>quam</span> <span class='ocrx_word' id='word_1_727' title='bbox 1444 2186 1476 2216; x_wconf 93' lang='lat' dir='ltr'>in</span> <span class='ocrx_word' id='word_1_728' title='bbox 1501 2185 1674 2225; x_wconf 83' lang='lat' dir='ltr'>lapidibus,</span> <span class='ocrx_word' id='word_1_729' title='bbox 1704 2184 1890 2224; x_wconf 88' lang='lat' dir='ltr'>significans</span> <span class='ocrx_word' id='word_1_730' title='bbox 1918 2192 2106 2222; x_wconf 90' lang='lat' dir='ltr'>quocunque</span> 
     </span>
     <span class='ocr_line' id='line_1_104' title="bbox 1148 2224 2105 2271; baseline -0.006 -10"><span class='ocrx_word' id='word_1_731' title='bbox 1148 2241 1267 2271; x_wconf 85' lang='lat' dir='ltr'>genere</span> <span class='ocrx_word' id='word_1_732' title='bbox 1290 2240 1442 2260; x_wconf 83' lang='lat' dir='ltr'>vasorum</span> <span class='ocrx_word' id='word_1_733' title='bbox 1467 2229 1635 2264; x_wconf 83' lang='lat' dir='ltr'>hauriant,</span> <span class='ocrx_word' id='word_1_734' title='bbox 1661 2227 1739 2258; x_wconf 92' lang='lat' dir='ltr'>nihil</span> <span class='ocrx_word' id='word_1_735' title='bbox 1764 2231 1889 2266; x_wconf 83' lang='lat' dir='ltr'>praeter</span> <span class='ocrx_word' id='word_1_736' title='bbox 1912 2224 2105 2265; x_wconf 89' lang='lat' dir='ltr'>sanguinem</span> 
     </span>
     <span class='ocr_line' id='line_1_105' title="bbox 1147 2278 1342 2313; baseline -0.005 -9"><span class='ocrx_word' id='word_1_737' title='bbox 1147 2278 1342 2313; x_wconf 69' lang='lat' dir='ltr'>reperturos</span> 
     </span>
    </p>

    <p class='ocr_par' dir='ltr' id='par_1_7' title="bbox 1147 2310 2107 2647">
     <span class='ocr_line' id='line_1_106' title="bbox 1232 2310 2107 2353; baseline -0.009 -6"><span class='ocrx_word' id='word_1_738' title='bbox 1232 2316 1283 2347; x_wconf 80' lang='lat'>20.</span> <span class='ocrx_word' id='word_1_739' title='bbox 1308 2315 1350 2346; x_wconf 77' lang='lat' dir='ltr'>Et</span> <span class='ocrx_word' id='word_1_740' title='bbox 1377 2315 1419 2346; x_wconf 72' lang='lat' dir='ltr'>ita</span> <span class='ocrx_word' id='word_1_741' title='bbox 1448 2314 1582 2353; x_wconf 72' lang='lat' dir='ltr'>feceruut</span> <span class='ocrx_word' id='word_1_742' title='bbox 1606 2312 1707 2343; x_wconf 75' lang='lat' dir='ltr'>Moses</span> <span class='ocrx_word' id='word_1_743' title='bbox 1734 2314 1759 2342; x_wconf 80' lang='lat' dir='ltr'>et</span> <span class='ocrx_word' id='word_1_744' title='bbox 1782 2310 1919 2341; x_wconf 77' lang='lat' dir='ltr'>Altaron.</span> <span class='ocrx_word' id='word_1_745' title='bbox 1965 2310 2107 2349; x_wconf 84' lang='lat' dir='ltr'>Repetit,</span> 
     </span>
     <span class='ocr_line' id='line_1_107' title="bbox 1147 2352 2106 2397; baseline -0.006 -7"><span class='ocrx_word' id='word_1_746' title='bbox 1147 2365 1266 2390; x_wconf 83' lang='lat' dir='ltr'>eventu</span> <span class='ocrx_word' id='word_1_747' title='bbox 1291 2359 1387 2389; x_wconf 87' lang='lat' dir='ltr'>fuisse</span> <span class='ocrx_word' id='word_1_748' title='bbox 1412 2357 1596 2397; x_wconf 84' lang='lat' dir='ltr'>probatum,</span> <span class='ocrx_word' id='word_1_749' title='bbox 1620 2354 1701 2394; x_wconf 86' lang='lat' dir='ltr'>quod</span> <span class='ocrx_word' id='word_1_750' title='bbox 1725 2354 1865 2384; x_wconf 88' lang='lat' dir='ltr'>minatus</span> <span class='ocrx_word' id='word_1_751' title='bbox 1889 2352 1994 2383; x_wconf 84' lang='lat' dir='ltr'>fuerat</span> <span class='ocrx_word' id='word_1_752' title='bbox 2017 2353 2106 2384; x_wconf 88' lang='lat' dir='ltr'>Deus</span> 
     </span>
     <span class='ocr_line' id='line_1_108' title="bbox 1148 2395 2106 2439; baseline -0.006 -7"><span class='ocrx_word' id='word_1_753' title='bbox 1148 2401 1186 2432; x_wconf 88' lang='lat' dir='ltr'>de</span> <span class='ocrx_word' id='word_1_754' title='bbox 1209 2401 1428 2432; x_wconf 79' lang='lat' dir='ltr'>internecione</span> <span class='ocrx_word' id='word_1_755' title='bbox 1451 2398 1601 2439; x_wconf 85' lang='lat' dir='ltr'>piscium,</span> <span class='ocrx_word' id='word_1_756' title='bbox 1623 2402 1652 2428; x_wconf 85' lang='lat' dir='ltr'>et</span> <span class='ocrx_word' id='word_1_757' title='bbox 1677 2398 1795 2427; x_wconf 85' lang='lat' dir='ltr'>foetore</span> <span class='ocrx_word' id='word_1_758' title='bbox 1818 2395 1896 2426; x_wconf 90' lang='lat' dir='ltr'>Nili:</span> <span class='ocrx_word' id='word_1_759' title='bbox 1927 2404 1963 2425; x_wconf 84' lang='lat' dir='ltr'>ut</span> <span class='ocrx_word' id='word_1_760' title='bbox 1985 2395 2106 2426; x_wconf 84' lang='lat' dir='ltr'>crimen</span> 
     </span>
     <span class='ocr_line' id='line_1_109' title="bbox 1147 2437 2105 2484; baseline -0.008 -9"><span class='ocrx_word' id='word_1_761' title='bbox 1147 2444 1234 2484; x_wconf 89' lang='lat' dir='ltr'>regis</span> <span class='ocrx_word' id='word_1_762' title='bbox 1258 2448 1447 2484; x_wconf 79' lang='lat' dir='ltr'>exaggeret,</span> <span class='ocrx_word' id='word_1_763' title='bbox 1471 2441 1524 2480; x_wconf 84' lang='lat' dir='ltr'>qui</span> <span class='ocrx_word' id='word_1_764' title='bbox 1548 2440 1717 2479; x_wconf 81' lang='lat' dir='ltr'>multiplici</span> <span class='ocrx_word' id='word_1_765' title='bbox 1740 2438 1800 2468; x_wconf 88' lang='lat' dir='ltr'>Dei</span> <span class='ocrx_word' id='word_1_766' title='bbox 1828 2437 1970 2478; x_wconf 88' lang='lat' dir='ltr'>potentia</span> <span class='ocrx_word' id='word_1_767' title='bbox 2001 2442 2105 2468; x_wconf 86' lang='lat' dir='ltr'>tactus</span> 
     </span>
     <span class='ocr_line' id='line_1_110' title="bbox 1148 2480 2107 2524; baseline -0.005 -7"><span class='ocrx_word' id='word_1_768' title='bbox 1148 2498 1211 2517; x_wconf 92' lang='lat' dir='ltr'>non</span> <span class='ocrx_word' id='word_1_769' title='bbox 1231 2487 1300 2517; x_wconf 83' lang='lat' dir='ltr'>fuit.</span> <span class='ocrx_word' id='word_1_770' title='bbox 1336 2485 1529 2524; x_wconf 81' lang='lat' dir='ltr'>Quanquam</span> <span class='ocrx_word' id='word_1_771' title='bbox 1551 2483 1645 2514; x_wconf 82' lang='lat' dir='ltr'>simul</span> <span class='ocrx_word' id='word_1_772' title='bbox 1665 2481 1811 2521; x_wconf 87' lang='lat' dir='ltr'>adiungit</span> <span class='ocrx_word' id='word_1_773' title='bbox 1830 2481 1897 2511; x_wconf 87' lang='lat' dir='ltr'>eius</span> <span class='ocrx_word' id='word_1_774' title='bbox 1910 2480 2107 2512; x_wconf 82' lang='lat' dir='ltr'>consiliarios</span> 
     </span>
     <span class='ocr_line' id='line_1_111' title="bbox 1148 2522 2106 2562; baseline -0.007 -2"><span class='ocrx_word' id='word_1_775' title='bbox 1148 2529 1247 2560; x_wconf 83' lang='lat' dir='ltr'>fuisse</span> <span class='ocrx_word' id='word_1_776' title='bbox 1268 2535 1374 2560; x_wconf 78' lang='lat' dir='ltr'>testes.</span> <span class='ocrx_word' id='word_1_777' title='bbox 1410 2527 1503 2559; x_wconf 83' lang='lat' dir='ltr'>Unde</span> <span class='ocrx_word' id='word_1_778' title='bbox 1522 2526 1675 2557; x_wconf 85' lang='lat' dir='ltr'>coniicerc</span> <span class='ocrx_word' id='word_1_779' title='bbox 1695 2524 1778 2559; x_wconf 73' lang='lat' dir='ltr'>licet,</span> <span class='ocrx_word' id='word_1_780' title='bbox 1792 2522 1929 2554; x_wconf 89' lang='lat' dir='ltr'>eundem</span> <span class='ocrx_word' id='word_1_781' title='bbox 1942 2527 2106 2562; x_wconf 86' lang='lat' dir='ltr'>stuporem</span> 
     </span>
     <span class='ocr_line' id='line_1_112' title="bbox 1148 2565 2106 2608; baseline -0.008 -5"><span class='ocrx_word' id='word_1_782' title='bbox 1148 2573 1181 2602; x_wconf 91' lang='lat' dir='ltr'>in</span> <span class='ocrx_word' id='word_1_783' title='bbox 1195 2577 1260 2603; x_wconf 90' lang='lat' dir='ltr'>tota</span> <span class='ocrx_word' id='word_1_784' title='bbox 1280 2571 1353 2602; x_wconf 83' lang='lat' dir='ltr'>aula</span> <span class='ocrx_word' id='word_1_785' title='bbox 1373 2570 1470 2601; x_wconf 85' lang='lat' dir='ltr'>fuisso</span> <span class='ocrx_word' id='word_1_786' title='bbox 1489 2574 1678 2608; x_wconf 80' lang='lat' dir='ltr'>grassatum.</span> <span class='ocrx_word' id='word_1_787' title='bbox 1711 2566 1837 2606; x_wconf 88' lang='lat' dir='ltr'>Operae</span> <span class='ocrx_word' id='word_1_788' title='bbox 1850 2565 1989 2606; x_wconf 86' lang='lat' dir='ltr'>pretium</span> <span class='ocrx_word' id='word_1_789' title='bbox 2009 2566 2106 2596; x_wconf 88' lang='lat' dir='ltr'>etiam</span> 
     </span>
     <span class='ocr_line' id='line_1_113' title="bbox 1148 2608 2107 2647; baseline -0.008 -2"><span class='ocrx_word' id='word_1_790' title='bbox 1148 2615 1208 2645; x_wconf 78' lang='lat' dir='ltr'>fuit</span> <span class='ocrx_word' id='word_1_791' title='bbox 1243 2625 1305 2644; x_wconf 90' lang='lat' dir='ltr'>non</span> <span class='ocrx_word' id='word_1_792' title='bbox 1339 2613 1433 2644; x_wconf 92' lang='lat' dir='ltr'>modo</span> <span class='ocrx_word' id='word_1_793' title='bbox 1474 2616 1538 2642; x_wconf 86' lang='lat' dir='ltr'>tam</span> <span class='ocrx_word' id='word_1_794' title='bbox 1578 2609 1783 2640; x_wconf 86' lang='lat' dir='ltr'>memorabile</span> <span class='ocrx_word' id='word_1_795' title='bbox 1823 2608 1947 2639; x_wconf 84' lang='lat' dir='ltr'>facinus</span> <span class='ocrx_word' id='word_1_796' title='bbox 1988 2608 2107 2647; x_wconf 76' lang='lat' dir='ltr'>passim</span> 
     </span>
    </p>
   </div>
  </div>
 </body>
</html>
