2237 3049
956 693 1284 733 PRAEFATIO.

280 814 349 846 Nisi
367 815 430 845 iam
451 813 490 845 ab
512 813 606 844 initio
630 813 755 845 consilii
774 813 838 844 mei
860 813 894 844 in
918 813 1057 845 texendo
1082 814 1142 845 hoe
1164 824 1260 854 opere
1283 814 1440 847 rationem
1466 827 1651 857 exposuero,
1675 818 1708 849 in
1733 818 1916 850 multorum
1938 818 2120 859 reprehen-

128 868 232 898 siones
252 865 339 896 haud
358 864 451 895 dubie
470 864 624 895 incurret.
664 863 776 904 Neque
795 867 922 895 tantum
942 875 961 895 a
979 864 1146 896 malevolis
1165 870 1196 896 et
1215 866 1336 897 invidis
1355 871 1521 907 earpetur:
1552 868 1649 909 (quod
1668 874 1752 901 esset
1770 870 1904 901 minime
1923 870 2116 912 curandum)

129 918 183 950 sed
212 915 360 949 nonnulli
390 915 473 946 forte
503 915 707 955 reperientur
744 914 832 945 nullo
866 914 986 954 alioqui
1015 915 1103 952 odio,
1135 921 1193 947 aut
1220 917 1321 947 animi
1351 918 1512 956 pravitate
1541 920 1669 958 insecti,
1701 921 1756 960 qui
1785 924 1893 951 tamen
1928 920 2117 952 existiment

127 967 358 1000 inconsiderate
388 965 529 1006 adeoque
559 970 681 996 temere
710 965 873 1002 ordinem,
905 975 999 1005 quem
1023 966 1158 1006 spiritus
1180 972 1313 999 sanetus
1337 968 1427 999 nobis
1458 970 1665 1009 praescribit,
1697 982 1715 1002 a
1741 981 1793 1002 me
1818 971 1921 1002 fuisse
1943 975 2115 1003 mutatum.

125 1019 237 1059 Neque
256 1018 340 1050 enim
361 1017 492 1048 dubium
516 1020 575 1054 est,
600 1016 684 1056 quod
708 1016 867 1056 optimum
891 1021 970 1054 erat,
996 1022 1026 1047 et
1046 1017 1079 1047 in
1098 1019 1186 1049 omni
1212 1018 1361 1050 utilitatis
1381 1030 1500 1059 genere
1524 1021 1810 1060 perfectissimum,
1836 1022 1991 1053 dictatum
2015 1022 2115 1054 fuisse

124 1070 217 1101 Mosi.
254 1070 324 1110 Ego
347 1072 453 1100 autem
477 1067 561 1108 quod
584 1068 639 1098 ille
662 1072 801 1108 quatuor
823 1068 912 1099 libris
936 1067 1081 1106 tradidit,
1105 1069 1151 1100 ita
1170 1069 1203 1100 in
1224 1070 1283 1101 hoe
1302 1071 1533 1102 commentario
1553 1076 1584 1103 et
1607 1072 1758 1113 colligere
1777 1077 1809 1104 et
1829 1073 1977 1113 digerere
2001 1074 2113 1111 statui,

123 1126 160 1152 ut
171 1121 273 1161 primo
292 1120 419 1157 intuitu,
441 1130 474 1150 re
493 1118 637 1150 nondum
656 1120 738 1150 bene
757 1113 933 1159 perspecta,
953 1119 1057 1151 videri
1076 1120 1197 1160 possim
1217 1120 1335 1152 melius
1354 1120 1475 1161 aliquid
1496 1126 1635 1154 tentare:
1656 1123 1739 1163 quod
1769 1123 1944 1163 sacrilegae
1963 1124 2120 1156 audaciae

127 1172 216 1203 foret.
261 1171 437 1212 Malignos,
460 1171 574 1211 quibus
598 1170 799 1211 propositum
822 1174 871 1202 est
893 1170 1097 1202 obtrectandi
1121 1171 1293 1202 materiam
1317 1181 1357 1202 ex
1381 1172 1484 1203 nihilo
1508 1177 1654 1213 captare,
1685 1178 1717 1204 et
1740 1174 1945 1205 occasionem
1969 1174 2115 1215 arripere

127 1233 252 1254 summa
280 1221 430 1262 voluptas
463 1226 527 1259 est,
560 1232 670 1253 secure
702 1225 881 1261 praetereo.
927 1222 999 1253 Hos
1022 1232 1098 1253 vero
1123 1232 1187 1253 non
1211 1222 1274 1254 nisi
1300 1232 1409 1254 errore
1440 1224 1581 1264 iniquos,
1613 1225 1706 1256 modo
1738 1235 1837 1265 quam
1861 1229 2016 1265 sequutus
2039 1236 2112 1258 sum

126 1274 283 1304 rationem
305 1272 430 1313 placide
453 1272 565 1304 audire
598 1272 831 1309 sustinuerint,
862 1272 989 1312 placare
1014 1272 1143 1304 difficile
1166 1283 1231 1304 non
1255 1273 1326 1305 erit.
1372 1274 1483 1315 Neque
1507 1275 1593 1307 enim
1617 1276 1706 1307 aliud
1729 1276 1809 1307 mihi
1836 1276 2037 1316 propositum
2061 1281 2113 1309 est

125 1335 220 1364 quam
238 1324 298 1356 hae
316 1325 398 1356 serie
418 1324 556 1365 dirigere
575 1324 711 1356 lectores
730 1323 876 1354 nondum
896 1324 974 1355 satis
997 1324 1198 1362 exercitatos,
1223 1328 1259 1355 ut
1282 1324 1409 1356 facilius
1431 1326 1693 1367 commodiusque
1713 1330 1746 1358 et
1764 1327 1888 1357 maiore
1907 1337 1979 1358 cum
1999 1327 2110 1359 fructu

126 1375 159 1406 in
181 1375 270 1407 libris
293 1376 393 1407 Mosis
417 1380 599 1407 versentur.
647 1374 798 1414 Denique
822 1375 964 1414 quisquis
998 1374 1141 1406 fructum
1164 1386 1203 1405 ex
1234 1375 1343 1407 labore
1374 1381 1484 1407 nostro
1515 1388 1626 1417 capere
1657 1378 1794 1418 optabit,
1827 1378 1907 1409 sciat
1929 1388 1948 1409 a
1972 1379 2110 1410 lectione

127 1427 276 1466 cuiusque
300 1426 373 1457 libri
396 1437 429 1457 sc
452 1427 585 1457 minime
609 1426 738 1456 abduci:
769 1425 825 1456 sed
855 1430 981 1456 tantum
1017 1426 1207 1466 compendio
1238 1426 1352 1459 deduci
1384 1428 1424 1459 ad
1447 1433 1570 1460 eertum
1594 1440 1740 1470 scopum,
1771 1439 1813 1460 ne
1837 1433 1975 1469 vagetur
1997 1429 2109 1471 (sicuti

126 1478 235 1509 multis
257 1477 443 1518 contingere
467 1476 561 1517 solet)
584 1482 715 1517 propter
738 1477 973 1517 ignorationem
998 1477 1152 1508 methodi.

277 1529 369 1559 Duae
388 1533 462 1559 sunt
481 1528 596 1559 horum
622 1533 758 1568 quatuor
782 1527 938 1558 librorum
962 1533 1079 1567 partes,
1105 1528 1259 1560 historiae
1282 1530 1434 1566 narratio,
1459 1534 1491 1560 et
1514 1529 1658 1561 doctrina
1683 1540 1745 1569 qua
1768 1530 1951 1562 instituitur
1974 1531 2109 1563 ecclesia

126 1578 160 1609 in
179 1589 256 1610 vera
279 1580 405 1618 pietate,
430 1579 523 1620 (quac
547 1578 642 1610 fidem
665 1584 695 1609 et
715 1579 955 1610 invocationem
976 1579 1009 1609 in
1033 1589 1066 1610 se
1088 1580 1246 1622 continet)
1269 1581 1347 1612 item
1366 1582 1399 1611 in
1419 1581 1533 1612 timore
1554 1585 1585 1611 et
1602 1581 1692 1612 cultu
1711 1581 1790 1612 Dei:
1816 1586 1910 1621 atque
1928 1582 1975 1613 ita
1993 1587 2106 1614 sancte

124 1630 269 1670 iusteque
293 1630 421 1662 vivendi
444 1630 556 1671 regula
580 1629 728 1667 traditur,
752 1634 784 1660 et
807 1634 942 1670 urgetur
965 1631 1189 1670 unusquisque
1208 1630 1248 1661 ad
1267 1631 1497 1671 praestandum
1520 1631 1670 1662 officium.
1708 1631 1803 1663 Hane
1822 1632 1844 1673 ¹)
1864 1631 2106 1664 distinctionem

124 1691 188 1712 non
212 1685 299 1712 tenet
322 1681 428 1712 Moses
452 1682 483 1712 in
509 1681 574 1712 suis
598 1681 705 1719 libris,
735 1681 811 1721 quia
837 1691 895 1712 nee
918 1681 1087 1712 historiam
1112 1692 1176 1713 uno
1199 1687 1354 1714 contextu
1378 1682 1493 1714 refert:
1526 1682 1706 1714 doctrinam
1737 1693 1813 1714 vero
1837 1683 1942 1722 ipsam
1966 1684 2104 1723 sparsim

124 1732 223 1764 tradit
253 1737 328 1772 pout
359 1733 433 1763 tulit
455 1732 588 1764 occasio.
640 1733 761 1763 Fateor
784 1731 932 1772 quidem,
956 1732 1111 1773 quidquid
1135 1732 1175 1764 ad
1195 1734 1294 1765 vitam
1318 1733 1511 1765 firmandam
1535 1738 1658 1774 spectat
1682 1733 1791 1765 decem
1816 1734 1994 1774 praeceptis
2017 1745 2104 1766 com·

123 1783 295 1824 prehendi:
328 1784 383 1815 sed
414 1784 489 1824 quia
518 1794 581 1815 non
611 1783 759 1815 omnibus
792 1783 902 1814 datum
933 1790 998 1821 est,
1027 1795 1108 1824 quae
1138 1789 1230 1815 extra
1261 1784 1370 1816 decem
1400 1791 1569 1825 praecepta
1600 1785 1755 1815 docentur
1785 1796 1939 1825 quorsum
1967 1786 2104 1817 tendant

123 1835 298 1876 prudenter
329 1835 524 1871 discernere,
555 1840 587 1866 et
610 1835 736 1875 singula
767 1835 887 1866 referre
910 1835 943 1865 in
968 1846 1060 1866 suam
1082 1836 1232 1873 classem,
1265 1836 1348 1866 nihil
1372 1847 1424 1867 eos
1448 1836 1602 1867 adiuvare
1634 1837 1797 1876 prohibet,
1829 1841 1865 1866 ut
1887 1836 2042 1868 admoniti
2064 1837 2103 1869 de

122 1887 225 1918 saneti
249 1886 421 1926 prophetae
444 1891 552 1918 mente
576 1892 608 1917 et
631 1886 763 1917 consilio
787 1887 820 1917 in
844 1887 912 1917 eius
936 1887 1063 1926 scriptis
1087 1886 1203 1918 melius
1227 1887 1407 1927 proficiant.

274 1937 373 1968 Porro
393 1938 489 1969 totius
513 1948 593 1977 quae
617 1937 650 1967 in
675 1942 810 1977 quatuor
833 1938 924 1968 libris
948 1939 1104 1968 recitat-ur
1128 1938 1281 1969 historiae
1305 1938 1424 1978 duplex
1449 1943 1497 1969 cst
1522 1938 1654 1969 utilitas.
1701 1937 1782 1968 Nam
1807 1937 1955 1969 liberatio
1980 1940 2101 1971 veteris

122 1989 228 2028 populi
247 1989 372 2020 illustre
392 1989 482 2020 nobis
501 1989 667 2028 speculum
688 1995 736 2019 cst
760 1994 824 2019 tam
846 1989 1107 2028 incomparabilis
1135 1990 1198 2020 Dei
1218 1990 1381 2029 potentiae
1402 2000 1497 2029 quam
1522 1990 1697 2019 immensae
1721 1989 1871 2019 bonitatis
1890 1989 1923 2019 in
1946 1990 2101 2030 erigenda

121 2044 153 2070 et
174 2039 264 2079 quasi
287 2039 450 2080 gignenda
471 2040 614 2071 ecelesia.
650 2039 745 2078 Quod
769 2045 876 2071 autem
900 2041 1063 2071 continuis
1088 2041 1250 2072 beneficiis
1273 2040 1364 2071 illum
1389 2040 1526 2071 eundem
1547 2040 1701 2080 populum
1721 2040 1860 2080 optimus
1888 2044 1980 2079 pater
1999 2051 2100 2081 usque

121 2090 152 2121 in
176 2091 272 2121 finem
305 2098 515 2131 prosequutus
539 2097 604 2128 est,
637 2098 731 2130 atquc
755 2091 851 2122 ctiam
875 2101 946 2122 cum
972 2092 1106 2123 scelesta
1135 2093 1310 2132 impietate,
1336 2091 1458 2122 malitia
1483 2091 1664 2122 detestabili
1688 2091 1842 2130 foedaque
1861 2090 2098 2131 ingratitudine

122 2140 255 2172 subinde
285 2143 436 2178 certavit,
468 2148 503 2173 ut
532 2153 594 2173 non
625 2142 786 2173 desineret
809 2153 886 2183 erga
917 2153 1034 2182 pravos
1058 2148 1090 2174 et
1113 2144 1257 2183 ingratos
1282 2143 1449 2183 plusquam
1474 2143 1615 2173 liberalis
1639 2153 1725 2179 esse,
1756 2141 2001 2173 inaestimabilis
2029 2144 2097 2175 eius

122 2192 356 2224 misericordiae
386 2193 585 2225 luculentum
618 2201 664 2224 cst
700 2193 939 2225 documentum⁴
985 2194 1092 2232 Quam
1122 2205 1199 2225 vero
1230 2194 1410 2225 indefessus
1441 2194 1483 2225 sit
1514 2194 1636 2233 gratiae
1667 2194 1736 2223 eius
1766 2198 1857 2223 tenor
1880 2193 1913 2222 in
1942 2193 2097 2232 fovendis,

122 2243 259 2281 tuendis,
281 2244 433 2275 ornandis
452 2249 481 2276 et
505 2245 672 2276 servandis
693 2255 772 2285 quos
795 2245 894 2276 semel
918 2256 1027 2276 amore
1051 2245 1237 2285 complexus
1257 2250 1314 2284 est⁷
1339 2246 1372 2275 in
1396 2245 1548 2275 continua
1570 2244 1802 2285 gubernatione
1821 2243 1973 2274 cernitur.
2007 2244 2097 2277 Hinc

122 2295 214 2326 nobis
238 2295 415 2326 haurienda
438 2301 487 2327 est
509 2296 644 2328 fiduciae
669 2296 819 2327 materia:
849 2296 923 2327 hine
947 2301 979 2327 et
1002 2296 1119 2328 fiducia
1142 2297 1293 2336 precandi
1317 2296 1482 2327 elicienda.
1527 2296 1612 2333 Iam,
1642 2306 1682 2325 ne
1706 2294 1889 2325 dubitemus
1913 2305 1994 2334 quae
2017 2296 2095 2327 olim

122 2346 246 2384 experti
275 2346 351 2376 sunt
373 2346 537 2378 Israelitae
567 2348 690 2388 gratiae
714 2347 777 2378 Dei
807 2347 991 2378 testimonia
1022 2352 1088 2378 tam
1111 2348 1144 2378 in
1169 2348 1271 2387 primo
1295 2348 1425 2378 exordio
1448 2357 1543 2387 quain
1568 2358 1622 2386 per
1646 2346 1757 2385 longos
1781 2356 1974 2385 progressus
1999 2347 2094 2378 hodie

121 2406 245 2436 quoque
263 2396 302 2427 ad
321 2407 376 2428 nos
395 2398 568 2437 pertinere,
588 2409 719 2430 eausam
738 2399 771 2430 in
791 2399 932 2439 gratuita
955 2398 1125 2438 adoptione
1145 2399 1259 2429 statuit
1281 2399 1407 2435 Moses,
1432 2408 1513 2437 quae
1533 2398 1624 2427 nobis
1647 2407 1718 2428 cum
1739 2396 1802 2426 illis
1825 2400 1873 2427 est
1901 2399 2094 2429 communis:

121 2457 163 2477 ex
186 2457 246 2486 quo
270 2447 452 2487 unigenitus
474 2448 536 2480 Dei
564 2450 650 2481 filius
674 2450 781 2481 diruta
812 2450 951 2481 maceria
974 2453 1071 2490 caput
1102 2454 1247 2480 nostrum
1277 2461 1346 2481 csse
1377 2449 1487 2480 voluit.
1534 2448 1645 2479 Altera
1668 2458 1709 2478 ex
1733 2451 1824 2487 parte
1849 2446 1889 2477 ad
1914 2447 1975 2478 Dei
2000 2459 2093 2480 reve-

121 2498 259 2528 rentiam
274 2508 330 2528 nos
347 2499 532 2538 instituunt,
552 2511 588 2532 ac
606 2505 729 2532 metum
750 2501 842 2532 nobis
861 2501 1021 2532 incutiunt
1042 2501 1222 2532 horrendae
1241 2505 1273 2531 et
1285 2499 1510 2531 memorabiles
1528 2509 1647 2539 poenae
1660 2508 1740 2538 quae
1753 2498 1872 2538 passim
1892 2498 2093 2531 referuntur:

273 2616 299 2649 1)
318 2617 392 2642 Hanc
409 2617 605 2645 distinctionem
625 2639 732 2645 .....
751 2620 898 2653 proficiant.
936 2619 1011 2645 Haec
1029 2619 1126 2645 absunt
1145 2619 1177 2645 ab
1196 2618 1343 2651 exemplari
1360 2618 1463 2652 yallz'co.
1855 2658 1886 2683 1*
