2304 3034
115 197 174 229 681

113 295 304 331 appetamus
333 300 373 321 ex
396 289 530 320 aliorum
562 285 736 325 dispendio.
782 284 876 324 Quod
906 289 1013 315 autem
1038 284 1076 315 ad

113 335 166 365 1115
186 334 309 364 forense
328 335 465 372 spectat,
489 329 570 360 nihil
594 329 711 358 mirum
737 328 762 358 si
785 327 902 368 populo
926 338 983 358 suo
1007 337 1077 367 per-
1102 356 1103 362 ,

115 375 240 407 miserit
253 375 342 406 Deus
360 374 470 405 foenus
490 371 528 402 ab
547 371 711 401 extraneis
731 371 876 410 exigere:
899 371 973 410 quia
998 370 1076 400 alio-

115 419 170 458 qui
200 423 329 449 servata
362 426 426 447 11011
461 415 573 445 fuisset
603 418 716 444 mutua
747 413 974 452 aequabilitas,
1005 413 1076 443 sine

116 471 177 500 qua
207 461 340 491 alteram
370 462 495 498 partem
520 455 649 496 gravari
680 466 810 486 necesse
835 460 892 486 est.
939 455 1074 485 Mandat

115 503 182 534 suis
205 503 293 534 Deus
316 512 356 532 110
378 501 592 534 foeneremur,
618 509 653 529 ae
677 498 811 538 proinde
835 498 919 529 solos
936 497 1072 528 Iudaeos

113 546 175 576 hac
197 545 283 585 lege,
316 553 378 574 non
403 546 529 573 exteras
553 545 674 581 gentes,
699 541 880 580 obstringit.
928 541 1015 580 Ergo
1039 545 1073 570 ut

116 588 221 629 vigeat
253 586 333 618 ratio
356 584 537 624 analogica,
567 583 651 614 idem
679 583 836 614 libertatis
867 582 984 623 populo
1015 593 1072 613 5110

113 630 258 662 concedit
287 626 368 668 quod
398 632 512 666 gentes
541 626 602 657 sibi
634 632 821 665 sumpturae
852 630 962 656 eraut:
997 626 1072 664 quia

113 673 191 704 haec
211 672 338 703 demum
357 669 534 700 tolerabilis
558 674 607 699 est
628 668 841 705 mediocritas,
866 668 919 699 ubi
943 679 1000 707 par
1023 672 1072 698 est
1097 675 1099 710 f

111 720 205 755 atque
223 713 361 753 aequalis
381 712 548 751 utriusque
568 711 669 750 partis
688 711 838 742 conditio.
876 711 959 741 Nam
978 710 1071 741 Plato
1097 738 1098 748 ,

110 757 162 789 0111
185 756 399 787 foeneratores
423 755 453 785 in
480 754 643 794 republica
668 753 747 784 bene
768 754 943 793 composita
966 754 1070 783 feren-

111 799 165 831 dos
191 809 258 829 esse
293 802 397 837 negat,
427 797 554 836 longius
585 807 649 826 non
677 796 883 836 progreditur
916 806 1008 835 quan]
1036 801 1069 826 ut

109 843 194 873 cives
217 841 254 871 ab
278 839 333 870 illo
357 840 442 879 turpi
467 845 498 870 et
521 838 692 870 inhonesto
716 839 905 870 commercio
929 839 1013 869 inter
1036 848 1069 869 50

110 884 297 916 abstineant.
343 882 521 920 Quaeritur
559 892 644 912 nunc
681 893 721 912 an
760 881 917 912 foenerari
951 891 1007 920 per
1036 891 1069 911 se

108 926 227 958 malum
252 925 302 956 sit,
346 925 387 955 Et
418 930 504 955 certe
537 925 669 954 minime
694 924 823 954 videtur
846 924 968 955 licitum
994 923 1068 954 filiis

108 968 170 1000 Dei
200 967 283 1008 quod
314 967 442 1007 profani
476 977 602 1007 quoque
635 967 782 997 homines
806 966 957 997 detestati
981 972 1066 996 sunt.

109 1010 234 1043 Scimus
263 1010 380 1050 ubique
411 1016 441 1040 et
463 1020 589 1050 semper
612 1019 744 1040 exosum
769 1014 801 1040 et
824 1009 943 1039 infame
968 1009 1068 1039 fuisse
1094 1043 1095 1046 Ἰ

106 1054 341 1085 foeneratorum
384 1062 510 1083 nomen.
568 1052 681 1091 Itaque
715 1052 795 1082 Cato
835 1051 1065 1092 agriculturam

105 1095 235 1127 laudare
267 1095 394 1132 volens,
419 1096 503 1126 fures
527 1094 604 1125 dicit
626 1105 643 1125 a
668 1095 832 1125 veteribus
856 1094 946 1133 dupli
970 1094 1068 1124 fuisse

105 1138 347 1174 condemnatos,
373 1138 588 1168 foeneratores
612 1137 800 1177 quadrupli:
826 1137 911 1167 unde
936 1137 1066 1176 colligit,

105 1181 163 1212 hos
186 1181 250 1212 illis
274 1180 448 1211 deteriores
473 1180 571 1211 fuisse
595 1180 730 1210 habitos.
778 1181 821 1210 Et
848 1181 1067 1219 interrogatus

104 1223 179 1264 quid
204 1223 242 1254 de
266 1223 449 1254 foenoribus
473 1224 622 1262 sentiret,
647 1223 828 1262 respondit:
853 1222 938 1261 Quid
963 1222 1066 1252 homi—
1093 1255 1095 1260 .

104 1276 178 1297 nem
202 1265 367 1297 occidere?
399 1265 472 1304 Quo
496 1265 609 1297 docere
639 1265 748 1301 voluit,
773 1264 873 1295 nihilo
899 1265 1067 1295 honestius

104 1319 172 1340 esse
196 1316 364 1348 quaestum
388 1308 494 1339 facere
520 1319 560 1339 ex
584 1308 691 1339 usuris
709 1318 804 1347 quam
830 1308 993 1338 hominem
1018 1308 1065 1338 iu-

103 1351 224 1392 gulare.
281 1351 352 1382 Hoc
387 1351 483 1382 unius
519 1351 659 1381 hominis
694 1351 814 1391 privati
843 1351 904 1381 fuit
935 1350 1066 1387 dictum,

79 1398 86 1407 ⁴
103 1398 269 1434 sumptum
287 1398 394 1424 tamen
419 1404 457 1424 ex
482 1393 626 1424 omnium
649 1393 715 1424 sere
739 1394 884 1433 gentium
909 1393 1011 1429 dictis,
1036 1398 1066 1423 et

102 1436 270 1468 hominum
290 1436 461 1476 suffragiis.

103 1479 232 1520 saepius
258 1480 361 1509 exorti
392 1484 469 1510 sunt
492 1489 608 1519 graves
632 1479 800 1512 tumultus.
826 1486 858 1509 et
880 1479 1066 1509 exitialibus

103 1521 272 1554 discordiis
284 1522 369 1552 inter
382 1521 505 1562 plebem
520 1527 552 1552 et
566 1521 739 1561 locupletes
759 1526 933 1552 certatum:
954 1531 1064 1560 quem-

103 1564 276 1596 admodum
303 1565 360 1596 vix
385 1565 454 1595 fieri
480 1569 585 1604 potest
613 1564 689 1604 quin
714 1564 931 1595 foeneratores
963 1565 1065 1594 instar

102 1604 292 1638 hirudinum
322 1607 430 1646 populi
462 1607 652 1647 sanguinem
677 1612 848 1647 exsugant.
895 1606 932 1638 Si
955 1613 1063 1637 tamen

103 1649 142 1681 de
165 1650 291 1690 reipsa
320 1654 407 1681 certo
430 1649 711 1689 pronunciandum
741 1656 808 1688 est,
839 1660 904 1680 non
934 1649 1065 1680 aliunde

101 1703 197 1732 quam
227 1703 267 1723 ex
298 1693 462 1724 communi
493 1692 664 1731 aequitatis
694 1692 805 1733 regula
835 1692 993 1723 sumenda
1017 1698 1065 1723 est

102 1735 254 1772 definitio,
271 1745 306 1766 ac
326 1735 516 1774 praesertim
536 1746 573 1765 ex
600 1734 723 1766 Christi
747 1737 914 1771 sententia,
938 1746 978 1766 ex
1002 1745 1065 1774 qua

100 1778 244 1818 pendent
267 1777 319 1808 lex
347 1783 378 1808 et
401 1777 576 1817 prophetae
599 1777 707 1818 (Matt.
734 1778 761 1815 7,
788 1778 856 1818 12):
888 1777 981 1817 Quod
1007 1777 1064 1807 tibi

101 1821 169 1852 fieri
194 1830 259 1851 non
282 1821 342 1856 vis,
367 1820 459 1850 alteri
483 1831 523 1850 ne
547 1821 668 1851 feceris.
701 1820 838 1861 Semper
861 1822 945 1851 enim
971 1831 1063 1851 exco—

102 1863 205 1904 gitant
241 1863 390 1894 homines
431 1863 529 1893 astuti
559 1863 780 1903 captiunculas
811 1864 926 1903 quibus
955 1863 1063 1894 Deum

100 1905 247 1937 illudant.
290 1904 344 1936 Sic
368 1916 464 1944 quum
489 1906 626 1936 foenoris
650 1916 768 1937 nomen
791 1917 902 1937 omnes
927 1906 1063 1937 detesta-

101 1953 228 1984 rentur,
258 1948 460 1988 suppositum
494 1949 553 1979 fuit
585 1948 722 1979 alterum
745 1949 828 1988 quod
854 1950 989 1979 honesto
1013 1959 1064 1979 co-

102 1991 167 2021 lore
197 1990 304 2021 odium
330 1991 501 2031 effugeret:
527 2002 658 2022 usuram
684 1992 768 2022 euim
794 1998 949 2023 vocarunt
972 1991 1065 2031 quasi
1091 2011 1092 2020 1

104 2034 396 2073 compensationem
425 2033 550 2070 damni,
583 2035 695 2073 quanti
725 2034 880 2065 intererat
911 2035 1064 2075 pecuniae

103 2086 179 2106 suae
207 2086 268 2106 usu
292 2086 410 2107 carere,

104 2160 186 2191 Nam
207 2161 349 2200 quisquis
372 2166 572 2200 praesentem
596 2161 691 2192 habet
712 2163 890 2202 pecuniam,
917 2163 969 2193 ubi
994 2173 1063 2193 eam

106 2209 216 2233 mutuo
233 2203 364 2234 daturus
381 2209 437 2241 est,
451 2204 565 2234 utilem
582 2205 641 2235 sibi
656 2205 720 2235 fore
737 2205 922 2236 causabitur
942 2206 969 2235 si
989 2205 1063 2245 quid

108 2251 200 2282 emat,
218 2250 249 2275 et
260 2246 395 2286 singulis
408 2248 579 2277 momentis
591 2247 738 2278 lucrandi
758 2248 925 2278 materiam
946 2249 1064 2279 offerri.

107 2286 158 2317 Ita
177 2297 300 2327 semper
322 2289 384 2319 erit
407 2290 659 2329 compensationi
684 2290 786 2327 locus,
818 2291 945 2329 quando
970 2302 1064 2322 nemo

108 2328 245 2360 creditor
280 2331 346 2361 sine
380 2331 498 2362 damno
538 2333 706 2371 pecuniam
743 2333 834 2363 alteri
870 2334 1063 2364 numerabit.

108 2371 159 2402 Ita
189 2381 299 2402 nomen
327 2383 451 2411 usurae,
475 2385 571 2413 quum
598 2386 631 2405 re
654 2375 724 2414 ipsa
748 2376 939 2406 tantundem
960 2377 1065 2407 valeat

109 2424 146 2445 ac
179 2414 306 2449 foenus,
341 2415 599 2457 integumentum
636 2424 684 2448 est
716 2419 760 2448 rei
795 2419 937 2449 odiosae:
974 2420 1063 2458 quasi

108 2466 185 2488 vero
208 2456 323 2487 talibus
345 2459 468 2490 cavillis
486 2470 520 2490 se
543 2470 560 2490 a
581 2460 640 2491 Dei
665 2459 782 2491 iudicio
805 2461 988 2501 expediant,
1013 2461 1064 2492 ubi

110 2499 177 2530 sola
196 2499 362 2538 integritas
381 2501 419 2531 ad
439 2501 655 2533 defensionem
683 2503 774 2534 valet.
819 2504 941 2534 Similis
966 2515 1065 2544 prope

110 2540 194 2581 apud
227 2540 390 2573 Israelitas
423 2545 657 2584 tergiversandi
696 2546 755 2576 fuit
789 2547 879 2577 ratio.
939 2547 1064 2577 Nomen

109 2589 173 2616 *wa
195 2582 277 2622 quod
301 2593 319 2612 a
342 2586 514 2617 mordendo
539 2588 710 2619 deductum
733 2594 790 2627 est,
813 2589 897 2619 male
920 2590 1064 2620 sonabat.

111 2599 221 2665 (buum
253 2635 328 2665 ergo
365 2637 456 2658 nemo
493 2632 614 2661 censeri
647 2630 746 2662 vellet
772 2632 860 2663 canis
889 2632 1065 2670 famelicus,

508 1437 549 1467 Et
575 1443 660 1467 certe
684 1435 742 1467 1130
763 1436 801 1466 (10
825 1447 919 1467 causa
943 1436 1067 1466 Romae
1093 1464 1094 1470 ,

456 2076 555 2116 Atqui
579 2076 705 2107 nullum
729 2083 777 2108 est
800 2077 939 2108 foenoris
963 2088 1065 2117 genus
1091 2102 1092 2107 ,

105 2119 154 2148 001
182 2118 361 2157 speciosum
392 2118 479 2149 hunc
510 2119 641 2149 titulum
674 2119 847 2150 obtendere
872 2131 936 2151 non
962 2121 1064 2151 liceat.
1091 2143 1092 2149 ,

808 191 1030 224 OCTAVUM
1062 191 1381 224 PRAECEPTUM.

1102 411 1104 423 l

2033 195 2096 226 682

1131 286 1183 325 qui
1217 286 1295 317 alios
1330 284 1507 316 mordendo
1531 295 1564 316 se
1588 286 1691 325 ipsum
1721 291 1881 325 pasceret,
1913 287 2094 326 quaesitum

1130 328 1189 358 fuit
1217 329 1326 367 probri
1358 328 1530 368 effugium:
1555 334 1657 360 ΠἮἾΠ
1683 334 1845 365 vocarunt,
1871 329 1963 369 quasi
1987 330 2093 361 incre-

1130 377 1294 408 mentum,
1329 370 1483 411 quidquid
1515 371 1597 402 lucri
1627 375 1756 410 praeter
1789 376 1908 402 sortem
1939 371 2086 403 dabatur.

1132 413 1219 444 Deus
1243 418 1348 444 autem
1374 419 1409 444 ut
1434 413 1552 444 talibus
1575 413 1710 444 fallaciis
1729 419 1894 452 occurrat,
1918 418 2093 454 utrumque

1130 466 1246 486 nomen
1264 456 1440 496 coniungit,
1458 461 1489 487 et
1507 455 1627 495 pariter
1644 455 1776 486 damnat
1794 461 2003 496 augmentum
2018 468 2091 488 cum

1128 499 1298 529 mersione.
1329 498 1412 529 Nam
1428 498 1480 529 ubi
1503 498 1541 529 de
1563 498 1693 529 iniustis
1713 498 1890 538 praedandi
1912 504 1943 530 et
1963 499 2092 530 furandi

1128 541 1307 572 rationibus
1329 541 1538 580 conqueritur
1561 541 1644 581 apud
1670 540 1873 572 Ezechielem
1893 540 2033 584 (18,12)‚
2056 546 2089 573 et

1099 592 1100 596 ¹
1126 589 1307 623 utrumque,
1327 584 1421 614 sicuti
1440 594 1526 615 110110
1544 583 1629 624 apud
1643 584 1764 621 Mosen,
1784 584 1938 621 nominat,
1959 595 2092 616 minime

1127 625 1258 657 dubium
1287 631 1334 657 est
1359 626 1436 665 quin
1460 637 1560 657 vanas
1584 626 1807 657 excusationes
1830 627 1978 657 consulto
2002 632 2092 658 ante-

1126 674 1240 700 vertat.
1276 669 1364 708 Ergo
1388 680 1427 699 110
1446 669 1518 708 quis
1542 669 1706 708 exciperet
1729 679 1772 707 se,
1794 670 1941 708 quamvis
1965 670 2085 700 emolu-

1124 718 1270 742 mentum
1310 723 1348 742 ex
1382 711 1518 751 pecunia
1550 712 1723 751 acciperet,
1768 722 1831 742 11011
1873 712 1943 742 ideo
1983 717 2091 743 tamen

1124 754 1298 791 foenerari,
1330 754 1412 785 hanc
1443 764 1553 784 ansam
1581 759 1707 785 mature
1727 753 1817 785 Deus
1847 754 2019 791 abscindit,
2055 765 2092 786 ac

1123 797 1319 836 generaliter
1356 796 1488 827 damnat
1525 796 1699 835 quamlibet
1738 797 1831 828 sortis
1869 797 2091 828 accessionem.

1123 840 1218 869 Certe
1253 839 1339 871 locus
1374 844 1508 878 uterque
1540 838 1625 869 clare
1659 839 1857 870 demonstrat
1892 839 1973 870 nihil
2004 839 2093 870 aliud

1122 892 1217 920 quam
1252 883 1370 912 frustra
1400 881 1514 922 nugari
1542 881 1596 920 qui
1624 881 1662 911 ad
1687 882 1830 913 criminis
1853 882 2090 913 excusationem

1122 935 1221 955 novas
1246 935 1336 955 voces
1366 924 1534 955 fabricant.
1580 923 1656 954 Ideo
1682 934 1749 954 rem
1774 925 1879 964 potius
1903 924 2093 964 simpliciter

1122 967 1335 1006 reputandam
1359 976 1428 997 esse
1452 966 1621 1002 admonui,
1646 967 1721 1006 quia
1743 966 1813 997 Deo
1840 977 1967 1007 semper
1989 967 2092 1007 iniqui

1122 1019 1234 1040 omnes
1258 1014 1411 1049 quaestus
1434 1008 1621 1048 displicent,
1646 1019 1854 1049 quoscunque
1878 1010 1998 1040 colores
2022 1014 2090 1040 ten-

1122 1058 1227 1083 temus
1262 1051 1429 1083 obducere.
1480 1051 1574 1090 Quod
1609 1051 1635 1082 si
1676 1062 1715 1082 ex
1747 1053 1906 1091 aequitate
1937 1051 2092 1084 iudicium

1122 1095 1224 1126 facere
1255 1094 1415 1131 convenit,
1438 1104 1553 1125 usuras
1579 1094 1737 1133 quaslibet
1762 1094 1881 1134 absque
1904 1095 2093 1135 exceptione

1123 1137 1292 1173 damnare,
1325 1137 1412 1168 nulla
1442 1137 1564 1176 patitur
1588 1137 1677 1167 ratio.
1724 1136 1860 1167 Debitor
1884 1138 1908 1168 si
1933 1138 2091 1178 tergiver-

1122 1180 1221 1210 sando
1246 1186 1375 1220 tempus
1399 1179 1579 1210 extraxerit
1602 1189 1674 1210 cum
1699 1179 1867 1219 dispendio
1891 1185 1922 1210 et
1945 1180 2093 1211 molestia

1121 1223 1303 1259 creditoris,
1334 1233 1374 1253 an
1401 1226 1653 1253 consentaneum
1678 1222 1739 1252 erit
1762 1233 1835 1252 eum
1859 1233 1898 1253 ex
1922 1223 2007 1253 mala
2030 1223 2093 1254 fide

1121 1271 1152 1296 et
1183 1265 1393 1296 frustratione
1425 1265 1550 1296 lucrum
1575 1263 1711 1304 capere?
1735 1264 1838 1296 Nemo
1861 1269 1945 1296 certe
1969 1264 2017 1306 (ut
2041 1276 2091 1296 ar-

1121 1308 1233 1349 bitror)
1257 1308 1388 1348 negabit
1407 1318 1522 1339 usuras
1544 1306 1694 1339 creditori
1715 1306 1885 1338 solvendas
1909 1318 1978 1338 esse
2001 1318 2092 1347 prae-

1121 1357 1169 1381 ter
1196 1356 1324 1388 sortem,
1349 1356 1383 1381 ut
1405 1355 1561 1390 pensetur
1584 1350 1652 1381 eius
1676 1350 1807 1381 iactura.
1856 1349 1891 1381 Si
1910 1350 1982 1389 quis
2006 1351 2092 1381 locu-

1121 1394 1188 1433 ples
1212 1393 1265 1433 qui
1290 1393 1351 1424 erit
1374 1393 1407 1424 in
1431 1393 1497 1424 suis
1520 1393 1671 1429 nummis,
1696 1392 1830 1423 fundum
1852 1403 1958 1424 emere
1982 1392 2093 1424 volens

1120 1442 1243 1476 partem
1275 1436 1414 1475 aliquam
1446 1446 1592 1467 summae
1622 1435 1661 1466 ab
1690 1436 1792 1466 altero
1825 1440 2004 1473 mutuetur,
2036 1435 2093 1475 qui

1121 1479 1288 1519 pecuniam
1320 1483 1486 1515 numerat,
1514 1489 1621 1509 annon
1651 1478 1771 1518 pot-erit
1800 1488 1840 1508 ex
1871 1477 1963 1508 fundi
1985 1478 2092 1509 reditu

1118 1523 1258 1553 fructum
1279 1521 1416 1560 aliquem
1441 1522 1614 1561 percipere,
1637 1520 1737 1551 donec
1759 1531 1828 1552 sors
1852 1524 2092 1560 repraesentata

1119 1564 1239 1595 fuerit?
1283 1564 1389 1594 Multa
1419 1564 1487 1594 eius
1517 1564 1646 1604 generis
1678 1563 1819 1603 quotidie
1843 1562 2000 1600 accidunt,
2024 1563 2091 1601 ubi,

1119 1607 1201 1647 quod
1236 1607 1274 1637 ad
1306 1606 1501 1646 aequitatem
1533 1611 1671 1646 spectat,
1699 1617 1797 1637 usura
1822 1605 1923 1636 nihilo
1951 1606 2091 1637 deterior

1119 1651 1180 1681 erit
1210 1660 1305 1689 quam
1329 1649 1459 1689 emptio.
1505 1649 1572 1680 Nec
1597 1659 1672 1680 vero
1696 1654 1812 1689 arguta
1834 1648 1889 1680 illa
1912 1649 1992 1679 ratio
2016 1648 2091 1679 Ari-

1118 1692 1243 1724 stotelis
1266 1692 1423 1729 consistit,
1448 1692 1561 1722 foenus
1585 1702 1656 1723 esse
1677 1697 1804 1731 praeter
1827 1695 1993 1728 naturam,
2017 1691 2090 1731 quia

1118 1736 1252 1776 pecunia
1286 1735 1406 1766 sterilis
1440 1740 1504 1773 est,
1539 1744 1597 1765 1100
1631 1735 1800 1774 pecuniam
1835 1734 1933 1773 parit:
1969 1734 2090 1773 poterit

1091 1776 1092 1784 ¹
1118 1780 1202 1810 enim
1234 1777 1286 1808 ille
1318 1788 1412 1817 quem
1444 1777 1511 1808 dixi
1542 1778 1731 1814 frast-rator,
1756 1788 1795 1808 ex
1827 1777 1931 1807 aliena
1953 1776 2089 1816 pecunia

1117 1826 1285 1861 quaestum
1316 1820 1446 1850 uberem
1477 1820 1581 1851 facere
1611 1819 1821 1860 negotiando,
1850 1819 1941 1850 fundi
1965 1824 2091 1859 emptor

1118 1869 1217 1895 metet
1244 1873 1279 1893 30
1304 1862 1525 1894 vindemiabit.
1571 1862 1694 1893 Verum
1718 1863 1878 1902 excipient
1901 1862 1955 1901 qui
1979 1867 2092 1893 contra

1119 1907 1278 1942 sentiunt,
1311 1905 1501 1945 simpliciter
1529 1905 1681 1936 standum
1709 1915 1778 1936 esse
1803 1905 1861 1935 Dei
1886 1904 2012 1942 iudicio,
2036 1904 2091 1944 qui

1119 1949 1313 1990 generaliter
1342 1959 1435 1979 omne
1459 1948 1570 1979 foenus
1595 1948 1711 1988 populo
1734 1958 1791 1978 suo
1814 1946 1985 1978 interdicit.
2024 1947 2089 1978 Re-

1119 1991 1273 2032 spondeo,
1303 1991 1432 2021 nonnisi
1464 1991 1503 2022 de
1532 1990 1725 2031 pauperibus
1756 1990 1866 2021 haberi
1897 1999 2090 2027 sermonem,

1118 2035 1254 2073 ideoque
1285 2034 1311 2064 si
1338 2044 1410 2065 cum
1435 2033 1589 2065 divitibus
1614 2034 1779 2074 negotium
1805 2033 1854 2069 sit,
1879 2032 2016 2063 liberum
2040 2033 2089 2063 ius

1118 2076 1306 2108 foenerandi
1334 2076 1496 2116 permitti:
1528 2077 1603 2116 quia
1634 2076 1799 2116 legislator
1822 2086 1887 2105 rem
1913 2085 2011 2106 unam
2031 2085 2088 2105 no-

1118 2119 1230 2155 tando,
1263 2119 1397 2149 alteram
1428 2118 1466 2149 de
1497 2130 1559 2159 qua
1589 2120 1736 2156 subticet,
1760 2118 1887 2150 videtur
1909 2128 1973 2148 non
1998 2117 2088 2148 dam-

1118 2174 1205 2193 nare.
1252 2162 1287 2192 si
1317 2172 1430 2192 rursus
1459 2162 1626 2199 obiiciant,
1663 2162 1878 2192 foeneratores
1913 2171 1930 2191 a
1963 2159 2089 2191 Davide

1090 2202 1092 2210 ⁴
1118 2211 1150 2236 et
1181 2204 1350 2235 Ezechiele
1378 2205 1410 2234 in
1439 2209 1543 2235 totum
1575 2204 1723 2235 damnari
1747 2203 1813 2245 (Ps.
1835 2203 1882 2239 15,
1907 2203 1935 2234 5.
1970 2202 2087 2234 Ezech.

1091 2246 1092 2250 ’
1120 2248 1167 2285 18,
1192 2247 1253 2288 13),
1287 2248 1461 2277 sententias
1485 2247 1556 2278 illas
1590 2247 1629 2278 ad
1653 2258 1799 2278 normam
1830 2245 1972 2277 caritatis
2002 2245 2089 2285 exigi

1091 2300 1092 2329 ζ
1118 2291 1232 2322 debere
1252 2290 1407 2320 arbitror:
1426 2290 1561 2330 ideoque
1585 2301 1646 2321 non
1671 2289 1817 2320 damnari
1842 2289 1901 2320 nisi
1926 2288 2089 2328 improbas

1091 2334 1322 2375 gexactiones,
1365 2331 1479 2372 quibus
1513 2333 1668 2371 creditor,
1702 2331 1884 2372 posthabita
1917 2330 2088 2370 aequitate,

1119 2376 1294 2406 debitorem
1327 2385 1419 2405 suum
1449 2381 1560 2406 onerat
1590 2386 1626 2407 ac
1657 2375 1773 2415 premit
1825 2373 1933 2404 Nolim
1957 2373 2088 2413 quidem

1118 2429 1189 2449 meo
1217 2418 1396 2457 patrocinio
1419 2429 1533 2449 usuras
1557 2419 1673 2454 fovere,
1704 2422 1797 2457 atque
1821 2416 1948 2447 utinam
1971 2427 2088 2447 nomen

1118 2462 1223 2501 ipsum
1253 2460 1404 2491 abolitum
1433 2466 1517 2492 esset
1542 2472 1558 2492 e
1581 2460 1716 2491 mundo:
1740 2459 1794 2490 sed
1828 2469 1888 2490 non
1919 2458 2019 2490 audeo
2050 2459 2088 2490 de

1091 2504 1092 2518 ³
1119 2515 1152 2534 re
1172 2503 1280 2543 magui
1301 2504 1456 2534 momenti
1476 2504 1548 2544 plus
1563 2502 1776 2543 pronunciare
1796 2512 1891 2541 quam
1908 2501 1970 2532 Dei
1989 2502 2090 2533 verba

1091 2549 1092 2571 1
1118 2551 1243 2577 sonunt.

1295 2546 1390 2576 Clare
1432 2552 1520 2586 patet
1552 2551 1691 2577 veterem
1730 2544 1882 2584 populum
1912 2543 1951 2575 ab
1982 2545 2088 2575 usuris

1091 2590 1092 2616 ἒ
1118 2590 1216 2619 fuisse
1244 2588 1458 2628 prohibitum,
1490 2588 1544 2620 sed
1572 2589 1654 2619 hanc
1682 2587 1781 2617 fuisse
1811 2593 1934 2626 partem
1965 2586 2088 2618 ordinis

1090 2617 1239 2671 lpolitici
1274 2632 1365 2662 fateri
1407 2642 1534 2663 necesse
1568 2636 1624 2662 est.
1670 2629 1763 2661 Unde
1797 2630 1941 2669 sequitur
1974 2640 2088 2660 usuras
