2304 3034
100 172 160 203 193

98 264 264 296 fundatam
288 276 357 296 esse
381 265 491 296 doceat
510 265 543 296 in
562 264 871 301 DeLmisericordia,
897 264 1058 294 homines-

100 319 160 348 que
184 308 297 338 invitet
326 308 365 338 ad
390 308 496 338 Deum
527 313 614 339 cert-a
644 307 706 338 fide
736 306 970 342 invocandum,
1001 305 1060 336 1100

665 169 1030 203 COMMENTARIUS
1052 170 1099 200 IN
1118 169 1266 201 EXODI
1284 171 1380 202 OAP.
1404 172 1500 203 XIX.

101 357 208 381 tamen
234 350 350 381 habere
375 351 539 390 proprium
563 356 594 380 et
617 349 776 389 peculiare
801 348 884 388 quod
908 347 966 378 sub
986 358 1059 378 con·
1086 368 1088 388 ,

100 393 219 423 ditione
234 394 412 432 paciscitur.
445 393 555 432 Itaque
575 392 773 432 distinguere
792 401 907 430 operae
920 391 1061 430 pretium
1086 395 1088 431 j

101 441 150 467 est
173 436 256 466 inter
279 436 464 476 generalem
498 434 676 465 doctrinam
700 444 780 473 quae
804 433 922 463 tradita
954 433 1013 463 fuit
1044 443 1062 462 a
1086 459 1088 466 .,

101 478 208 514 Mose,
243 484 274 508 et
307 479 392 509 inter
421 477 557 517 speciale
590 476 673 516 quod
708 477 829 515 accepit
863 475 1060 506 mandatum.

100 521 225 552 Passim
250 520 357 551 oblata
380 530 435 560 spe
456 519 568 550 veniae
592 519 739 549 hortatur
759 519 874 554 Moses,
899 524 934 548 ut
958 529 992 549 se
1017 529 1063 548 re-

99 564 271 595 concilient
296 563 440 593 homines
460 562 544 592 Deo:
570 567 601 591 et
625 561 748 600 quoties
772 561 994 600 expiationum
1019 561 1061 590 ri-

100 613 153 636 tus
177 606 373 645 praescribit⁷
399 615 461 634 non
486 604 617 634 dubium
649 610 698 635 cst
728 604 803 642 quin
829 604 964 634 miseros
988 614 1060 643 pee-

100 655 222 679 catores
246 647 285 679 ad
310 648 389 678 bene
408 646 603 686 sperandum
628 647 745 686 erigat,
772 646 940 685 Deumque
965 652 1060 676 teste-

101 698 152 721 tur
175 691 237 722 illis
260 691 432 730 propitium
467 688 542 719 fore.
589 688 718 719 Interea
749 688 807 719 hoe
839 699 983 719 seorsum
1016 688 1059 718 illi

99 744 217 764 munus
240 733 425 772 impositum
452 732 521 769 fuit,
554 732 726 770 perfectam
753 731 907 761 iustitiam
932 732 1062 771 exigere

101 787 118 807 a
141 775 274 816 populo,
304 781 334 806 et
358 774 447 813 quasi
472 784 511 804 ex
535 780 700 813 compacto
724 774 903 805 mercedem
928 774 1061 814 promit-

101 826 175 853 tere,
201 829 263 848 non
283 817 376 848 aliter
400 827 493 856 quam
518 817 544 846 si
565 816 722 856 impleant
742 817 888 847 homines
907 816 1060 856 quidquid

100 861 309 901 praecipitur:
341 859 457 889 minari
481 864 587 889 autem
611 866 641 889 et
665 859 841 889 vindictam
866 859 1061 890 denunciare

100 903 275 943 siquando
305 912 322 932 a
353 902 404 932 via
428 901 626 932 deflexerint.
678 901 812 932 Certum
845 902 972 941 quidem
1003 907 1059 937 cst,

99 946 182 977 idem
214 945 292 975 illud
323 944 449 979 foedus,
479 944 568 975 00105
599 944 747 975 minister
771 950 801 974 ct
824 951 931 975 custos
955 945 1061 975 fuerat

98 988 272 1024 Abraham,
302 987 473 1026 repetitum
498 987 597 1018 fuisse
620 987 702 1026 apud
729 987 810 1017 filios
841 997 898 1027 per
928 998 1059 1018 manum

95 1031 206 1062 Mosis.
251 1031 295 1061 Et
318 1037 425 1060 tamen
447 1030 568 1060 Paulus
591 1029 678 1070 (Gal.
703 1030 731 1065 3,
758 1029 810 1070 19)
835 1029 932 1060 tradit
956 1030 1060 1070 legem

97 1073 197 1104 fuisse
219 1072 459 1112 superadditam
483 1074 776 1112 transgressionum
802 1082 904 1111 causa,
928 1084 1060 1112 eamque
1086 1083 1087 1086 ¹

97 1116 299 1156 promissioni
322 1115 474 1145 Abrahae
499 1114 590 1145 datae
614 1115 755 1155 opponit,
786 1126 900 1155 nempe
925 1116 998 1155 quia
1023 1115 1060 1146 de
1086 1123 1087 1126 ’

97 1158 285 1199 particulari
309 1158 389 1197 legis
416 1158 535 1195 officio,
567 1158 598 1189 vi
622 1164 653 1188 et
677 1158 741 1188 fine
763 1158 923 1189 disserens
947 1169 963 1188 a
987 1169 1060 1199 gra·
1086 1179 1087 1183 .

98 1202 187 1232 tuitis
222 1200 485 1240 promissionibus
520 1211 589 1231 eam
621 1207 756 1240 separat.
809 1201 930 1231 Eodem
962 1212 1059 1232 sensu

97 1243 171 1275 alibi
204 1243 245 1284 (2.
270 1243 342 1274 Cor.
375 1243 403 1279 3,
435 1243 463 1273 6.
500 1243 531 1283 Τ)

97 1292 129 1317 et
156 1287 282 1317 literam
313 1296 392 1325 quae
426 1285 551 1316 occidit.
598 1285 683 1317 Alibi
718 1287 813 1317 etiam
848 1286 945 1316 tradit
980 1287 1060 1317 iram

97 1329 232 1369 operari,
255 1339 290 1359 ac
314 1329 339 1358 si
364 1340 404 1359 ex
423 1334 513 1359 reatu
537 1328 741 1359 mortiferum
770 1329 887 1360 vulnus
912 1330 1061 1369 infligens

97 1372 239 1402 humano
262 1371 382 1411 generi.
407 1371 528 1401 nullam
553 1382 640 1410 spem
666 1371 779 1402 salutis
800 1372 953 1410 reliquam
978 1373 1061 1403 face—

98 1421 145 1445 ret
169 1414 276 1455 (Rom.
301 1414 329 1449 4,
356 1414 416 1454 15).
462 1415 550 1451 Ergo
574 1415 606 1444 in
631 1414 691 1444 liae
714 1416 968 1454 p1··.10p·.1rati0n‹·,
999 1427 1061 1454 qua

98 1458 188 1488 Deus
218 1457 373 1496 populum
404 1457 540 1486 crudivit
581 1457 618 1487 ad
657 1458 871 1487 reverentiam
903 1464 932 1487 ct
969 1459 1059 1488 tinio-

99 1511 177 1535 rem,
212 1499 331 1539 duplex
367 1506 417 1529 est
450 1499 623 1539 spectanda
653 1501 742 1530 ratio.
790 1499 949 1538 Quoniam
975 1502 1060 1531 enim

99 1544 216 1583 partim
248 1544 330 1573 fastu
361 1549 391 1572 et
422 1542 591 1572 altitudine
623 1549 769 1583 turgent,
794 1544 908 1583 partim
941 1545 1060 1574 securi-

100 1592 163 1616 tate
183 1592 310 1624 torpent
335 1585 499 1614 bominum
525 1586 669 1625 ingenia:
696 1593 730 1615 ut
754 1585 922 1615 coelestem
948 1587 1062 1617 doctri-

100 1639 174 1659 nam
199 1638 260 1667 qua
285 1628 376 1657 decet
400 1627 604 1658 observantia
622 1628 856 1668 amplexentur,
881 1629 929 1659 vel
957 1630 1060 1659 110011-
1087 1633 1089 1649 ⁴

101 1671 186 1706 liari,
221 1671 269 1701 vel
295 1671 506 1709 expergefieri
539 1682 667 1701 necesse
691 1677 747 1701 est.
794 1671 860 1702 Nec
891 1672 1060 1711 quisquam

100 1713 193 1744 aliter
223 1713 353 1743 formari
386 1719 490 1752 potest
522 1713 560 1743 ad
592 1713 768 1753 parendum
798 1715 876 1748 Deo.
909 1725 1003 1753 quani
1037 1715 1062 1745 si

100 1763 186 1787 metu
222 1757 326 1786 flexus
364 1766 399 1786 ac
436 1756 587 1787 subactus
622 1757 728 1786 fucrit.
786 1757 932 1787 Metuere
971 1768 1063 1796 porro

100 1803 176 1829 tunc
205 1798 331 1829 demum
370 1798 530 1838 incipiunt.
558 1798 611 1829 ubi
637 1799 675 1829 ad
719 1806 872 1829 terrorem
904 1800 1062 1831 incutien-

101 1841 175 1872 dum
199 1841 303 1880 prodit
328 1841 387 1871 Dei
411 1841 572 1872 maiestas.

102 1884 212 1914 multis
246 1884 347 1923 signis
382 1894 417 1914 ac
452 1883 606 1924 prodigiis
640 1885 763 1915 sancita
793 1886 868 1919 fuit.
904 1885 1064 1916 discamus

102 1927 228 1966 pietatis
246 1937 281 1957 ae
302 1926 374 1956 fidei
395 1926 454 1956 1100
473 1937 542 1957 0550
562 1928 728 1957 exordium
750 1927 781 1957 iu
804 1928 877 1958 filiis
892 1928 961 1959 Dei.
987 1928 1064 1959 Ideo

103 1979 227 2008 quoque
256 1974 372 1999 terram
403 1970 563 2000 concussit
593 1970 681 2001 Deus
712 1976 746 2000 ut
778 1970 944 2001 1100110001
970 1970 1065 2002 corda

107 2012 262 2042 excitaret
295 2023 311 2042 e
346 2022 403 2042 500
438 2017 580 2052 torpore„
613 2012 665 2043 vel
694 2014 877 2052 superbiam
908 2013 1065 2044 domando

108 2055 288 2094 corrigeret.
319 2054 408 2085 Haec
432 2056 512 2085 ratio
532 2054 569 2085 ad
591 2055 704 2095 legem7
728 2056 901 2095 prophetas
920 2062 952 2087 et
971 2067 1066 2087 cvan-

110 2097 225 2136 gelium
266 2097 472 2133 extenditur,

561 1243 776 1274 ministerium
811 1245 923 1274 mortis
958 1250 1087 1279 vocat,'

618 1841 669 1872 Ita
691 1842 773 1881 quod
804 1842 883 1882 legis
907 1844 1063 1873 autoritas
1088 1852 1090 1856 ⁴

515 2103 675 2137 totamque
716 2099 862 2129 coelestis
904 2099 1093 2130 doctrinae:

111 2149 282 2169 summam:
307 2140 356 2169 001
383 2150 547 2179 nunquam
569 2141 671 2171 iustus
695 2140 838 2171 defertur
863 2142 972 2177 honos,
1004 2142 1067 2172 0151
1092 2136 1093 2158 ³

112 2182 306 2222 praefulgeat
329 2182 389 2212 Dei
413 2184 578 2219 maiestas,
610 2194 690 2223 qnae
714 2194 840 2214 omnem
862 2184 972 2215 mundi
997 2185 1066 2215 alti-

113 2223 254 2254 tudinem
288 2230 478 2263 prostcrnat.
535 2226 599 2256 Sed
634 2227 737 2256 omitti
764 2238 827 2257 non
858 2227 951 2258 debet
985 2227 1068 2267 quod

114 2276 214 2305 nuper
237 2266 303 2296 dixi
325 2267 387 2307 legi
411 2279 479 2299 0550
509 2268 662 2308 speciale,
692 2269 825 2308 implere
853 2270 975 2301 scilieet
1004 2270 1068 2300 for-

116 2307 232 2338 midine
255 2309 392 2343 animos.
427 2318 458 2341 et.
480 2310 626 2342 horribili
654 2311 877 2343 maledictione
908 2313 1069 2352 proposita

115 2360 203 2389 spem
226 2351 337 2382 salutis
359 2353 555 2385 abscindere.
602 2354 684 2385 Nam
708 2366 806 2393 quum
836 2355 940 2386 tribus
969 2366 1068 2386 mem-

116 2392 181 2423 bris
204 2398 340 2431 constet,
369 2395 400 2425 in
423 2396 560 2427 cundem
585 2398 680 2427 finem
705 2398 841 2428 tendunt
863 2398 1004 2438 singula=
1036 2403 1071 2429 ut

117 2440 291 2475 agnoscant
308 2446 417 2469 omnes
440 2450 473 2470 se
492 2446 641 2470 aeternae
665 2441 776 2471 mortis
796 2440 910 2471 iudicio
930 2452 998 2471 esse
1018 2442 1070 2472 ob-

117 2477 242 2507 noxios:
267 2478 340 2517 quia
360 2479 424 2510 11110
447 2483 572 2513 nonnisi
598 2483 713 2513 iudicis
737 2493 906 2522 personam
932 2484 1071 2514 sustinet

117 2519 222 2550 Deus:
256 2520 309 2558 qui
338 2528 501 2562 postquam
531 2535 642 2555 severe
672 2526 780 2565 exegit
808 2525 891 2565 quod
925 2526 985 2557 sibi
1020 2526 1072 2557 de—

120 2561 225 2599 betur,
259 2563 386 2594 nonnisi
419 2565 555 2597 debitam
590 2568 768 2599 mercedem
804 2569 975 2607 promittit,
1000 2569 1070 2600 vin-

120 2604 237 2634 dictam
267 2611 372 2636 autem
396 2610 683 2648 transgressoribus
706 2611 856 2642 minatur.
903 2611 970 2642 Iam
998 2622 1071 2643 vero

187 2653 294 2680 Calvim'
309 2662 399 2688 opera.
440 2658 494 2684 Vol.
512 2658 624 2686 XXIV.

2015 173 2076 204 194

1112 263 1183 302 quis
1207 263 1384 303 reperietur
1407 265 1566 304 perfectus
1591 265 1669 306 legis
1688 264 1899 296 observator?
1924 265 1987 295 imo
2006 276 2075 296 cer-

1112 311 1181 335 tum
1217 311 1264 336 est
1298 317 1408 338 omnes
1443 318 1460 338 a
1501 308 1634 338 minimo
1676 318 1775 347 usque
1815 307 1853 338 ad
1895 308 2073 338 niaximum

1112 349 1379 387 transgressionis
1410 360 1479 381 reos
1516 361 1600 381 esse:
1639 349 1725 380 unde
1756 350 1904 380 omnibus
1934 351 1981 380 ira
2011 350 2075 381 Dei

1112 390 1278 422 incumbit.
1336 392 1406 422 Hoc
1440 393 1499 423 sibi
1536 393 1606 423 vult.
1641 393 1784 429 Paulus,
1824 403 1921 432 quum
1963 393 2076 424 scribit

1112 432 1219 473 (Rom.
1245 433 1272 470 8,
1299 434 1350 475 15)
1374 434 1484 466 fideles
1509 447 1569 466 non
1594 436 1711 466 iterum
1736 436 1896 475 accepisse
1927 436 2076 475 spiritum

1112 476 1280 506 servitutis
1315 478 1346 506 in
1382 477 1539 515 timorem,
1574 478 1629 508 sed
1660 477 1855 517 adoptionis,
1891 489 1947 517 per
1980 489 2075 518 quem

1113 517 1254 548 clamant
1286 519 1386 555 Abba,
1413 520 1518 551 Pater.
1570 520 1632 552 Ubi
1662 520 1801 551 ostendit
1831 528 1950 559 quanto
1973 522 2076 560 potior

1113 560 1154 590 sit
1189 565 1300 591 nostra
1330 572 1425 601 quam
1469 568 1595 601 patrum
1630 563 1786 594 conditio:
1827 563 1901 602 quia
1934 563 1985 594 lex
2024 574 2077 595 005

1113 603 1268 633 servitute
1288 605 1476 635 constrictos
1497 606 1609 641 tenuit,
1634 605 1724 636 nobis
1744 605 1945 645 evangelium
1966 606 2077 637 anxie-

1114 651 1212 675 tatem
1255 646 1383 684 eximit,
1425 653 1456 677 et
1497 649 1664 678 tormentis
1702 648 1915 679 conscientias
1951 648 2076 680 liberat.

1086 717 1088 720 .
1112 688 1195 718 Nam
1217 689 1377 728 trepidare
1398 700 1526 720 necesse
1545 696 1593 720 est
1615 701 1734 729 omnes,
1759 696 1790 720 et
1813 690 1943 721 tandem
1965 691 2076 731 despe-

1087 758 1088 768 ,
1114 731 1236 761 ratione
1267 731 1375 767 obrui,
1411 732 1464 770 001
1496 732 1527 762 10
1557 733 1706 772 operibus
1741 733 1876 763 salutem
1901 738 2076 772 quaerunt:

1113 783 1176 812 pax
1201 778 1308 804 autem
1340 779 1371 804 et
1402 775 1490 813 quies
1515 776 1545 805 10
1577 776 1643 805 sola
1669 775 1728 806 Dei
1754 775 1973 806 misericordia
2004 787 2079 807 eon·

1113 816 1206 846 sistit.
1245 815 1338 854 Quod
1365 816 1446 847 idem
1472 818 1574 847 fusius
1598 819 1802 857 prosequitur
1831 822 1923 848 autor
1946 819 2076 858 Episto-

1113 858 1162 888 lae
1192 858 1230 888 ad
1263 859 1444 897 Hebraeos,
1469 860 1518 889 1115
1551 860 1656 890 verbis
1685 860 1797 900 (Hebr.
1824 861 1870 897 12,
1898 860 1957 901 18).
2003 861 2075 892 Non

1086 902 1291 932 .accessistis
1328 901 1365 932 ad
1401 910 1542 932 montem
1578 903 1794 939 tractabilem,
1829 909 1860 934 et
1894 903 2000 943 ignem
2025 913 2076 935 ae-

1112 954 1261 982 00051110,
1292 948 1324 974 et
1347 944 1525 981 turbinemy
1556 951 1587 974 et
1611 946 1796 985 caliginem,
1831 951 1861 975 et
1892 946 2076 985 procellam,

1113 992 1144 1016 ct
1169 987 1262 1017 tubae
1287 997 1417 1023 500001,
1449 994 1480 1017 et
1504 998 1611 1018 vocem
1638 988 1825 1025 verborum,
1857 998 1937 1027 qnae
1960 989 2076 1019 intole-

1115 1029 1222 1059 rabilis
1261 1035 1330 1060 erat
1370 1029 1588 1060 audientibus:
1630 1030 1726 1070 (unde
1761 1035 1791 1061 et
1836 1031 1943 1062 Moses
1979 1031 2075 1062 dixit:

1114 1072 1299 1102 Exterritus
1328 1083 1399 1102 sum
1431 1078 1462 1102 et
1486 1073 1718 1114 tremefactus):
1748 1072 1803 1103 sed
1833 1074 2012 1105 accessistis
2036 1073 2075 1104 ad

1113 1120 1254 1145 montem
1293 1114 1388 1151 Sion,
1423 1120 1481 1145 etc.
1536 1115 1717 1146 Antithesis
1752 1116 1838 1146 enim
1874 1116 2075 1147 demonstrat

1112 1168 1255 1188 seorsum
1279 1157 1317 1187 ab
1341 1157 1508 1197 evangelio
1535 1158 1630 1188 locari
1654 1158 1736 1197 quod
1761 1158 1845 1189 Mosi
1869 1159 2074 1190 commissum

1113 1200 1188 1230 fuit:
1212 1200 1284 1239 quia
1309 1200 1405 1236 Deus,
1431 1200 1484 1239 qui
1509 1200 1626 1230 vindex
1656 1201 1803 1240 apparuit
1836 1202 1865 1231 in
1891 1201 1968 1241 lege,
2006 1212 2076 1232 sua-

1114 1243 1199 1273 viter
1223 1253 1281 1273 005
1306 1242 1399 1273 110(110
1423 1253 1480 1282 pro
1504 1249 1639 1282 paterna
1658 1243 1861 1283 indulgentia
1879 1244 1917 1274 ad
1938 1244 2075 1275 salutem

1087 1319 1088 1322 Ἴ
1114 1286 1246 1321 invitat,
1277 1290 1308 1315 et
1335 1285 1477 1325 trepidas
1508 1286 1631 1316 animas
1655 1286 1849 1325 tranquillat,
1874 1286 1979 1317 oblata
2002 1297 2075 1326 pec—

1114 1334 1258 1359 catorum
1284 1329 1387 1358 venia.
1434 1328 1533 1358 Porro
1557 1328 1589 1358 in
1615 1328 1673 1359 hae
1697 1328 1881 1359 diversitate
1905 1329 1985 1359 nihil
2006 1340 2076 1360 esse

1115 1371 1311 1402 contrarium
1337 1371 1427 1401 docet
1458 1371 1592 1401 Paulus:
1628 1371 1701 1410 quia
1726 1371 1860 1410 populus
1888 1382 1926 1402 ne
1945 1371 2076 1402 aliunde

1115 1414 1260 1448 salutemv
1286 1424 1379 1453 quam
1405 1424 1444 1444 ex
1465 1414 1586 1444 Christi
1605 1414 1709 1453 gratia
1729 1419 1858 1453 peteret,
1884 1414 1953 1454 lege
1983 1414 2074 1445 edoc-

1115 1461 1167 1486 tus
1191 1457 1266 1492 fuit,
1298 1466 1334 1486 ae
1364 1456 1527 1487 convictus
1561 1456 1599 1486 de
1623 1456 1766 1486 horribili
1791 1456 1995 1488 damnatione
2025 1457 2075 1487 cui

1115 1500 1285 1529 obstrictus
1317 1505 1399 1533 ertu,
1431 1504 1524 1538 atque
1556 1499 1599 1529 ita
1628 1503 1715 1529 metu
1746 1503 1874 1530 coactus
1898 1499 1937 1529 ad
1962 1499 2075 1539 implo-

1116 1541 1248 1572 randam
1275 1540 1336 1571 Dei
1361 1541 1619 1572 misericordiam.
1666 1541 1747 1571 Nam
1780 1546 1815 1571 ut
1837 1541 1897 1572 sibi
1926 1542 1958 1572 in
1983 1542 2076 1573 malis

1117 1584 1286 1624 indulgent
1330 1584 1491 1614 homines:
1538 1588 1660 1614 remota
1694 1584 1763 1624 lege
1804 1590 1969 1623 peecatum
2011 1595 2075 1615 non

1116 1628 1301 1667 imputatur,
1328 1634 1361 1657 ut
1385 1627 1459 1657 dicit
1484 1626 1606 1657 Paulus
1626 1626 1719 1667 (Rom
1745 1627 1772 1663 Ξ),
1795 1625 1863 1667 13);
1887 1637 1999 1657 verum
2021 1627 2076 1667 qui

1087 1680 1089 1718 ᾗ
1115 1670 1173 1700 51111
1198 1670 1231 1700 10
1254 1669 1395 1700 tenebris
1419 1670 1545 1709 placent
1572 1669 1652 1709 legis
1678 1669 1820 1699 doctrina
1843 1669 2018 1700 trahuntur
2036 1669 2076 1700 ad

1115 1713 1175 1743 Dei
1201 1712 1339 1743 tribunal
1372 1718 1406 1742 ut
1441 1716 1610 1751 conspecta
1633 1722 1690 1742 sua
1716 1711 1867 1742 foeditate
1898 1711 2075 1751 pudefiant.

1116 1756 1165 1786 Ita
1190 1755 1342 1794 impletur
1376 1754 1454 1785 illud
1480 1754 1589 1792 Pauli,
1622 1754 1720 1785 vitam
1745 1754 1825 1794 legis
1849 1765 1917 1784 0550
1940 1760 2076 1785 mortem

1117 1798 1284 1828 1100110001
1320 1798 1427 1835 (Rom.
1454 1797 1480 1835 7,
1510 1797 1551 1838 9).
1597 1797 1690 1827 Nunc
1723 1802 1868 1827 tenemus
1903 1807 1960 1827 cur
1994 1797 2076 1838 legis

1117 1841 1331 1881 promulgatio
1367 1846 1411 1870 tot
1453 1840 1616 1870 miraculis
1649 1839 1773 1870 sancita
1807 1839 1916 1870 fuerit:
1960 1849 2076 1879 nempe

1116 1884 1189 1923 quia
1213 1884 1243 1913 in
1269 1894 1385 1921 genere
1409 1882 1493 1922 apud
1525 1882 1632 1912 tardos
1662 1887 1692 1912 ct
1716 1881 1859 1917 hebetes,
1884 1882 1933 1912 vel
1965 1892 2076 1921 super-

1117 1928 1172 1957 bos
1196 1933 1227 1956 et
1251 1927 1486 1964 immorigeros„
1522 1925 1648 1955 coelesti
1680 1923 1843 1954 doctrinae
1876 1924 2077 1955 concilianda

1118 1969 1180 2000 fuit
1214 1970 1384 1999 autoritas:
1425 1967 1539 1998 deinde
1574 1968 1645 2006 quia
1682 1967 1865 1997 hominibus
1906 1966 2078 1998 blanditias

1118 2011 1341 2052 appetentibus
1373 2011 1423 2041 lvx
1455 2011 1616 2050 proposita
1641 2009 1715 2048 fuit,
1747 2014 1896 2048 tanquam
1927 2009 2078 2040 maledic-

1119 2055 1214 2085 tionis
1238 2054 1412 2093 speculum,
1435 2060 1470 2084 ut
1494 2053 1524 2083 in
1550 2063 1582 2083 se
1606 2052 1730 2092 perditi,
1754 2052 1791 2082 ad
1817 2052 1928 2082 veniae
1951 2051 2076 2092 asylum

1117 2099 1337 2137 confugerent.
1394 2096 1483 2126 Haec
1517 2096 1651 2134 praefari
1685 2094 1764 2125 utile
1793 2094 1866 2130 fuit,
1903 2104 1984 2133 quae
2014 2094 2076 2126 100-

1120 2147 1204 2171 tores
1228 2139 1266 2170 ad
1292 2145 1413 2169 rectum
1438 2138 1588 2168 historiae
1622 2148 1700 2176 quae
1732 2137 1782 2167 hic
1813 2136 1951 2167 traditur
1980 2137 2078 2168 finem

1120 2183 1306 2223 dirigerent..
1352 2182 1461 2212 Primo
1493 2185 1598 2211 autern
1629 2184 1737 2210 narrat
1763 2180 1863 2210 Moses
1898 2179 2078 2210 00011100-

1120 2227 1164 2257 ris
1193 2230 1296 2256 tractu
1322 2225 1473 2263 populum
1498 2223 1625 2253 venisse
1654 2234 1669 2253 e
1704 2221 1876 2261 Raphidim
1901 2222 1934 2251 in
1960 2227 2078 2253 terram

1121 2268 1222 2299 Sinai.
1280 2266 1334 2299 Sic
1374 2267 1459 2297 enim
1490 2266 1698 2304 interpretor,
1745 2264 1866 2295 nullam
1907 2265 2078 2295 stationem

1120 2311 1217 2342 fuisse
1252 2310 1491 2350 interpositam:
1533 2310 1606 2347 quia
1640 2308 1768 2337 videtur
1808 2310 1953 2338 coactum
1993 2307 2079 2346 quod

1122 2354 1205 2385 diem
1230 2354 1337 2393 ipsum
1362 2352 1521 2392 accipiunt
1541 2350 1670 2390 qnidam
1694 2350 1884 2389 interpretes
1909 2359 1963 2388 pro
1986 2349 2079 2380 initio

1119 2397 1249 2427 mensis.

1205 2439 1233 2470 3.
1260 2438 1363 2469 Moses
1385 2440 1484 2469 autem
1507 2436 1650 2467 (ts-cendit.
1696 2433 1880 2465 Verisimile
1898 2438 1946 2464 est
1964 2434 2079 2465 Mosen

1121 2493 1281 2513 secessum
1314 2491 1352 2511 ex
1382 2491 1472 2511 more
1502 2479 1676 2519 quaesiisse
1699 2482 1734 2507 ut
1758 2477 1862 2507 Deum
1887 2476 2078 2507 consuleret.

1122 2525 1283 2564 Loquitur
1305 2524 1389 2555 enim
1415 2534 1477 2553 non
1502 2522 1590 2561 quasi
1620 2520 1658 2551 de
1687 2531 1720 2550 re
1748 2530 1833 2550 nova
1860 2522 1916 2549 aut
1939 2518 2080 2559 insolita,

1122 2567 1177 2598 sed
1207 2567 1245 2597 de
1276 2577 1335 2597 usu
1360 2566 1448 2605 prius
1481 2564 1661 2595 observato:
1691 2561 1765 2601 quia
1795 2571 1951 2600 nusquam
1983 2560 2079 2592 aude-

1121 2611 1177 2641 bat
1199 2610 1383 2645 consistere,
1409 2608 1457 2638 vel
1481 2607 1542 2638 alio
1565 2605 1729 2646 progredi,
1760 2604 1820 2635 nisi
1844 2607 2002 2643 quatenus
2026 2615 2081 2635 ore

1844 2654 1876 2679 13
