2304 3034
62 208 120 240 641

60 291 251 329 homicidas,
282 292 438 332 sacrilegii
468 302 537 322 reos
563 290 641 321 fore:
667 289 741 328 quia
764 296 850 319 terra
872 288 1014 320 humano

60 335 220 375 sanguine
233 334 333 366 effuso
353 334 515 374 polluitur,
529 337 559 364 et
571 330 788 363 maledictioni
801 331 939 362 obnoxia
957 335 1014 370 est,

60 376 160 408 donec
187 377 313 417 expiata
340 377 443 407 fuerit.
484 374 609 406 Deinde
639 383 738 413 quum
763 373 794 403 in
819 378 905 404 terra
928 373 1014 404 Cha-

59 429 142 450 naan
166 419 288 450 habitet
312 419 407 456 Deus,
430 417 482 457 qui
506 417 565 448 sibi
589 415 786 447 domicilium
809 416 908 456 elegit
930 416 1016 447 inter

59 461 142 493 filios
154 461 265 499 Israel,
289 461 383 492 simul
400 460 588 500 profanatur
601 458 669 489 eius
681 458 844 489 sanctitas.
879 457 1015 489 Summa

60 508 118 542 est,
138 503 239 534 modis
257 503 406 534 omnibus
423 500 652 533 occurrendum
672 510 750 538 esse,
768 511 809 531 ne
827 505 913 531 terra
933 511 1015 541 quae

59 545 130 578 Deo
152 556 242 577 sacra
264 550 320 583 est,
342 544 490 576 caedibus
513 543 758 574 contaminetur.

145 589 240 620 Deut.
271 588 318 626 19,
348 587 374 618 1.
416 586 514 625 Quum
544 586 688 617 exciderit
717 584 838 616 Iehova.
891 584 1014 617 Eadem

59 641 139 671 quae
163 641 265 670 nuper
294 629 429 661 vidimus
462 632 632 668 praecepta
655 628 750 658 iterat
773 627 900 665 Moses,
922 632 958 658 nt
980 628 1015 658 in

59 673 240 705 homicidiis
252 671 385 712 populus
404 680 545 701 errorem
566 670 726 701 discernat
741 680 760 700 a
779 670 907 701 scelere.
944 670 1014 701 Hac

59 715 184 747 ratione
200 725 256 746 sex
275 714 369 745 urbes
389 713 531 753 assignat
545 713 599 743 ubi
621 717 689 743 tuto
712 712 835 743 lateant
856 716 887 742 et
909 713 1014 752 quies-

59 762 135 789 cant
163 757 215 797 qui
240 766 329 788 suam
351 755 567 786 innocentiam
596 754 818 795 probaverunt
847 754 1013 786 iudicibus.

58 800 134 832 Uno
160 803 263 831 autem
292 797 388 829 verbo
418 798 530 828 definit
548 797 696 837 quisnam
720 796 909 828 eximendus
931 797 974 828 sit
997 808 1015 828 a

58 852 175 883 poena,
211 841 265 881 qui
300 840 420 872 scilicet
454 841 600 871 nesciens
638 840 821 879 proximum
853 839 1014 877 occiderit,

59 885 153 917 sicuti
182 890 273 914 antea
300 883 403 914 visum
435 886 496 919 est,
527 886 560 913 et
588 887 688 913 recte:
718 882 793 922 quia
821 882 1014 922 principium
1040 889 1042 898 ยน

59 931 90 958 et
120 936 212 958 causa
240 925 386 956 maleficii
415 925 482 956 sola
510 931 557 956 est
589 925 751 956 voluntas:
781 924 915 965 ideoque
947 925 1015 956 sine

58 979 208 1010 perverso
221 968 336 999 affectu
356 967 480 998 nullum
499 971 549 998 est
566 967 698 998 crimen.
722 967 845 998 Verum
865 977 905 998 ne
923 978 1014 1008 prae-

754 204 990 236 SEPTIMUM
1013 205 1331 238 PRAECEPTUM.

1968 208 2030 239 642

1066 293 1156 320 textu
1185 291 1302 320 erroris
1330 290 1457 330 culpam
1482 290 1639 330 effugiant
1669 290 1723 330 qui
1753 290 1812 321 sibi
1842 290 1925 322 male
1955 303 2030 322 con-

1067 332 1122 362 scii
1142 337 1225 368 sunt,
1246 337 1320 362 nota
1340 332 1533 364 discriminis
1552 332 1694 363 additur:
1715 343 1828 373 nempe
1848 334 1873 364 si
1898 334 2027 365 nullum

1066 374 1175 405 odium
1206 376 1430 414 praecesserit:
1459 375 1549 406 cuius
1572 375 1670 405 etiam
1695 375 1739 405 rei
1765 376 1893 414 ponitur
1916 387 2025 407 exem-

1066 416 1170 455 plum,
1199 417 1224 447 si
1254 416 1316 448 duo
1346 417 1440 448 amici
1470 418 1503 448 in
1527 417 1654 458 sylvam
1678 417 1774 448 simul
1799 419 1928 457 profecti
1951 419 2025 457 sint,

1066 463 1097 488 et
1120 458 1238 499 absque
1258 460 1312 490 lite
1334 459 1386 490 vel
1408 460 1513 500 iurgio
1536 461 1654 490 ferrum
1679 461 1809 495 securis,
1834 461 1917 500 quod
1940 461 2026 491 exci-

1067 500 1149 531 derit
1178 512 1195 532 a
1218 512 1314 532 mann
1345 502 1451 540 unius,
1480 502 1617 533 alterum
1640 502 1742 533 feriat.
1788 503 1924 533 Fontem
1949 514 2026 543 ergo

1067 543 1194 574 sceleris
1225 544 1338 575 merito
1364 545 1451 575 iubet
1476 545 1564 576 Deus
1586 545 1791 585 investigari,
1815 550 1846 575 et
1869 546 2025 584 quomodo

1067 585 1276 625 reperiendus
1298 587 1339 617 sit
1357 587 1511 618 ostendit:
1536 598 1650 626 nempe
1670 588 1696 618 si
1716 598 1777 627 qua
1797 587 1892 617 fuerit
1914 588 2026 618 simul-

1068 632 1124 663 tas,
1150 628 1198 659 vel
1213 629 1239 659 si
1263 639 1324 668 qua
1347 634 1460 660 exorta
1482 630 1579 660 fuerit
1602 630 1770 661 contentio.
1801 629 1915 669 Neque
1937 631 2025 661 enim

1067 670 1217 701 credibile
1245 675 1292 702 est
1321 673 1500 711 quempiam
1530 683 1628 712 usque
1652 672 1730 703 adeo
1753 683 1823 703 esse
1845 673 2025 711 improbum

1067 718 1103 743 ut
1121 713 1220 753 gratis
1239 713 1278 744 ad
1298 714 1400 745 scelus
1419 713 1630 746 abominabile
1649 714 1801 754 prosiliat.
1839 715 2026 746 Notandum

1067 765 1143 786 vero
1174 760 1236 792 est,
1267 755 1342 787 huic
1365 757 1569 788 coniecturae
1593 757 1695 788 locum
1727 767 1789 788 non
1815 768 1883 788 esse
1906 757 1967 787 nisi
1991 758 2024 787 in

1068 808 1101 828 re
1116 797 1225 828 dubia:
1246 808 1320 829 nam
1341 798 1367 829 si
1380 799 1451 838 quis
1469 799 1579 830 stricto
1592 799 1698 839 gladio
1711 799 1903 831 transfodiat
1916 799 2024 839 proxi-

1067 850 1170 876 mum,
1199 841 1251 871 vel
1275 841 1414 872 iaculum
1443 842 1476 872 in
1505 853 1559 873 cor
1588 842 1657 873 eius
1681 842 1801 880 vibret,
1825 851 2026 882 supervacua

1067 882 1127 912 erit
1150 883 1329 922 inquisitio:
1359 883 1433 923 quia
1463 885 1541 915 satis
1564 895 1721 924 superque
1752 884 1886 916 scelesta
1910 884 2023 916 volun-

1069 931 1116 955 tas
1140 924 1263 956 detecta
1286 931 1342 956 est.

637 1424 965 1471 SEPTIMUM
998 1423 1440 1470 PRAECEPTUM.

366 1574 429 1606 EX
452 1574 601 1606 EXODI
623 1574 701 1607 XX.

144 1659 192 1692 14.
218 1660 290 1691 Non
310 1660 473 1692 committes
495 1659 690 1691 adulterium.

224 1857 508 1894 REPETITIO
532 1858 843 1895 PRAECEPTI.

391 1956 454 1986 EX
477 1955 608 1988 DEU'P.
634 1956 674 1988 V.

150 2040 198 2071 18.
223 2040 294 2072 Non
314 2041 476 2072 committes
498 2041 693 2072 adulterium.

143 2124 212 2155 Etsi
230 2135 294 2156 una
312 2129 439 2156 tantum
458 2125 677 2165 impudicitiae
695 2126 817 2166 specics
841 2126 1019 2167 attingitur,

68 2176 108 2197 ex
129 2167 286 2207 principio
309 2171 416 2198 tamen
447 2168 552 2208 posito
583 2168 684 2208 liquet
712 2168 822 2200 fideles
845 2170 878 2199 in
902 2179 1019 2209 genere

68 2208 108 2239 ad
141 2210 316 2241 castitatem
346 2210 486 2241 institui:
518 2221 593 2241 nam
624 2212 650 2242 si
679 2211 731 2242 lex
771 2212 852 2243 iuste
887 2211 1019 2242 vivendi

69 2250 208 2290 perfecta
229 2256 275 2283 est
298 2253 418 2293 regula,
442 2253 515 2292 plus
528 2264 623 2293 quam
637 2253 810 2285 absurdum
834 2259 916 2285 esset
935 2264 1018 2285 soor-

70 2292 159 2323 tandi
191 2293 350 2325 licentiam
391 2295 483 2332 dare,
514 2297 656 2335 exceptis
686 2301 812 2327 tantum
842 2296 1017 2327 adulteriis.

70 2334 194 2366 Deinde
222 2341 311 2367 extra
333 2339 586 2369 controversiam
610 2344 674 2375 est,
698 2339 830 2370 minime
854 2339 923 2369 Deo
946 2349 1019 2378 pro-

70 2376 155 2414 bari,
183 2377 234 2408 vel
264 2381 407 2411 excusari
438 2381 522 2420 apud
553 2381 620 2412 eius
650 2381 791 2412 tribunal
815 2381 900 2421 quod
923 2381 1022 2412 dictat

71 2420 246 2451 communis
274 2421 440 2453 hominnm
469 2433 583 2454 sensus
612 2424 802 2455 obscoenum
827 2434 904 2455 csse.
949 2424 1021 2455 Etsi

72 2462 157 2491 enim
186 2463 301 2501 passim
330 2465 476 2496 omnibus
506 2466 640 2497 saeculis
671 2472 833 2506 grassatae
856 2472 930 2497 sunt
953 2466 1021 2496 libi-

73 2503 177 2542 dines,
198 2515 355 2544 nunquam
378 2513 485 2538 tamen
510 2509 637 2547 penitus
659 2509 757 2539 deleri
780 2511 882 2548 potuit
904 2509 1020 2548 opinio,

74 2546 296 2577 scortationem
330 2559 397 2580 esse
427 2551 582 2590 flagitium
615 2552 663 2582 vel
695 2551 879 2591 nequitiam.
924 2552 1021 2582 Certe

74 2588 112 2618 ab
136 2587 226 2635 initio
247 2589 347 2629 viguit
365 2592 445 2631 quod
465 2593 554 2624 docet
578 2594 699 2625 Paulus
718 2594 793 2635 (Tit.
818 2594 846 2632 2,
872 2594 931 2635 12),
956 2598 1020 2625 tres

74 2630 153 2661 bene
183 2632 307 2662 v1veud'1
330 2643 397 2664 esse
422 2641 542 2674 partes,
568 2637 830 2677 temperantiam,
855 2636 1021 2675 iustitiam,

165 2679 272 2706 Caluini
289 2689 377 2715 opera.
416 2685 472 2711 Vol.
491 2686 601 2712 XXIV.

1070 1579 1102 1604 et
1129 1573 1297 1613 pietatem:
1329 1576 1418 1614 atqui
1446 1577 1659 1616 temperantia
1688 1587 1785 1617 quam
1817 1577 2028 1615 commendat,

1069 1627 1087 1647 a
1105 1617 1253 1648 castitate
1272 1628 1333 1648 non
1353 1623 1531 1657 separatur.
1567 1619 1660 1650 Adde
1682 1619 1766 1659 quod
1790 1624 1856 1650 tam
1880 1619 2030 1652 Christus

1068 1670 1163 1699 quam
1195 1659 1346 1699 apostoli,
1374 1660 1428 1690 ubi
1457 1660 1495 1691 de
1526 1661 1611 1692 vitae
1642 1662 1833 1701 perfectione
1857 1662 2028 1700 disserunt,

1068 1712 1193 1741 semper
1216 1702 1255 1732 ad
1279 1701 1383 1742 legem
1406 1703 1515 1734 fideles
1538 1709 1700 1735 revocant.
1741 1705 1822 1735 Nam
1846 1707 1930 1736 sicut
1952 1705 2028 1736 olim

1069 1755 1087 1775 a
1110 1745 1199 1775 Mose
1222 1744 1342 1775 dictum
1367 1750 1432 1776 est:
1462 1745 1552 1776 Haec
1575 1753 1624 1777 est
1647 1747 1714 1782 via,
1740 1747 1901 1777 ambulate
1922 1747 1953 1777 in
1978 1758 2028 1778 ea:

1068 1786 1152 1817 idem
1173 1787 1324 1817 Christus
1353 1788 1520 1819 confirmat
1543 1788 1650 1829 (Matt.
1676 1789 1723 1825 19,
1750 1789 1819 1829 17):
1850 1789 1886 1820 si
1915 1790 1966 1820 vis
1989 1790 2029 1820 ad

1069 1830 1168 1859 vitam
1192 1828 1331 1868 ingredi,
1354 1840 1448 1861 serva
1462 1831 1623 1862 mandata.
1651 1830 1832 1863 Subscribit
1854 1837 1885 1862 et
1908 1832 2031 1863 Paulus

1069 1871 1176 1913 (Rom.
1198 1871 1245 1908 13,
1272 1871 1339 1911 10):
1363 1871 1429 1911 Qui
1448 1873 1552 1914 diligit
1576 1874 1722 1910 alterum,
1747 1875 1850 1914 legem
1874 1875 2030 1913 implevit.

1070 1915 1197 1945 Interea
1216 1924 1279 1944 non
1293 1914 1444 1946 desinunt
1462 1916 1599 1947 subinde
1621 1917 1811 1948 sententiam
1837 1917 2031 1948 maledictio-

1071 1957 1120 1988 nis
1150 1956 1233 1987 ferre
1256 1957 1289 1986 in
1313 1967 1425 1988 omnes
1448 1964 1650 1990 scortatores.
1696 1959 1849 1999 Singulos
1874 1959 1958 1990 locos
1982 1970 2032 1990 re-

1071 2000 1170 2031 citare
1204 2010 1318 2038 operae
1352 2001 1491 2038 pretium
1515 2012 1579 2031 non
1605 2007 1661 2032 est.
1705 2002 1807 2032 Porro
1831 2002 1857 2031 si
1881 2001 2033 2033 Christus

1072 2048 1103 2073 et
1126 2041 1260 2081 apostoli
1284 2041 1460 2073 fidelissimi
1484 2043 1564 2083 legis
1586 2044 1781 2084 interpretes
1811 2045 2033 2083 pronunciant,

1073 2096 1136 2115 non
1150 2084 1256 2115 minus
1275 2084 1443 2115 scortando
1456 2096 1550 2125 quam
1564 2086 1699 2117 furando
1713 2086 1823 2117 violari
1839 2085 1900 2116 Dei
1919 2086 2033 2126 legem,

1073 2131 1159 2158 certo
1183 2126 1255 2157 inde
1278 2126 1458 2166 colligimus
1486 2127 1545 2159 sub
1576 2139 1641 2159 una
1671 2129 1776 2168 specie
1804 2129 1836 2158 in
1860 2128 1918 2159 hoc
1942 2139 2034 2168 prae-

1073 2176 1163 2209 cepto
1187 2175 1286 2200 totum
1310 2180 1413 2209 genus
1436 2170 1672 2210 comprehendi.
1710 2170 1816 2209 Quare
1841 2171 1923 2201 nihil
1946 2171 2033 2202 aliud

1073 2222 1168 2251 quam
1191 2211 1350 2243 inscitiam
1369 2223 1459 2243 suam
1483 2224 1555 2244 cum
1576 2213 1728 2244 dedecore
1748 2213 1957 2252 prodiderunt
1979 2214 2034 2253 qui

1073 2266 1112 2285 ex
1143 2261 1346 2293 praepostera
1374 2255 1559 2286 curiositate
1587 2260 1757 2295 captarunt
1785 2256 1939 2286 acuminis
1964 2255 2032 2286 lau-

1074 2297 1155 2334 deni,
1179 2297 1254 2327 dum
1273 2296 1409 2327 confessi
1429 2299 1554 2328 suntin
1579 2309 1662 2329 novo
1689 2298 1815 2338 quidem
1841 2303 2031 2330 testamento

1073 2340 1152 2370 satis
1171 2339 1253 2370 clare
1276 2343 1308 2369 et
1330 2342 1513 2379 frequenter
1536 2340 1682 2372 damnari
1711 2341 1950 2377 scortationem,
1976 2341 2032 2372 sed

1074 2393 1139 2412 non
1162 2382 1195 2411 in
1221 2382 1296 2421 lege.
1344 2382 1426 2412 Nam
1455 2383 1482 2413 si
1510 2383 1684 2422 prudenter
1707 2383 1887 2413 ratiocinati
1915 2390 2030 2421 essent,

1073 2436 1113 2455 ex
1137 2434 1197 2464 quo
1220 2424 1355 2463 legimus
1380 2425 1483 2455 Deum
1508 2425 1708 2456 benedixisse
1732 2426 1887 2465 coniugio,
1915 2436 1954 2456 ex
1977 2437 2033 2465 opโ

1074 2468 1174 2506 posite
1194 2472 1335 2497 statuere
1349 2473 1531 2506 promptum
1550 2474 1628 2504 erat,
1649 2467 1854 2498 maledictum
1873 2478 1942 2498 esse
1961 2478 2035 2499 con-

1074 2520 1219 2549 gressum
1234 2509 1293 2539 viri
1307 2515 1338 2538 ct
1351 2510 1503 2546 mulieris,
1519 2511 1579 2541 nisi
1596 2511 1628 2540 in
1642 2510 1800 2548 coniugio,
1825 2509 1919 2541 Ha'nc
1938 2512 2035 2541 ratio-

1074 2563 1148 2582 nem
1167 2558 1319 2591 sequutus
1338 2558 1386 2581 cst
1405 2553 1669 2591 antorE11โบistolae
1689 2552 1726 2582 ad
1741 2552 1905 2583 Hebraeos
1918 2552 2033 2595 (13,4),

1074 2595 1126 2625 ubi
1158 2605 1207 2625 res
1236 2595 1319 2624 inter
1341 2605 1374 2624 se
1408 2600 1584 2626 contrarias
1603 2605 1800 2634 comparans,
1825 2595 2031 2632 Honorabile,

1074 2638 1194 2676 inquit,
1223 2637 1307 2667 inter
1335 2647 1445 2667 omnes
1468 2638 1668 2677 coniugium,
1701 2642 1732 2667 et
1755 2637 1858 2668 cubile
1881 2638 2033 2679 impollu-

1798 2687 1829 2712 41
