2304 3034
188 180 248 211 :391

190 273 257 305 dies
290 272 387 303 festos
423 274 496 309 apte
525 270 724 298 numeratur.
771 266 814 296 Et
844 268 931 296 certe
959 276 1022 296 non
1056 265 1155 297 alium

191 315 297 356 quarti
321 311 481 353 praecepti
502 311 599 341 finem
624 309 675 340 vel
703 319 797 339 usum
827 318 897 339 osse
928 308 1029 348 liquet
1058 318 1156 348 quam

191 366 226 390 ut
249 356 403 397 populum
427 357 575 384 exerceat
597 352 628 382 in
654 352 716 383 Dei
735 351 834 383 cultu.
880 349 946 381 Sed
965 361 1064 390 quum
1088 351 1158 391 ipsa

191 401 267 442 agni
301 397 451 429 mactatio
490 399 751 436 repraesentaret
786 393 967 433 adoptionis
1009 394 1156 433 gratiam,

190 454 252 483 qua
276 441 365 472 Deus
384 438 538 479 populum
557 438 618 469 sibi
638 437 841 474 devinxerat,
864 436 969 476 primo
987 440 1157 476 praecepto

191 487 322 525 iungere
356 481 504 522 oportuit.
550 481 646 512 Nunc
681 481 788 519 itaque
821 479 923 510 altera
957 483 1048 519 parte
1082 489 1157 510 con-

191 529 272 559 tenti
296 527 360 557 sint
384 525 526 560 lectores,
551 523 635 563 quod
656 533 764 553 annua
787 521 956 554 celebritas
979 521 1157 553 subsidium

190 570 288 601 fuerit
321 574 469 599 aeternae
506 566 695 603 memoriae,
731 576 770 596 ne
811 575 953 604 unquam
995 563 1159 596 excideret

190 612 346 644 Israelitis
369 621 427 642 sua
451 609 636 648 redemptio.

277 654 325 685 10.
354 654 453 693 Quum
483 652 616 692 finyressi
644 651 777 689 fueritis.
823 651 919 682 Nunc
950 650 989 681 de
1019 649 1159 681 secundo

190 698 241 729 die
265 698 345 728 festo
368 695 523 736 praecipit
546 695 654 726 Moses
677 694 730 732 qui
753 693 878 725 dicatus
904 693 964 724 fuit
988 692 1159 735 offerendis

190 740 350 781 primitiis.
379 739 478 769 Ritus
497 737 699 773 describitur,
724 742 759 768 ut
777 737 812 767 in
831 746 964 767 manum
984 735 1160 767 sacerdotis

191 783 320 815 tradant
350 780 568 820 manipulum:
603 790 789 820 quanquam
820 779 891 810 aliis
923 779 1027 818 placet
1055 778 1159 809 notari

191 835 377 858 mensuram
407 834 488 864 quae
519 829 587 854 erat
617 822 742 854 decima
772 833 848 863 pars
883 822 978 862 epha:
1010 826 1043 852 et
1072 831 1160 852 omer

190 874 363 908 utrumque
390 867 561 907 significat.
609 866 734 897 Verum
766 865 930 905 praesenti
955 865 1021 895 loco
1045 864 1161 895 melius

190 911 340 944 convenit
358 920 477 941 nomen
496 908 663 949 manipuli,
684 909 759 948 quia
778 909 822 940 sic
841 907 881 938 ad
901 908 1013 938 vivum
1034 917 1161 946 reprae-

190 954 363 987 sentabant
382 953 509 983 initium
530 952 658 983 messis:
682 962 746 982 non
766 951 853 982 enim
872 950 990 982 licebat
1009 949 1061 981 vel
1080 953 1162 981 tosta

190 1008 294 1038 grana
312 1001 446 1037 gustare
465 1000 539 1026 ante
559 994 682 1026 oblatas
702 994 872 1034 primitias.
907 994 994 1025 Eum
1014 992 1162 1024 sacerdos

189 1040 338 1072 elevabat
361 1049 468 1069 coram
489 1038 602 1075 altari,
626 1037 682 1068 sed
710 1038 745 1068 in
769 1036 902 1067 modum
922 1035 1160 1067 ventilationis:

190 1084 235 1115 sic
269 1082 356 1113 enim
391 1081 597 1121 distinguunt
630 1080 773 1111 Hebraei
808 1080 893 1110 inter
923 1078 1003 1110 duas
1029 1078 1161 1117 species,

192 1125 275 1166 quod
298 1131 400 1157 ΠῺΠΠ
425 1134 553 1155 sursum
578 1123 759 1159 tolleretur,
790 1129 883 1155 ΠΒΊΞΓἹ
915 1128 1040 1158 autem,
1071 1121 1163 1153 cuius

191 1169 244 1200 hic
277 1169 314 1199 fit
350 1167 485 1204 mentio,
514 1166 695 1207 agitaretur
730 1176 843 1197 versus
874 1170 1013 1204 quatuor
1050 1163 1162 1195 mundi

192 1212 321 1252 plagas:
346 1209 463 1241 deinde
486 1210 582 1240 fiebat
606 1209 800 1240 sacrificium
824 1214 854 1239 et
878 1207 998 1238 libatio.
1034 1207 1162 1238 Scimus

192 1255 344 1294 profanas
368 1258 482 1293 gentes
505 1253 550 1283 ita
569 1251 630 1283 sibi
654 1251 729 1283 deos
753 1252 885 1292 frugum
909 1261 946 1282 ac
965 1250 1041 1281 deas
1063 1249 1161 1280 fabri-

192 1308 298 1334 casse,
324 1301 361 1327 ut
385 1302 472 1326 terra
494 1294 676 1327 communis
700 1298 799 1333 esset,
822 1300 854 1325 et
883 1303 1001 1334 magna
1029 1292 1161 1323 deorum

193 1340 427 1378 hominumque
446 1343 558 1369 mater.
582 1337 623 1368 In
644 1338 730 1368 hunc
748 1347 890 1368 errorem
911 1336 1020 1368 statim
1040 1335 1162 1375 delapsi

192 1383 331 1414 fuissent
349 1381 470 1418 Iudaei,
491 1381 540 1412 vel
565 1381 636 1412 Deo
655 1381 829 1421 praeterito
845 1391 878 1411 se
898 1379 1163 1419 ingurgitassent‚

194 1426 256 1457 nisi
280 1425 341 1456 hoc
363 1424 430 1455 ritu
454 1423 612 1455 admoniti
636 1423 823 1454 didicissent
845 1422 879 1453 in
899 1422 986 1454 coelo
1010 1421 1071 1453 sibi
1094 1431 1163 1452 esse

194 1468 367 1499 nutritium
392 1471 526 1507 patrem,
550 1467 640 1498 cuius
659 1470 746 1497 terra
765 1465 915 1497 ministra
934 1470 1017 1496 esset
1036 1465 1069 1495 in
1089 1474 1161 1505 pro-

195 1511 323 1542 mendis
353 1510 525 1541 alimentis.
575 1509 659 1540 Nam
694 1520 795 1549 quum
829 1509 862 1539 in
899 1519 964 1539 uno
997 1506 1162 1547 manipulo

195 1560 262 1585 tota
285 1554 397 1585 messis
421 1556 673 1589 consecraretur,
698 1552 832 1592 perinde
862 1557 932 1582 erat
954 1561 990 1582 ac
1010 1551 1036 1582 si
1060 1551 1094 1580 in
1114 1560 1164 1580 so—

195 1597 297 1628 lidum
333 1597 412 1627 iuris
442 1606 511 1627 esse
539 1595 643 1626 divini
673 1594 881 1626 ostenderent
909 1593 1065 1633 quidquid
1092 1603 1163 1633 pro-

195 1640 316 1671 tulerat
349 1645 445 1670 terra.
499 1638 565 1670 Sed
599 1638 631 1669 in
666 1648 703 1669 eo
737 1637 939 1678 resplenduit
968 1635 1165 1667 admirabilis

195 1683 259 1714 Dei
283 1682 417 1718 bonitas,
441 1681 528 1721 quod
552 1691 647 1712 suum
667 1681 726 1712 sibi
750 1680 934 1716 vendicans,
960 1679 1040 1710 nihil
1064 1678 1168 1709 detra-

197 1726 296 1757 hebat
330 1736 370 1756 ex
404 1724 493 1755 victu
528 1724 652 1764 populi:
692 1728 802 1764 postea
842 1728 998 1763 tanquam
1032 1733 1072 1753 ex
1106 1721 1168 1752 Dei

197 1780 296 1799 manu
319 1767 517 1807 recipiebant
545 1767 630 1807 quod
660 1767 780 1807 singuli
810 1766 973 1798 habebant
998 1765 1084 1796 domi
1119 1775 1168 1795 re-

197 1812 353 1851 positum,
384 1809 518 1851 perinde
552 1820 588 1841 ac
610 1810 637 1841 si
660 1821 677 1841 e
700 1809 765 1840 Dei
798 1809 981 1840 sanctuario
1015 1807 1166 1848 prodiret.

197 1855 282 1885 Nota
314 1854 400 1885 enim
429 1857 478 1884 est
505 1853 602 1884 Pauli
637 1852 800 1884 sententia
829 1852 936 1893 (Rom.
963 1851 1011 1889 11,
1038 1850 1105 1892 16):
1131 1849 1167 1881 Si

197 1902 327 1928 sanctae
350 1904 426 1928 sunt
450 1896 620 1936 primitiae,
645 1901 745 1926 totam
772 1905 898 1935 quoque
927 1905 1067 1925 massam
1099 1904 1168 1924 esse

199 1944 359 1971 sanctam:
381 1939 434 1970 ubi
459 1938 499 1970 ad
526 1939 612 1970 hunc
642 1944 784 1969 veterem
814 1938 896 1978 legis
922 1938 1019 1968 ritum
1043 1936 1166 1967 alludit.

199 1982 296 2022 Quod
331 1986 480 2013 vertunt:
517 1981 567 2012 Ad
602 1981 815 2021 placationem
851 1981 965 2017 vestri,
999 1979 1085 2010 idem
1119 1984 1168 2009 est

200 2036 318 2057 nomen
334 2025 417 2065 quod
433 2025 506 2056 alibi
520 2031 688 2064 exponunt
709 2025 902 2063 interpretes
923 2022 1167 2062 beneplacitum,

201 2067 248 2110 [et
276 2068 315 2098 ad
345 2068 496 2108 populum
528 2068 687 2104 referunt,
715 2078 750 2097 ac
776 2068 801 2098 si
837 2065 958 2097 dictum
993 2071 1078 2097 esset
1111 2075 1168 2104 pro

201 2111 334 2142 arbitrio
367 2111 417 2141 vel
448 2110 487 2141 ad
511 2110 637 2141 libitum
666 2114 700 2140 ut
724 2110 898 2149 loquuntur
929 2107 1080 2150 barbari].
1126 2109 1170 2138 At

202 2164 277 2185 vero
312 2153 388 2184 alibi
423 2153 532 2190 docui,
567 2153 606 2183 de
636 2153 747 2183 favore
781 2158 814 2183 et
848 2152 1075 2183 benevolentia
1107 2150 1167 2180 Dei

202 2196 339 2237 intelligi
364 2196 496 2233 debere,
521 2206 707 2235 quanquam
731 2195 771 2226 ad
795 2196 949 2235 populum
973 2193 1169 2225 transfertur

202 2240 331 2279 passivo
367 2250 481 2276 sensu,
522 2238 793 2278 quemadmodum
830 2239 862 2268 in
905 2237 1035 2268 Psalmo
1083 2235 1167 2276 (106,

203 2283 245 2322 4.)
266 2289 326 2323 ῙἾΕἾ
349 2282 400 2312 vel
425 2282 658 2321 beneplacitum
682 2281 773 2312 electi
798 2281 923 2321 populi,
943 2286 1076 2311 vocatur
1099 2289 1169 2318 gra—

204 2326 304 2355 tuitus
323 2335 413 2356 amor
436 2336 497 2364 quo
520 2325 609 2355 Deus
640 2324 806 2355 ecclesiam
832 2334 923 2354 suam
955 2322 1168 2363 prosequitur.

204 2367 374 2408 »Significat
397 2375 505 2398 autem
529 2367 638 2398 Moses
666 2377 729 2397 non
753 2367 846 2397 aliter
871 2377 962 2406 posse
994 2363 1170 2404 tranquilla

204 2411 399 2441 conscientia
423 2417 527 2441 terrae
547 2410 693 2449 frugibus
713 2409 808 2446 vesci,
828 2410 903 2449 quia
925 2419 990 2439 non
1013 2408 1170 2439 sentirent

205 2452 311 2483 Deum
329 2453 388 2484 sibi
406 2464 474 2484 esse
491 2453 674 2492 propitium,
694 2458 726 2483 et
750 2458 884 2492 paterno
911 2452 1036 2482 affectu.
1065 2448 1171 2480 Hodie

205 2495 323 2525 abolita
337 2496 546 2533 caeremonia,
566 2502 676 2526 manet
700 2501 809 2526 tamen
833 2506 869 2526 ac
893 2495 981 2534 viget
1006 2494 1089 2524 inter
1113 2503 1170 2522 nos

206 2538 274 2568 eius
295 2539 427 2569 veritas:
447 2539 522 2578 quia
541 2539 670 2569 nonnisi
689 2538 809 2578 agnitio
829 2537 987 2577 largitatis
1012 2536 1070 2567 Dei
1091 2545 1171 2575 quac

207 2592 245 2610 ex
288 2580 348 2611 tide
387 2583 543 2617 nascitur,
586 2586 618 2611 et
658 2582 837 2622 gratiarum
879 2580 960 2611 actio
994 2578 1171 2609 sanctificat

207 2634 414 2663 quaecunque
454 2635 494 2654 cx
535 2624 597 2655 Dei
635 2634 734 2655 manu
762 2623 964 2663 percipimus.

899 172 993 211 QUA
999 172 1085 205 RTU
1092 174 1126 204 M
1149 174 1332 205 PRAECE
1339 174 1472 205 PTUM.

1014 2620 1170 2652 Primitiis
1195 2615 1196 2630 ³

2112 174 2176 206 592

1209 266 1338 297 additur
1376 267 1475 298 festus
1517 266 1585 298 dies
1625 271 1747 307 septem
1790 267 2044 304 hebdomadum,
2078 278 2175 308 quem

1209 309 1327 341 Graeci
1342 314 1478 340 vertunt
1496 310 1712 346 Pentecostes,
1738 311 1770 340 in
1795 309 1932 340 eundem
1956 310 2053 341 finem
2073 311 2176 351 respi-

1208 352 1311 383 ciens:
1335 356 1506 392 postquam
1535 353 1621 383 enim
1650 364 1690 383 ex
1721 353 1840 383 intacta
1874 357 1982 393 segete
2016 353 2176 392 primitias

1208 394 1402 432 obtulerant,
1426 395 1586 426 addebant
1605 395 1733 435 signum
1757 395 1967 435 gratitudinis
1985 396 2017 426 in
2037 397 2176 435 panibus

1209 441 1241 468 et
1274 438 1395 468 maiore
1429 438 1594 469 sacrificio.
1640 438 1826 468 Notandum
1856 442 1962 468 autem
1995 444 2043 470 est
2076 449 2177 478 panes

1209 479 1288 512 duos
1312 491 1330 511 a
1352 481 1488 520 singulis
1511 481 1641 511 familiis
1664 481 1760 520 exigi,
1784 481 1838 520 qui
1862 485 2011 512 constent
2034 491 2074 511 ex
2097 481 2176 512 dua-

1209 523 1269 554 bus
1307 523 1454 555 decimis:
1494 523 1686 555 sacrificium
1723 534 1798 554 vero
1839 527 1962 563 septem
2004 533 2175 563 agnorum,

1210 566 1339 597 iuvenci
1370 567 1483 603 unius,
1514 572 1546 596 et
1569 566 1706 597 duorum
1731 567 1885 603 arietum,
1910 572 1942 596 et
1975 566 2071 602 hirci,
2097 566 2177 597 duo·

1211 619 1347 648 rumque
1366 619 1533 649 agnorum,
1555 609 1613 639 toti
1638 608 1754 648 populo
1773 609 1907 649 iniungi.
1933 609 2022 640 Haec
2045 608 2177 640 demum

1211 656 1280 682 erat
1303 651 1447 692 legitima
1470 651 1593 692 agnitio
1613 651 1815 682 liberalitatis
1834 651 1906 688 Dei,
1927 652 2000 691 quia
2019 651 2176 691 manipuli

1211 693 1364 731 elevatio,
1388 699 1423 725 ut
1446 694 1479 725 in
1503 694 1724 731 festinatione,
1745 694 1835 734 quasi
1863 693 2065 725 defunctoria
2097 699 2176 726 erat.

1213 735 1316 768 Sicuti
1336 737 1422 768 enim
1443 736 1592 773 vidimus,
1617 743 1789 776 autequam
1810 747 1948 777 granum
1967 737 2176 777 attingerent,

1212 779 1396 818 postulabat
1428 779 1518 811 Deus
1546 779 1605 811 sibi
1641 779 1799 818 primitias
1831 780 1955 816 offerri,
1990 779 2090 811 donec
2121 790 2178 819 per

1212 822 1313 853 otium
1341 827 1373 853 et
1396 827 1539 862 tempore
1569 822 1672 862 magis
1704 827 1885 862 opportuno
1916 822 2043 862 plenius
2071 822 2178 854 officio

1213 875 1270 896 suo
1298 865 1527 896 satisfacerent.
1580 864 1693 904 Itaque
1724 865 1808 904 quod
1840 876 1944 905 nuper
1974 864 2114 896 vidimus
2139 864 2178 896 de

1213 907 1377 947 primitiis,
1403 913 1529 938 tantum
1553 909 1755 947 praeparatio
1784 908 1846 938 fuit
1875 907 1914 938 ad
1946 907 2029 938 diem
2059 908 2177 939 festum

1213 955 1431 990 pentecostes,
1454 951 1486 981 in
1511 961 1575 990 quo
1599 961 1663 981 non
1686 951 1809 990 spicae,
1833 950 1888 981 sed
1912 960 2011 990 panes
2034 950 2114 981 cocti
2139 961 2179 982 ex

1214 993 1315 1024 horno
1339 993 1446 1024 tritico
1468 1003 1558 1024 sacra
1581 993 1698 1024 oblatio
1721 1000 1822 1024 erant.

1298 1036 1347 1067 24.
1373 1036 1481 1067 Mense
1505 1036 1631 1075 septimo
1658 1036 1760 1075 primo
1790 1036 1849 1067 die.
1896 1035 1998 1067 Miror
2031 1035 2116 1067 unde
2145 1036 2180 1067 in

1214 1085 1354 1110 mentem
1378 1079 1504 1109 venerit
1527 1078 1655 1110 Iudaeis
1678 1079 1712 1109 in
1734 1079 1816 1109 festo
1844 1078 1994 1110 tubarum
2025 1079 2181 1110 celebrari

1214 1121 1436 1153 liberationem
1459 1121 1567 1159 Isaac,
1599 1121 1728 1161 quando
1755 1122 1788 1152 in
1812 1121 1880 1152 eius
1905 1121 2011 1152 locum
2034 1121 2181 1161 supposi-

1215 1171 1265 1195 tus
1295 1165 1357 1195 fuit
1387 1165 1496 1195 hircus
1526 1164 1581 1204 qui
1609 1164 1847 1195 immolaretur:
1884 1164 1939 1195 sed
1969 1163 2029 1195 hoc
2058 1164 2181 1196 scilicet

1214 1218 1271 1247 pro
1293 1207 1386 1238 solita
1406 1218 1465 1237 sua
1486 1207 1619 1238 audacia
1642 1207 1815 1238 commenti
1838 1211 1923 1238 sunt.
1959 1206 2055 1238 Certe
2079 1207 2180 1238 nihilo

1215 1250 1287 1290 plus
1312 1250 1407 1281 habet
1429 1249 1542 1280 coloris
1566 1260 1661 1290 quam
1690 1250 1831 1280 rationis.
1876 1249 2010 1281 Rectius
2033 1250 2180 1280 sentiunt

1215 1293 1284 1329 alii,
1316 1302 1510 1332 parasceven
1540 1293 1637 1324 fuisse
1668 1293 1806 1332 proximi
1840 1293 1912 1323 festi
1947 1292 2179 1332 expiationum,

1215 1339 1346 1376 propter
1379 1335 1529 1375 exiguam
1563 1336 1715 1375 temporis
1746 1335 1944 1366 distantiam.
1990 1335 2074 1366 Nam
2105 1335 2182 1375 quia

1215 1378 1305 1410 nulla
1338 1379 1466 1418 proprie
1497 1382 1573 1409 nota
1607 1379 1782 1418 insignitur
1811 1378 1862 1409 hic
1897 1377 1981 1415 dies,
2016 1377 2182 1418 probabile

1216 1426 1264 1452 est
1287 1432 1351 1452 non
1374 1421 1518 1461 separari
1542 1421 1580 1452 ab
1602 1421 1704 1452 altero
1727 1421 1780 1461 qui
1804 1420 1899 1461 paulo
1930 1425 2002 1461 post
2027 1421 2181 1461 sequitur,

1216 1464 1267 1495 die
1290 1464 1411 1495 scilicet
1434 1463 1564 1494 decimo.
1610 1464 1681 1494 Nisi
1700 1465 1782 1494 forte
1812 1464 1916 1504 magis
1945 1462 2111 1503 probabile
2131 1463 2181 1502 sit,

1216 1507 1314 1538 semel
1338 1506 1514 1546 quotannis
1549 1512 1678 1538 vocatos
1708 1507 1806 1538 fuisse
1835 1506 1986 1546 clangore
2015 1505 2181 1537 tubarum:

1217 1550 1356 1590 primum
1390 1554 1425 1580 ut
1460 1548 1619 1580 discerent
1650 1559 1758 1581 sacros
1791 1555 1972 1581 conventus
2002 1549 2066 1580 Dei
2106 1559 2182 1580 voce

1218 1593 1314 1624 fuisse
1348 1592 1499 1629 indictos,
1534 1591 1648 1623 deinde
1683 1603 1792 1624 vocem
1826 1592 1915 1623 illam
1946 1591 2113 1630 renovari,
2146 1599 2183 1623 ut.

1219 1642 1344 1675 praesto
1379 1645 1506 1674 semper
1535 1639 1645 1665 essent
1672 1634 1711 1666 ad
1742 1635 1804 1666 Dei
1834 1635 2030 1674 obsequium.
2075 1634 2184 1674 Atque

1216 1678 1249 1709 id
1284 1678 1411 1710 videtur
1444 1678 1580 1708 innuero
1621 1688 1677 1717 per
1716 1682 1964 1708 monumentum
2004 1677 2181 1718 clangoris:

1218 1732 1254 1753 ac
1274 1721 1300 1751 si
1324 1720 1460 1758 diceret,
1484 1720 1582 1750 semel
1603 1721 1773 1760 quotannis
1793 1721 1887 1752 tubas
1906 1730 2021 1751 sonare
2040 1720 2075 1750 in
2097 1720 2183 1751 auri-

1218 1764 1276 1795 bus
1297 1774 1424 1801 eorum,
1446 1768 1479 1793 ut
1504 1767 1570 1793 tota
1593 1764 1659 1794 vita
1684 1764 1751 1794 sint
1774 1763 1891 1794 attenti
1915 1762 1955 1793 ad
1976 1763 2037 1794 Dei
2060 1773 2182 1800 vocem,

1218 1812 1249 1837 et
1272 1806 1310 1838 ad
1335 1805 1533 1846 sequendum
1559 1805 1731 1836 voluntarii
1755 1816 1943 1846 quocunque
1972 1805 2104 1837 tendere
2132 1806 2183 1837 iu-

1219 1850 1300 1880 beat.
1355 1849 1419 1879 Alii
1462 1849 1652 1879 existimant
1697 1849 1916 1888 praecinuisse
1958 1848 2051 1880 tubas
2090 1848 2183 1880 initio

1219 1892 1354 1928 mensis,
1384 1896 1420 1922 ut
1449 1902 1482 1922 se
1506 1896 1657 1930 pararent
1683 1891 1722 1922 ad
1748 1897 1812 1922 tres
1836 1891 1903 1922 dies
1926 1891 2037 1922 festos:
2068 1891 2184 1922 deinde

1219 1936 1292 1975 quia
1314 1934 1450 1974 insignis
1473 1939 1541 1964 erat
1565 1940 1631 1964 tam
1654 1934 1809 1965 sabbatho
1834 1934 1911 1965 anni
1937 1933 2065 1973 septimi
2088 1944 2184 1974 quam

1219 1978 1365 2009 iubilaco.
1418 1976 1504 2015 Quid
1538 1981 1645 2006 autem
1676 1977 1702 2007 si
1733 1977 1822 2007 Deus
1856 1987 1998 2007 mensem
2029 1977 2113 2008 hunc
2143 1988 2183 2008 ex

1219 2021 1322 2061 capite
1345 2019 1422 2050 anni
1446 2020 1480 2049 in
1503 2020 1675 2058 septimum
1699 2019 1846 2050 ordinem
1874 2019 2030 2056 reiiciens,
2054 2019 2183 2059 aliquod

1220 2064 1342 2104 priscae
1377 2062 1544 2102 dignitatis
1584 2062 1755 2102 vestigium
1799 2062 1981 2101 relinquere
2022 2061 2181 2092 voluerit?

1220 2106 1374 2138 Omnium
1398 2105 1483 2136 cuim
1507 2115 1666 2135 consensu
1687 2109 1850 2144 receptum
1875 2109 1932 2141 est,
1953 2104 2052 2135 donec
2075 2115 2182 2144 egres-

1219 2160 1273 2180 sus
1297 2153 1344 2180 est
1373 2148 1511 2188 populus
1535 2158 1576 2178 ex
1604 2149 1771 2187 Aegypto,
1802 2147 1888 2177 hunc
1917 2147 2016 2178 fuisse
2041 2147 2183 2187 primum

1220 2202 1372 2223 mensem.
1419 2190 1558 2229 Quidam
1591 2191 1686 2221 etiam
1719 2194 1835 2229 putant
1864 2189 2020 2220 mundum
2049 2190 2083 2220 in
2113 2190 2183 2230 ipso

1219 2239 1362 2266 creatum
1385 2244 1464 2270 esse,
1487 2233 1571 2272 quod
1594 2233 1752 2272 probabili
1776 2232 1898 2263 ratione
1920 2243 1984 2262 non
2008 2237 2105 2264 caret.
2135 2234 2183 2264 Ac

1219 2276 1331 2309 Iudaei
1354 2287 1439 2307 nunc
1462 2286 1588 2315 quoque
1606 2276 1640 2305 in
1660 2276 1797 2315 negotiis
1820 2274 1966 2315 politicis,
1990 2280 2022 2305 et
2040 2286 2120 2315 quae
2143 2275 2184 2306 ad

1221 2331 1314 2351 usum
1333 2324 1479 2350 terrenae
1505 2319 1589 2349 vitae
1612 2323 1774 2357 spectant,
1796 2328 1837 2348 ex
1861 2318 2012 2348 continua
2035 2319 2185 2350 observa-

1221 2363 1307 2394 tione
1321 2363 1461 2392 retinent
1474 2362 1612 2401 primam
1633 2360 1720 2391 illam
1737 2363 2013 2400 supputationem:
2034 2362 2064 2392 in
2085 2361 2184 2392 sacris

1221 2405 1380 2436 duntaxat
1402 2405 1530 2435 initium
1554 2404 1631 2434 anni
1654 2404 1774 2435 faciunt
1797 2416 1815 2433 a
1839 2403 1965 2434 Martio.
2008 2403 2097 2435 Haec
2116 2404 2185 2444 qui-

1221 2448 1293 2479 dem
1317 2446 1491 2487 probabilis
1515 2447 1596 2477 mihi
1620 2446 1747 2477 videtur
1775 2447 1855 2477 ratio
1879 2457 1936 2477 cur
1959 2457 1995 2477 eo
2018 2447 2072 2486 qui
2097 2456 2184 2478 nunc

1222 2495 1352 2521 notatur
1376 2489 1434 2526 die,
1461 2489 1647 2520 memoriam
1671 2489 1763 2529 regni
1783 2489 1831 2519 sui
1852 2489 1941 2519 Deus
1965 2489 2092 2521 solenni
2111 2500 2185 2530 pro-

1222 2533 1420 2573 mulgatione
1444 2532 1622 2569 renovarit,
1653 2543 1689 2563 ac
1712 2531 1885 2571 septimum
1915 2542 2059 2563 mensem
2084 2533 2184 2573 assig—

1222 2576 1305 2607 narit
1330 2580 1393 2606 tam
1419 2575 1561 2605 Iubilaeo
1587 2585 1682 2614 quam
1714 2574 1869 2605 sabbatho
1898 2585 2066 2606 annorum.
2114 2575 2186 2607 Uno

1221 2623 1328 2649 autem
1354 2618 1403 2648 die
1428 2618 1518 2649 finita
1541 2618 1601 2647 fuit
1625 2618 1702 2648 haec
1733 2617 1920 2655 solennitas,
1954 2617 2035 2649 nihil
2058 2618 2123 2649 fere
2146 2617 2186 2648 ab
