2304 3034
173 221 234 253 707

175 314 355 347 sessoribus
384 310 552 352 legitimis,
583 314 621 341 ut
643 320 739 350 quam
765 309 939 340 minimum
963 308 1148 339 deflecteret

174 357 312 398 populus
347 366 364 386 a
397 354 570 394 partitione
605 353 664 384 sub
698 352 794 383 Iosue
835 353 926 383 sacta.
973 350 1149 383 Consuluit

175 402 300 431 interea
324 397 476 438 privatim
500 396 654 436 singulis:
686 395 741 426 sed
770 395 804 425 in
835 398 993 435 perpetua
1023 403 1147 425 succes-

176 444 264 474 sione
288 451 321 472 se
344 441 450 480 ipsum
474 440 579 479 magis
613 438 757 478 respexit
790 448 887 477 quam
921 437 1086 473 homines,
1113 440 1148 467 ut

176 493 342 523 nunquam
366 481 572 513 intercideret
599 481 745 512 beneficii
776 480 827 512 sui
854 480 1019 511 memoria.
1065 479 1149 510 Tan-

176 528 248 558 dem
283 526 372 557 iubct
406 535 492 556 anno
526 524 656 555 iubilaei
690 534 785 564 agros
822 534 935 554 omnes
970 522 1074 553 redire
1108 522 1148 553 ad

176 580 267 602 suam
297 568 473 609 originem,
503 572 534 597 et
564 566 771 597 venditiones
802 576 915 597 omnes
941 566 1037 597 finem
1068 566 1149 597 acci-

177 623 269 654 pere:
312 621 348 642 ac
382 611 409 641 si
444 610 713 650 quinquagesimo
750 619 876 649 quoque
909 618 995 640 anno
1029 612 1148 639 sortem

177 659 351 687 renovaret
375 654 408 683 in
433 652 607 683 dividenda
631 657 726 683 terra.

262 697 312 728 29.
355 696 412 727 Vo-
445 698 548 726 autem
581 706 675 734 quum
707 695 877 726 vendiderit
910 695 1040 726 domimi.
1086 694 1149 726 Hic

176 741 287 772 domos
325 739 364 770 ab
394 739 480 779 agris
516 738 700 778 distinguit,
736 749 777 769 ne
807 737 987 769 redimendi
1016 737 1149 768 libertas

176 782 373 815 extendatur
405 782 492 812 ultra
525 791 662 812 annum:
698 780 813 811 deinde
842 785 880 811 ut
909 780 1029 820 emptio
1052 781 1149 811 etiam

174 828 210 857 in
229 826 366 857 iubilaeo
385 829 455 855 rata
478 829 617 855 maneat.
650 824 845 864 Quanquam
867 823 997 854 additur
1011 823 1151 854 secunda

178 868 342 900 distinctio
375 867 460 897 inter
494 868 579 907 ipsas
612 867 740 903 domos,
774 871 812 897 ut
845 866 940 897 aedes
966 866 999 897 in
1023 866 1149 906 oppidis

176 922 308 952 prorsus
339 910 481 941 alienare
512 910 620 941 liceat:
653 910 805 941 villarum
835 914 944 940 autem
971 909 1082 940 eadem
1109 909 1151 940 sit

176 966 257 995 quae
287 964 439 994 agrorum
463 953 620 990 conditio,
651 953 726 992 quia
756 952 820 983 illis
844 962 991 983 annexae
1015 956 1092 983 sunt
1114 956 1151 983 ut

177 1004 294 1038 partes.
336 995 453 1034 Quoad
477 996 588 1027 domos
611 996 762 1033 urbanas,
785 995 860 1035 quia
883 995 1047 1026 interdum
1071 1004 1150 1035 pau-

177 1040 307 1081 peribus
339 1039 478 1070 dominis
497 1043 590 1069 erant
620 1049 793 1075 onerosae,
824 1038 903 1069 utile
925 1038 989 1069 fuit
1012 1038 1151 1069 transire

178 1083 217 1114 ad
241 1083 367 1119 divites,
391 1082 445 1122 qui
470 1081 612 1113 ferendis
636 1081 827 1113 aedificandi
850 1080 1034 1121 sumptibus
1058 1091 1151 1121 pares

176 1130 293 1157 essent.
335 1124 429 1156 Adde
452 1125 537 1165 quod
561 1125 676 1156 domus
699 1124 888 1164 quotidiana
908 1124 1064 1155 alimenta
1086 1133 1151 1154 non

175 1168 363 1209 suppeditat
386 1172 423 1198 ut
445 1178 531 1208 ager,
555 1172 587 1198 et
610 1166 704 1198 domo
728 1177 838 1199 carere
862 1167 964 1207 magis
983 1166 1152 1198 tolerabile

178 1217 226 1243 est
249 1222 345 1251 quam
370 1221 463 1251 agro,
493 1210 547 1241 ubi
571 1215 601 1242 te
624 1220 789 1246 exerceas.
814 1214 845 1241 et
869 1221 908 1241 ex
934 1210 1004 1242 eius
1027 1209 1152 1241 cultura

177 1255 302 1286 victum
342 1253 399 1284 tibi
439 1254 587 1293 acquiras
627 1258 659 1284 et
702 1253 852 1284 familiae.
897 1253 1003 1284 Villas
1043 1258 1150 1284 autem

178 1297 283 1337 excipi
306 1297 448 1337 oport-uit
471 1302 628 1336 tanquam
648 1307 801 1337 agrorum
821 1296 1029 1327 accessiones.
1065 1295 1151 1335 Quid

178 1341 267 1372 enim
285 1340 414 1371 iuvaret
437 1340 562 1370 fructus
585 1339 752 1380 colligere,
777 1340 883 1370 locum
906 1349 982 1370 vero
1006 1348 1069 1369 non
1095 1339 1152 1369 ha-

178 1383 253 1414 bere
283 1383 339 1413 ubi
362 1382 522 1423 reponas?
554 1382 625 1413 Imo
651 1382 727 1422 quid
751 1382 918 1422 prodesset
941 1392 1057 1423 agrum
1080 1392 1151 1422 pos-

177 1426 282 1458 sidere
304 1436 400 1465 quem
423 1425 527 1457 colere
550 1436 616 1456 non
635 1425 766 1465 posses?
792 1424 952 1465 quomodo
970 1426 1056 1455 enim
1081 1434 1151 1455 ara-

178 1470 260 1501 bunt
277 1469 377 1500 boves
396 1468 512 1509 quibus
531 1469 695 1500 stabulum
716 1479 779 1499 non
798 1469 860 1499 erit
882 1477 960 1508 agro
983 1466 1150 1498 vicinum?

177 1512 265 1552 Quia
288 1522 365 1552 ergo
388 1512 458 1552 agri
477 1512 546 1542 sine
569 1512 708 1552 tuguriis
731 1511 782 1542 vel
801 1511 884 1543 casis
906 1510 975 1542 fere
994 1510 1060 1541 sint
1078 1511 1149 1541 inu-

178 1555 261 1591 tiles,
285 1565 344 1585 nec
368 1554 534 1586 commode
557 1559 758 1594 separantur,
784 1554 898 1585 merito
920 1554 1034 1584 statuit
1058 1554 1149 1585 Deus

178 1604 214 1629 ut
243 1608 328 1628 anno
358 1597 490 1628 iubilaei
527 1597 690 1637 quaelibet
719 1597 885 1629 rusticana
918 1597 1076 1637 possessio
1109 1595 1150 1627 ad

175 1640 344 1672 dominum
366 1641 505 1680 priorem
530 1640 659 1672 rediret.

261 1684 312 1714 32.
354 1683 483 1715 Urbium
516 1686 618 1714 autem
651 1683 841 1714 Levitarum.
887 1682 964 1713 Alia
997 1682 1149 1722 exceptio,

176 1732 213 1758 ut
240 1726 381 1757 Levitae
411 1725 523 1757 domos
552 1726 704 1757 venditas
737 1726 786 1757 vel
816 1726 887 1756 iure
911 1725 1152 1765 redemptionis,

176 1770 229 1800 vel
263 1780 350 1800 anno
390 1769 519 1800 iubilaei
562 1770 664 1809 gratis
705 1773 908 1809 recuperent.
965 1768 1060 1807 Quod
1089 1778 1151 1799 non

177 1812 273 1843 modo
304 1813 337 1843 in
369 1822 479 1843 eorum
505 1813 644 1853 gratiam
670 1813 842 1843 statuitur:
874 1811 929 1842 sed
956 1812 1030 1851 quia
1054 1811 1152 1841 totius

177 1855 289 1895 populi
324 1855 488 1891 interfuit,
519 1855 691 1895 dispositos
720 1866 790 1886 esse
820 1854 911 1895 quasi
941 1854 974 1884 in
999 1854 1152 1891 excubiis,

179 1898 232 1929 ubi
255 1898 361 1929 locum
385 1898 464 1938 ipsis
489 1898 579 1929 Deus
598 1899 832 1939 assignaverat.
864 1896 960 1936 Quod
980 1897 1019 1928 ad
1038 1897 1153 1928 subur-

179 1941 232 1972 bia
272 1945 414 1981 spectat,
456 1941 507 1972 vel
544 1952 639 1981 agros
670 1941 777 1981 pecori
812 1940 928 1971 alendo
968 1939 1154 1978 destinatos,

180 1989 270 2015 vetat
303 1984 395 2015 Deus
427 1984 577 2015 alienari:
614 1985 688 2024 quia
718 1984 779 2015 hoc
808 1983 903 2014 modo
937 1983 1051 2014 relicta
1080 1992 1153 2022 pro-

180 2027 253 2067 pria
287 2027 428 2058 statione
462 2027 599 2058 subinde
623 2028 685 2058 alio
708 2028 914 2067 migrassent.
959 2025 1055 2057 Hanc
1080 2035 1155 2056 vero

181 2070 429 2110 dissipationem
453 2080 518 2101 non
541 2070 702 2107 accidere,
734 2070 834 2100 totius
859 2068 972 2110 populi
995 2068 1153 2100 interfuit.

511 2240 575 2271 EX
599 2239 733 2271 DEUT.
757 2239 837 2271 XX.

271 2326 320 2356 19.
357 2325 393 2357 Si
417 2325 571 2356 obsederis
595 2325 716 2363 urbem,
739 2325 848 2357 diebus
866 2325 972 2356 multis
988 2324 1157 2364 puymindo

186 2368 335 2399 adi-ersus
358 2379 440 2404 eam,
469 2371 503 2399 ut
526 2369 635 2407 capias
658 2378 741 2406 eam,
766 2379 828 2400 non
851 2368 1011 2407 disperdes
1033 2367 1157 2397 arbores

186 2412 260 2446 eius,
284 2412 467 2451 impellendo
491 2412 525 2442 in
548 2422 602 2441 eas
623 2412 771 2442 seem-im.-
794 2412 869 2450 quia
888 2421 924 2441 ex
936 2411 1062 2442 illarum
1073 2410 1157 2449 fruc-

186 2454 268 2483 tibus
293 2455 436 2490 vesceris,
463 2457 628 2494 propterea
649 2454 737 2493 ipsas
759 2464 821 2485 non
842 2454 994 2485 succides:
1019 2453 1093 2492 quia
1117 2462 1158 2482 (ιη

186 2496 275 2526 Imma
306 2497 400 2527 arhor
429 2498 501 2537 aqri
533 2500 566 2527 ut
595 2497 791 2537 inyrediatnr
813 2508 833 2527 α
860 2497 941 2536 faeie
963 2499 1017 2526 tua
1039 2496 1072 2525 in
1094 2505 1159 2525 iiiu-

186 2539 360 2570 ozitinnmnssf
394 2540 444 2571 20.
472 2540 685 2571 Verumtamen
704 2539 832 2571 arbores
853 2549 932 2579 quas
953 2539 1075 2569 noveris
1097 2548 1159 2568 mm

187 2592 250 2612 esse
278 2583 474 2621 fructiferas,
502 2583 679 2622 disperdes,
704 2585 731 2613 et
753 2583 905 2614 succides:
933 2584 959 2613 et
982 2580 1159 2619 aedificabis

187 2625 388 2655 munitionem
418 2626 568 2656 aduersus
600 2626 703 2656 urbem
733 2626 821 2657 illam
850 2635 927 2665 quac
952 2627 1049 2655 tecum
1070 2623 1160 2654 dimi-

188 2670 245 2703 σαί,
269 2668 363 2699 donec
384 2668 545 2699 descendat
568 2669 646 2707 ipsa.

889 213 1113 246 OOTAVUM
1137 213 1458 246 PRAEOEPTUM.

2108 212 2169 244 708

1287 308 1336 339 19.
1374 308 1409 339 Si
1439 308 1597 340 obsederis.

1201 351 1267 382 tavi
1297 357 1470 382 annectere
1498 357 1612 382 octavo
1640 353 1825 390 praecepto,
1853 348 1929 389 quia
1956 359 2056 389 quum
2078 349 2171 382 Deus

1200 394 1233 424 in
1261 393 1366 425 medio
1396 394 1555 425 bellorum
1585 393 1712 425 fervore
1741 392 1877 423 nocendi
1900 391 2064 423 licentiam
2087 392 2171 424 frae-

1201 441 1272 475 net,
1303 436 1406 477 quoad
1437 436 1618 477 perdendas
1648 435 1778 466 arbores
1793 460 1800 473 ,
1823 434 1925 465 multo
1948 435 2051 474 magis
2073 445 2171 475 popu-

1200 479 1268 510 lum
1299 491 1395 511 suum
1431 480 1534 510 voluit
1566 479 1599 509 in
1634 489 1712 518 pace
1751 477 1914 508 abstinere
1950 478 1989 508 ab
2022 478 2172 509 omnibus

1200 522 1376 554 maleficiis.
1422 522 1560 554 Summa
1589 527 1654 557 est,
1685 520 1834 560 quamvis
1865 520 2111 559 spoliationibus
2140 524 2173 551 et

1201 566 1324 605 rapinis
1346 566 1477 596 ianuam
1502 565 1626 604 aperiat
1649 564 1699 594 ius
1723 563 1888 599 bellicum,
1919 563 2099 594 cavendum
2122 567 2172 594 ta-

1201 618 1275 638 men
1295 619 1373 646 esse,
1392 608 1497 648 quoad
1517 608 1600 644 licet,
1622 617 1661 637 ne
1674 611 1762 637 terra
1786 606 1819 636 in
1840 606 2025 637 vastitatem
2041 605 2174 638 redacta

1201 650 1235 680 in
1265 651 1410 682 futurum
1440 656 1568 690 tempus
1603 650 1646 681 sit
1679 648 1812 680 sterilis:
1847 648 1985 688 denique
2019 648 2173 689 praedam

1202 693 1248 724 sic
1278 694 1437 734 agendam
1468 704 1536 724 esse
1567 692 1605 723 de
1637 691 1796 727 hostibus,
1828 695 1863 722 ut
1892 701 1989 722 curae
2015 691 2108 723 nobis
2130 692 2173 723 sit

1202 737 1330 776 generis
1357 737 1491 767 humani
1522 736 1660 771 utilitas,
1692 745 1727 766 ac
1751 735 1872 775 posteri
1902 734 2058 765 alimenta
2080 745 2173 775 repe-

1202 779 1288 810 riant
1318 779 1351 810 in
1383 778 1564 817 arboribus,
1594 789 1677 818 quae
1707 787 1771 808 non
1804 781 1870 808 tam
1894 778 1957 808 cito
1986 776 2174 808 adolescunt

1203 821 1242 852 ad
1280 822 1450 853 ferendum
1486 822 1636 852 fructum.
1683 820 1864 852 Arboribus
1897 830 1973 852 vero
2008 820 2174 861 frugiferis

1202 865 1344 905 primum
1380 865 1440 896 hac
1474 866 1599 895 ratione
1631 874 1764 903 parcere
1794 863 1896 901 iubet,
1932 863 2016 903 quod
2050 863 2174 895 vietum

1203 908 1326 939 cunctis
1350 907 1535 938 hominibus
1558 907 1780 947 suppeditant:
1805 910 1900 946 atque
1923 906 1969 936 ita
1985 906 2020 936 in
2038 906 2117 946 ipsis
2140 916 2175 937 se

1202 951 1323 990 profert
1362 951 1424 981 Dei
1465 950 1655 981 benedictio.
1708 949 1869 989 Adiungit
1909 948 2026 980 deinde
2062 959 2176 980 secun-

1204 992 1278 1024 dam
1297 1004 1437 1030 causam,
1458 993 1543 1033 quod
1559 993 1689 1023 arbores
1704 991 1901 1032 quibuslibet
1921 992 1987 1023 sint
2000 992 2174 1032 expositae,

1204 1046 1266 1076 qua
1288 1036 1452 1077 significat
1476 1047 1540 1066 non
1564 1046 1633 1066 esse
1657 1034 1834 1076 gerendum
1856 1044 1928 1065 cum
1948 1035 2027 1074 ipsis
2052 1034 2173 1066 bellum

1204 1079 1297 1110 sicuti
1336 1090 1410 1110 eum
1450 1078 1644 1109 hominibus.
1689 1078 1790 1109 Varie
1830 1077 1959 1117 quidem
2000 1078 2175 1118 exponitur

1204 1122 1256 1153 hic
1279 1122 1377 1159 locus,
1402 1132 1514 1153 verum
1538 1132 1653 1153 sensus
1676 1131 1771 1161 quem
1796 1121 1878 1161 elegi
1902 1122 2022 1160 optime
2040 1121 2122 1158 fluit,
2142 1125 2175 1152 et

1203 1165 1366 1205 genuinus
1396 1164 1532 1195 videtur.
1579 1164 1663 1195 Nam
1693 1164 1842 1204 quamvis
1873 1163 1967 1194 litera
1988 1170 2009 1196 ΓΙ
2041 1163 2174 1195 demon-

1203 1209 1340 1238 strativa
1359 1208 1408 1246 sit,
1430 1206 1606 1238 secundum
1622 1207 1783 1237 rationem
1798 1207 2054 1247 grammaticam,
2076 1212 2174 1247 atque

1203 1251 1250 1281 ita
1274 1250 1398 1282 hostem
1423 1250 1584 1290 designet:
1614 1260 1685 1280 meo
1713 1254 1824 1280 tamen
1850 1249 1968 1281 iudicio
1994 1249 2174 1290 interroga-

1203 1293 1269 1324 tive
1299 1293 1436 1333 legenda
1458 1298 1507 1324 est
1533 1293 1703 1324 sententia.
1749 1299 1825 1325 'mm
1855 1303 1933 1324 vero
1958 1293 2174 1323 munitionem

1203 1336 1309 1376 potius
1344 1347 1439 1376 quam
1474 1336 1672 1367 obsidionem
1706 1335 1877 1376 significat.
1924 1334 2064 1375 Oblique
2098 1345 2175 1375 ergo

1204 1379 1356 1410 stolidum
1378 1379 1518 1410 furorem
1541 1379 1734 1419 perstringit
1758 1379 1864 1416 Deus,
1891 1377 1968 1409 dum
1992 1379 2058 1409 vim
2081 1388 2175 1409 suam

1205 1427 1361 1453 exserunt
1384 1421 1530 1453 homines
1555 1421 1672 1452 armati
1695 1426 1810 1453 contra
1829 1421 1976 1452 arborem
2001 1431 2082 1461 quae
2105 1421 2175 1453 loco

1204 1476 1269 1496 non
1284 1470 1441 1502 movetur,
1461 1464 1517 1495 sed
1537 1465 1649 1496 obvios
1666 1474 1809 1504 quosque
1827 1467 2002 1504 exspectat.
2027 1463 2080 1494 Ita
2098 1474 2176 1504 ager

1203 1508 1258 1548 qui
1282 1507 1423 1547 undique
1454 1512 1586 1548 apertus
1610 1511 1675 1546 est,
1698 1507 1871 1538 munitioni
1891 1508 2073 1547 opponitur.
2119 1506 2175 1538 In-

1204 1556 1293 1582 terea
1318 1551 1479 1590 permittit
1502 1550 1592 1581 Deus
1616 1562 1654 1581 ex
1679 1550 1848 1581 arboribus
1877 1550 2078 1590 infrugiferis
2101 1560 2175 1581 con-

1204 1593 1255 1625 fici
1286 1603 1435 1634 aggeres,
1464 1593 1581 1631 vallos,
1605 1594 1748 1633 aliasque
1769 1592 1808 1623 ad
1832 1592 2088 1634 oppugnandum
2107 1602 2175 1623 ma-

1203 1637 1332 1668 chinas:
1358 1641 1485 1666 tantum
1505 1637 1668 1676 prospicit,
1688 1647 1728 1667 ne
1744 1646 1907 1667 armorum
1927 1635 2075 1676 procella,
2094 1645 2177 1676 quae

1204 1684 1431 1710 momentanea
1453 1690 1521 1710 esse
1544 1679 1648 1717 debet,
1670 1683 1791 1710 terram
1814 1683 1931 1710 ornatu
1954 1688 2012 1710 suo
2035 1679 2068 1709 in
2092 1678 2176 1709 mul-

1204 1728 1252 1753 tos
1278 1732 1380 1752 annos
1404 1721 1553 1753 denudet.
1584 1722 1686 1753 Porro
1706 1732 1770 1753 non
1793 1721 1938 1753 iniicitur
1960 1721 2074 1762 religio
2097 1721 2176 1761 quin

1205 1765 1373 1796 excidatur
1393 1765 1488 1795 arbor
1506 1765 1680 1801 fructuosa,
1711 1765 1738 1796 si
1763 1765 1808 1795 ita
1827 1765 2001 1796 necessitas
2021 1764 2176 1804 postulet:

1205 1807 1261 1839 sed
1285 1807 1413 1838 cohibet
1437 1807 1526 1838 Deus
1550 1808 1732 1845 Israelitas,
1762 1818 1803 1838 ne
1834 1807 1907 1839 odio
1937 1807 1987 1838 vel
2009 1806 2177 1838 iracundia

1205 1850 1336 1890 impulsi
1364 1849 1403 1880 ad
1433 1850 1632 1890 perdendum
1656 1855 1689 1882 et
1711 1850 1907 1882 vastandum
1936 1861 1971 1881 se
1994 1850 2177 1890 projiciant,

1205 1893 1296 1934 quasi
1319 1893 1529 1924 humanitatis
1551 1894 1651 1924 obliti.

1643 307 1740 338 Hanc
1770 306 1950 338 doctrinam
1980 316 2047 337 non
2077 306 2170 338 dubi-

1527 2107 1584 2138 EX
1609 2107 1740 2139 DEUT.
1765 2106 1862 2138 XXI.

1298 2192 1346 2223 14.
1384 2191 1420 2222 Si
1444 2202 1501 2222 non
1519 2193 1674 2231 placuerit
1697 2193 1753 2223 tibi
1775 2202 1856 2223 uxor
1878 2193 2016 2232 captiva,
2047 2191 2182 2223 dimittes

1211 2245 1276 2267 eam
1307 2244 1366 2276 pro
1399 2235 1551 2266 ‹les-idem
1585 2246 1658 2266 suo:
1698 2246 1751 2267 uec
1784 2235 1937 2267 vendendo
1969 2235 2082 2266 vendes
2114 2244 2181 2265 eam

1205 2279 1349 2318 pecunia,
1372 2288 1468 2316 neque
1490 2279 1689 2317 izeglotz'aberis
1707 2279 1744 2310 de
1763 2289 1807 2316 ea,
1831 2278 1911 2317 quod
1929 2278 2086 2318 afflixeris
2103 2287 2180 2308 eam.

1213 2321 1261 2352 15.
1301 2322 1401 2360 (guamo
1427 2320 1542 2359 fuerint
1570 2321 1637 2351 viro
1665 2322 1746 2352 (luae
1773 2331 1902 2356 usrores,
1930 2331 1994 2352 una
2023 2321 2133 2352 dilecta
2156 2322 2182 2351 et

1212 2364 1310 2395 altera
1339 2373 1444 2400 exosa,
1479 2365 1504 2393 et
1530 2365 1684 2402 pepererit
1712 2365 1740 2394 ei
1766 2364 1849 2403 filios
1878 2364 1988 2395 dilecta
2021 2366 2048 2395 et
2078 2372 2181 2400 exosa,

1210 2407 1306 2446 fuerit
1329 2408 1430 2436 autem
1457 2406 1543 2444 filius
1562 2407 1787 2447 primoyenitus
1810 2417 1934 2438 exosae.-
1966 2406 2014 2437 16.
2039 2405 2102 2437 Die
2123 2415 2182 2445 quo

1212 2449 1357 2480 haeredes
1377 2448 1511 2479 instituet
1531 2449 1616 2486 filios
1636 2460 1707 2480 suos
1731 2460 1836 2480 eornm
1855 2460 1933 2489 quae
1954 2449 2102 2486 habuerit,
2122 2458 2182 2478 non

1206 2492 1320 2531 poterit
1359 2492 1434 2522 dare
1467 2491 1518 2521 ius
1546 2492 1811 2530 primoqem'turae
1845 2492 1911 2531 filio
1951 2492 2077 2523 dilectae
2114 2493 2182 2522 ante

1210 2535 1313 2574 silium
1347 2544 1456 2564 exosae
1479 2534 1727 2572 primossem'tum.
1775 2536 1822 2565 17.
1864 2535 1924 2566 Sed
1938 2533 2183 2574 primoyenitum

1210 2578 1311 2617 fllium
1341 2586 1448 2608 crosae
1471 2579 1623 2615 (tyrios-eet,
1653 2579 1685 2606 ut
1713 2578 1759 2608 det
1789 2578 1817 2609 ei
1842 2588 2021 2609 mensuram
2050 2577 2182 2608 duorum

1212 2631 1250 2651 exc
1290 2619 1430 2651 omnibus
1465 2629 1543 2658 qnae
1582 2619 1738 2650 habuerit:
1776 2621 1843 2659 ipse
1879 2621 1959 2651 (mim
1986 2619 2184 2659 principium

1211 2663 1404 2703 fortitudini-s·
1427 2663 1502 2699 eius,
1526 2662 1628 2701 ipsius
1651 2665 1692 2693 est
1714 2663 1766 2693 ius
1782 2664 2056 2703 primoyeniturae.
