2304 3034
82 223 142 255 373

83 317 215 348 tentiam
250 317 309 347 sibi
341 316 373 347 in
409 317 505 347 finem
539 325 641 355 usque
671 313 911 360 praesto-fore,
947 324 1042 352 quam

83 360 207 399 experti
239 359 364 390 fuerant
394 365 502 399 patres
532 368 629 397 quum
660 356 818 395 redemptl
848 356 973 385 fuerant
1004 367 1043 386 ex

83 403 242 442 Aegypto.
930 439 935 444 θ

169 445 197 475 2.
222 443 265 475 Et
277 454 368 483 quum
390 441 589 475 occurreritis.
614 441 729 471 Partes
743 439 938 470 exhortandi
952 450 1041 470 man-

84 487 138 518 dat
167 487 257 517 Deus
291 485 508 518 sacerdotibus
538 483 592 514 ubi
624 482 662 513 ad
692 482 878 513 conflictum
910 488 1042 513 ventum

83 530 190 560 fuerit.
236 529 287 560 Ex
321 528 424 559 verbis
455 532 560 557 autem
591 524 772 564 colligimus
796 524 937 564 pendere
960 524 1042 555 hanc

84 572 276 603 sententiam
300 581 318 601 a
340 571 441 610 primo
466 572 643 608 praecepto,
668 568 742 606 quia
761 567 841 597 nihil
861 567 947 598 aliud
968 578 1041 598 con-

82 616 187 645 tinent
210 624 303 654 quam
329 617 364 643 ut
386 611 530 643 sacerdos
554 610 673 640 animet
697 610 861 640 Israelitas
891 610 930 640 ad
961 609 1041 640 fidu-

82 658 178 695 ciam,
213 657 301 687 cuius
332 654 464 685 materia
498 653 686 693 proponitur
718 651 777 682 Dei
813 653 970 683 auxilium
1010 653 1041 682 iu

82 698 239 732 servanda
262 704 291 728 et
315 696 441 728 assidue
465 694 679 735 protegenda,
710 705 805 734 quam
830 695 927 725 semel
952 694 1041 725 rede-

82 743 150 779 mit,
175 740 314 772 ecclesia.
360 739 461 770 Porro
483 749 547 768 non
571 748 636 768 uno
660 743 787 767 tantum
821 737 916 768 verbo
940 747 993 768 eos
1024 747 1042 767 a

82 789 169 815 metu
193 789 332 814 revocat:
357 781 410 812 sed
436 780 526 820 plura
550 780 645 810 simul
666 780 824 819 congerit:
849 781 898 811 Ne
917 780 1042 810 molles-

83 833 134 858 cat
157 837 210 857 cor
233 829 385 860 vestrum,
417 834 457 854 ne
481 823 643 861 metuatis,
669 833 709 852 ne
733 823 971 862 expavescatis,
1002 833 1042 852 ne

82 868 265 901 formidetis.
310 866 382 905 Quo
412 876 582 896 monemur
605 875 701 904 quam
726 865 854 896 difficile
884 865 926 896 sit
951 865 1041 896 vitio-

83 923 152 943 sum
177 912 323 941 timorem
347 909 518 949 corrigere,
542 908 595 947 qui
616 908 713 938 variis
737 908 898 939 machinis
918 908 1042 938 animos

83 960 205 985 nostros
228 952 366 984 concutit
390 962 425 982 ac
449 950 627 990 perturbat,
653 961 692 981 00
715 951 748 980 10
774 950 842 981 1)00
865 951 1040 990 quiescant.

82 997 126 1028 Et
148 1000 232 1027 certe
255 994 375 1034 singuli
399 993 600 1033 experimur,
632 998 698 1023 tam
730 993 828 1024 variis
860 993 1042 1033 agitationi-

82 1039 141 1070 bus
164 1048 221 1068 nos
244 1037 357 1067 vexari
388 1042 423 1067 ut
454 1035 622 1075 multiplici
652 1035 793 1066 remedio
822 1046 902 1076 opus
930 1036 972 1066 sit
1002 1035 1041 1066 ad

82 1079 304 1113 stabiliendam
340 1079 435 1109 fidem
470 1084 621 1109 nostram.
679 1078 827 1109 Notanda
863 1079 959 1109 etiam
993 1084 1041 1109 est

80 1123 245 1155 familiaris
280 1122 453 1161 explicatio
484 1120 685 1161 praesentiae
715 1120 794 1157 Dei,
829 1121 913 1161 quod
946 1121 1041 1152 simul

80 1166 203 1197 incedet
227 1175 298 1196 cum
323 1164 439 1204 populo
463 1163 501 1194 ad
532 1173 605 1193 eum
629 1163 840 1194 servandum:
872 1175 986 1204 nempe
1016 1164 1042 1194 si

80 1220 144 1239 non
178 1218 235 1238 sua
269 1207 376 1246 culpa,
415 1206 469 1238 sed
504 1206 624 1236 iniusta
659 1206 799 1236 hostium
834 1208 1041 1247 aggressione

78 1251 289 1291 periclitetur.

391 1419 455 1449 EX
478 1418 649 1450 NUMER.
674 1418 715 1449 X.

160 1507 187 1537 1.
211 1504 253 1536 Et
284 1505 426 1544 loquutus
453 1507 497 1535 est
526 1503 640 1535 Ielaova
669 1504 710 1534 acl
734 1503 859 1542 Illosen,
894 1504 1040 1536 diceudo:

76 1550 104 1580 2.
130 1548 193 1580 Fac
215 1548 271 1579 tibi
293 1548 373 1578 duas
395 1547 484 1577 tubas
507 1549 681 1586 arqenteus:
704 1557 792 1586 opere
814 1547 922 1578 ductili
942 1548 1040 1586 facies

74 1592 164 1623 illas:
192 1601 270 1630 quae
298 1590 360 1620 sint
389 1590 443 1620 tibi
472 1590 513 1620 acl
542 1590 778 1620 cont-ocationem
801 1593 913 1627 coetus,
943 1592 971 1620 et
999 1590 1040 1621 ad

74 1637 175 1666 castra
198 1633 352 1664 mot-enda.
376 1632 405 1663 3.
433 1632 532 1670 Quum
556 1632 693 1672 elanyent
716 1633 791 1671 illis,
817 1633 1038 1672 conyreyabun-

75 1680 125 1708 tur
152 1677 193 1708 ad
223 1679 248 1706 tc
279 1685 380 1705 omnes
409 1677 508 1705 coetus
542 1675 583 1705 «cl
606 1675 715 1705 ostium
737 1675 926 1707 tabernaculi
957 1676 1037 1706 testi-

74 1720 177 1750 monii.
223 1719 251 1749 4.
284 1717 318 1748 Si
340 1728 410 1748 vero
432 1728 495 1747 una
519 1717 698 1753 clanxerint,
722 1719 980 1758 eonffleyabuntur
998 1718 1040 1749 acl

75 1765 101 1793 te
119 1762 289 1801 principes,
313 1760 415 1799 capita
438 1760 570 1790 millium
596 1760 739 1790 Israelis.
774 1761 802 1791 5.
830 1761 865 1791 Si
879 1772 946 1791 rero
958 1762 1040 1792 elmi-

75 1805 184 1835 :teritis
205 1814 272 1835 cum
296 1802 481 1839 iubilatione,
500 1802 732 1842 proficiscentur
749 1806 852 1834 castra
871 1804 1040 1843 eorumqui

75 1848 328 1878 castrametantur
351 1846 392 1876 acl
419 1844 581 1876 Orientem.
617 1846 644 1876 6.
673 1846 773 1884 chum
797 1849 898 1877 autem
920 1846 1040 1878 clanse-

74 1890 145 1920 ritis
166 1899 234 1920 eum
257 1888 434 1919 iubilatione
453 1889 591 1923 secundo,
615 1891 679 1918 tum
694 1888 1039 1926 proficiscenturcastra

75 1941 178 1962 eorum
200 1931 253 1970 qui
273 1933 528 1962 castrametantur
549 1931 590 1961 ad
615 1931 796 1969 Meridicm,
832 1942 899 1962 eum
932 1931 1039 1962 iubila—

76 1975 153 2005 tione
175 1974 309 2013 clanycnt
330 1974 361 2003 in
383 1973 623 2012 profectionibus
645 1974 721 2004 suis.
769 1975 796 2005 7.
822 1975 948 2014 Quando
971 1985 1039 2005 rero

77 2017 292 2057 conyreqabitis
314 2018 435 2052 coetum,
454 2017 614 2055 clanyetis,
643 2017 695 2047 sed
716 2017 829 2056 absque
854 2017 1038 2048 iubilatione.

83 2059 109 2090 8.
135 2059 212 2090 Filii
236 2061 336 2089 autem
360 2058 489 2089 Alzarou
511 2059 680 2089 sacerdotes
698 2059 835 2098 clanqint
857 2060 937 2090 tubis
966 2060 1038 2096 rillis,

83 2104 225 2140 eruntque
263 2101 345 2132 vobis
385 2101 414 2131 in
455 2103 601 2131 statutum
628 2104 809 2140 perpetuum
837 2113 896 2141 per
929 2105 1040 2133 aetates

83 2146 204 2175 vestras.
249 2144 277 2175 9.
302 2143 344 2174 Et
366 2144 485 2183 (sicando
509 2145 635 2174 venietis
665 2144 706 2174 ad
722 2145 878 2183 proelium
902 2146 934 2175 ‘in
956 2148 1039 2175 terra

83 2189 180 2216 vestra
202 2189 304 2217 contra
326 2186 437 2217 hostem
458 2189 590 2217 vestrum
611 2188 664 2226 qni
686 2197 736 2217 vos
758 2188 881 2227 afsliglet,
901 2198 970 2219 eum
994 2188 1039 2218 iu-

85 2227 224 2259 bilatione
246 2229 387 2267 clanqetis
416 2229 495 2259 tubis
521 2229 599 2260 illis:
631 2232 657 2260 εί
679 2230 845 2260 recordatio
868 2231 962 2262 vestri
984 2231 1041 2261 erit

86 2279 186 2300 coram
217 2270 326 2301 leliova
351 2271 417 2302 Deo
445 2274 555 2307 vestro,
588 2275 621 2302 ut
643 2273 807 2303 servemini
837 2273 874 2303 ab
904 2273 1041 2304 hostibus

87 2313 201 2342 vestris.
236 2313 282 2343 10.
302 2312 364 2344 Die
381 2324 495 2353 quoque
518 2314 651 2345 laetitiae
671 2318 792 2351 cestrae,
816 2318 843 2346 et
860 2316 894 2346 in
912 2316 1040 2346 solenni-

87 2354 200 2385 tatibus
226 2356 346 2391 restris,
380 2359 406 2387 et
433 2357 465 2387 in
490 2357 660 2396 principiis
688 2358 840 2388 mensium
871 2361 1040 2389 vestrorum

811 219 995 251 PRIMUM
1019 221 1337 255 PRAECEPTUM.

88 2396 232 2435 clanyetis
263 2397 343 2428 tubis
371 2398 435 2429 illis
462 2409 553 2438 super
578 2400 758 2435 holocausta,
782 2403 807 2430 et
829 2411 923 2439 super
945 2401 1041 2431 sacri·
1065 2433 1067 2438 ,

87 2439 159 2477 ficia
176 2439 415 2477 prosperitatum
436 2444 621 2482 vestrarum,
645 2445 677 2473 ut
704 2444 766 2474 sint
786 2443 869 2473 vobis
892 2444 923 2474 iu
945 2454 1041 2474 recor·
1066 2454 1067 2460 ¹

89 2481 240 2511 dationem
262 2491 360 2512 coram
382 2482 447 2513 Deo
471 2486 580 2516 vestro.-
619 2496 670 2526 eyo
694 2485 805 2517 Ieliova
828 2486 916 2517 Dens
940 2489 1040 2517 cester.

175 2565 202 2595 2.
231 2565 292 2595 Fae
312 2566 365 2596 tibi
383 2567 460 2598 (luas
476 2569 570 2600 tubas.
602 2570 713 2601 Merito
733 2571 770 2601 ad
792 2571 932 2610 primum
953 2582 1040 2611 prae-

91 2613 216 2646 ceptum
234 2609 386 2639 attexitur
398 2609 484 2641 locus
508 2612 544 2641 de
568 2614 652 2644 tubis
677 2615 847 2653 argenteis,
874 2624 954 2653 quae
978 2614 1040 2645 col-

91 2650 235 2680 lectionis
257 2651 381 2691 signum
406 2652 531 2691 dabant,
555 2660 589 2685 ut
612 2657 747 2695 populus
770 2667 896 2696 semper
920 2656 958 2687 ad
978 2656 1041 2687 Dei
1066 2684 1068 2695 ,

1996 223 2060 255 374

1098 325 1205 346 vocem
1230 321 1260 346 et
1285 322 1397 347 nutum
1424 318 1567 349 intentus
1591 324 1683 349 esset.
1730 317 1843 348 Voluit
1861 317 1946 348 enim
1967 318 2058 350 Deus

1095 368 1205 388 earum
1229 359 1380 399 clangore
1410 361 1533 391 moveri
1562 361 1740 398 Israelitas,
1771 371 1960 400 quocunque
1984 372 2057 400 per-

1095 400 1234 439 gendum
1255 406 1347 439 esset,
1373 413 1410 433 ne
1433 403 1508 442 quid
1523 403 1655 443 aggredi
1668 403 1824 434 auderent
1837 409 1902 433 tam
1921 403 1953 433 in
1974 402 2057 435 bello

1095 453 1190 481 quam
1220 444 1253 473 in
1285 454 1377 483 pace,
1406 445 1469 475 nisi
1493 445 1590 476 ductu
1614 457 1684 483 5110,
1717 451 1748 476 et
1771 446 1861 485 quasi
1896 446 2056 485 auspiciis.

1094 485 1226 525 Triplex
1246 492 1352 517 autem
1373 487 1433 517 suit
1452 499 1563 518 earum
1586 499 1671 525 usus,
1697 499 1811 528 nempe
1831 488 1985 528 populum
2006 489 2056 520 vel

1094 527 1190 557 duces
1213 539 1374 559 accersere
1398 530 1436 560 ad
1457 538 1636 561 conventus
1656 531 1810 571 publicos,
1836 542 1961 561 armare
1980 542 2056 562 con-

1094 575 1142 599 tra
1157 570 1270 607 hostes,
1295 572 1387 602 tertio
1407 572 1569 604 sacrificiis
1583 584 1618 604 ac
1632 573 1742 604 diebus
1756 573 1845 604 festis
1858 574 2054 612 praecinere.

1093 611 1207 643 Vidcri
1220 612 1347 652 quidem
1363 616 1464 653 potuit
1480 616 1558 646 illud
1579 616 1753 647 absurdum
1776 616 1823 646 vel
1844 617 1953 646 minus
1966 616 2057 648 deco-

1094 665 1182 693 rum,
1212 656 1392 687 sacerdotes
1414 668 1522 688 creare
1547 659 1721 695 tubicines,
1752 659 1826 698 quia
1854 659 1886 688 in
1908 659 1966 689 1100
1989 660 2056 690 offi-

1093 697 1141 727 cio
1166 698 1272 729 nullus
1296 704 1364 729 erat
1383 699 1533 738 splendor
1553 701 1602 731 vel
1623 700 1776 741 dignitas:
1801 700 1855 732 sed
1876 701 1976 732 voluit
1996 702 2055 733 hoc

1095 739 1188 770 modo
1212 745 1342 780 tangere
1368 743 1478 772 maiori
1502 745 1682 774 reverentia
1713 743 1820 783 populi
1850 744 1989 775 animos:
2019 749 2054 775 ut

1094 782 1217 813 cunctis
1255 784 1431 815 actionibus
1465 786 1605 824 praeiret
1644 785 1845 816 sacerdotum
1887 787 2053 818 autoritas.

1093 824 1205 864 Neque
1229 826 1312 855 00101
1338 827 1456 857 servile
1480 827 1542 859 illis
1567 839 1684 859 munus
1708 829 1888 860 iniunctum
1913 829 1988 866 fuit,
2020 834 2056 860 ut

1093 867 1197 898 alieno
1222 868 1354 899 arbitrio
1378 870 1471 900 tubas
1494 870 1660 901 inflarent:
1686 870 1741 902 sed
1765 871 1870 910 potius
1889 882 1943 902 eos
1962 882 2055 911 prae—

1094 910 1168 940 fecit
1202 910 1296 941 rebus
1332 911 1486 947 uerendis.
1522 923 1561 943 ne
1594 913 1681 952 plebs
1715 924 1807 944 caeco
1830 914 1969 954 impetu,
2005 914 2055 946 vel

1094 952 1307 989 festinatione,
1330 960 1510 985 conventus
1523 966 1596 986 suos
1610 957 1818 987 tumultuarie
1832 962 1950 997 ageret,
1974 957 2054 997 quin

1094 996 1200 1034 potius
1224 996 1288 1026 illic
1312 996 1448 1036 gradum
1473 1008 1565 1027 suum
1594 1004 1715 1028 teneret
1744 999 1913 1035 modestia,
1946 1001 2052 1039 gravi-

1095 1046 1151 1074 tas,
1176 1042 1207 1068 et
1230 1038 1413 1069 moderatio.
1439 1039 1566 1071 Scimus
1590 1041 1620 1070 in
1646 1041 1780 1080 negotiis
1806 1042 1941 1073 terrenis
1960 1052 2054 1082 saepe

1095 1080 1200 1110 Deum
1226 1092 1288 1111 nou
1313 1082 1445 1120 respici,
1477 1082 1531 1113 sed
1562 1083 1707 1122 neglecto
1735 1083 1805 1114 eius
1836 1083 1931 1115 verbo
1955 1086 2052 1115 confi-

1095 1122 1207 1153 denter
1230 1124 1344 1163 agitari
1366 1124 1504 1155 consilia.
1528 1125 1616 1165 Ergo
1636 1136 1691 1165 per
1714 1126 1894 1158 sacerdotes
1917 1131 2054 1159 testatus

1094 1171 1141 1195 051
1176 1166 1361 1196 maledictos
1389 1177 1458 1197 esse
1488 1178 1597 1198 omnes
1625 1174 1817 1205 conventus,
1848 1169 1910 1199 nisi
1939 1169 2054 1209 quibus

1094 1213 1265 1247 praeesset.
1311 1209 1506 1239 Habuerunt
1534 1210 1628 1240 etiam
1659 1211 1812 1250 profanae
1841 1216 1954 1251 gentes
1977 1223 2053 1244 51105

1094 1251 1184 1287 ritus,
1209 1256 1243 1281 111
1256 1252 1400 1291 auguria,
1421 1253 1628 1291 precationes,
1648 1254 1875 1294 aruspicinam,
1889 1255 2051 1286 victimas:

1094 1293 1167 1332 quia
1199 1299 1334 1325 naturae
1364 1305 1475 1325 sensus
1503 1295 1651 1331 dictabat,
1684 1296 1763 1326 1111111
1793 1306 1886 1335 Ῑ10550
1917 1297 2053 1328 feliciter

1094 1336 1214 1375 absque
1247 1346 1305 1375 ope
1339 1336 1448 1367 divina
1479 1338 1610 1368 tentari:
1650 1337 1704 1368 sed
1740 1338 1840 1369 voluit
1869 1339 1959 1370 Deus
1989 1339 2051 1371 alio

1094 1379 1188 1408 modo
1213 1379 1364 1418 populum
1388 1379 1447 1410 sibi
1471 1379 1657 1411 obstrictum
1683 1385 1800 1417 tenere,
1825 1385 1861 1411 ut
1888 1392 2051 1413 sacrarum

1094 1421 1243 1451 tubarum
1280 1422 1384 1452 sonitu
1419 1423 1509 1461 quasi
1541 1422 1714 1453 indictione
1748 1423 1877 1454 coelesti
1911 1431 2050 1463 vocatus,

1094 1470 1221 1502 praesto
1245 1464 1367 1495 adesset
1403 1465 1442 1495 ad
1476 1470 1601 1496 sanctas
1632 1465 1761 1505 piasque
1790 1466 2050 1499 consultationes.

1094 1505 1217 1536 Eodem
1241 1506 1404 1546 spectabat
1428 1507 1669 1538 circumstantia
1691 1508 1760 1539 loci.
1803 1508 1941 1540 Perinde
1964 1510 2050 1541 0111111

1093 1548 1156 1579 11115
1173 1555 1241 1579 erat
1260 1550 1376 1580 ostium
1401 1550 1598 1581 tabernaculi
1617 1561 1652 1581 ac
1672 1551 1698 1580 si
1717 1551 1748 1581 in
1763 1550 1824 1581 Dei
1844 1557 2049 1591 conspectum

1093 1602 1125 1622 sc
1139 1592 1300 1623 sisterent.
1326 1592 1375 1622 De
1389 1593 1545 1632 particula
1556 1599 1631 1627 'lym
1645 1592 1721 1623 alibi
1735 1593 1866 1625 dicetur.
1891 1594 2049 1633 Quamvis

1093 1634 1274 1665 condictum
1300 1639 1434 1674 tempus,
1460 1635 1508 1666 vel
1531 1635 1632 1666 locum
1657 1636 1834 1675 significet,
1866 1647 1901 1668 ac
1925 1643 2050 1669 coetum

1093 1677 1189 1707 etiam
1215 1677 1264 1708 vel
1288 1678 1472 1708 concionem
1496 1677 1614 1717 populi,
1644 1677 1781 1709 libenter
1803 1680 2050 1710 conventionem

1092 1720 1302 1759 interpretor:
1341 1720 1414 1760 quia
1447 1721 1535 1751 Deus
1568 1720 1632 1751 illic
1663 1720 1786 1751 solenni
1820 1732 1922 1758 more,
1959 1722 2051 1761 quasi

1092 1762 1175 1801 apud
1200 1773 1325 1793 sacrum
1351 1762 1501 1799 tribunal,
1527 1763 1680 1803 populum
1704 1769 1898 1795 contestatus
1922 1769 1979 1802 est,
2000 1764 2051 1796 vel

1092 1816 1130 1835 ex
1155 1804 1299 1836 condicto
1323 1805 1361 1835 ad
1386 1806 1609 1844 paciscendum
1634 1807 1796 1845 processit.
1820 1806 1931 1837 Noluit
1954 1808 2051 1838 etiam

1091 1848 1257 1887 praecipiti
1281 1848 1411 1887 impetu,
1447 1848 1496 1879 vel
1520 1847 1693 1879 ulciscendi
1718 1848 1850 1879 libidine
1874 1848 1956 1880 bella
1979 1860 2050 1880 sus-

1091 1891 1162 1929 cipi,
1197 1890 1251 1920 5011
1275 1890 1455 1921 sacerdotes
1479 1891 1637 1922 fecialium
1668 1891 1813 1930 partibus
1836 1890 1984 1932 defungi,
2015 1895 2050 1923 ut

1091 1934 1214 1972 primns
1248 1933 1314 1972 ipse
1338 1933 1502 1972 pugnandi
1524 1938 1616 1974 autor
1637 1938 1728 1964 esset.
1774 1933 1945 1964 Festorum
1975 1945 2050 1966 vero

1092 1976 1215 2006 dierum
1240 1986 1410 2015 praecones
1434 1986 1512 2011 esse,
1544 1981 1574 2006 et
1599 1976 1749 2015 populum
1773 1976 1870 2006 citare
1894 1976 1934 2007 ad
1957 1987 2048 2008 sauc-

1090 2019 1246 2055 tuarium,
1278 2017 1494 2049 sacerdotibus
1521 2018 1729 2048 honorificum
1750 2018 1819 2049 fuit.
1866 2018 1958 2049 Nunc
1977 2020 2052 2059 quia

1091 2066 1230 2091 mentem
1254 2061 1443 2100 legislatoris
1467 2065 1622 2097 tenemus,
1645 2071 1746 2100 pauca
1766 2061 1803 2091 de
1825 2061 1930 2092 verbis
1953 2062 2050 2093 attin-

1092 2115 1174 2143 gam.
1228 2104 1378 2134 Diximus
1409 2103 1588 2134 sacerdotes
1618 2103 1794 2142 clangendo
1828 2103 1925 2134 fuisse
1960 2105 2049 2144 quasi

1092 2147 1153 2176 Dei
1167 2157 1295 2185 organa,
1322 2146 1369 2176 vel
1383 2146 1586 2185 interpretes,
1611 2151 1645 2176 ut
1669 2146 1707 2176 ab
1729 2145 1796 2176 eius
1818 2156 1893 2177 voce
1913 2150 1944 2176 et
1962 2157 2051 2177 man-

1092 2189 1166 2219 dato
1191 2188 1366 2227 penderent
1390 2188 1564 2219 Israelitae.
1589 2188 1625 2218 Si
1643 2192 1768 2218 tantum
1788 2188 1923 2219 vocandi
1940 2194 2050 2220 essent

1092 2232 1252 2271 praefecti,
1272 2231 1321 2261 vel
1335 2230 1537 2267 chiliarchae,
1556 2231 1653 2261 semel
1668 2235 1791 2261 tantum
1805 2231 2011 2270 clangebant:
2022 2232 2049 2263 51

1092 2274 1275 2305 convocatio
1304 2278 1372 2304 erat
1403 2274 1498 2304 totius
1522 2273 1638 2312 populi,
1670 2272 1874 2312 duplicabant
1897 2275 2047 2305 sonitum.

1093 2316 1217 2347 Similis
1241 2317 1273 2346 10
1293 2316 1374 2346 110110
1398 2317 1566 2346 observata
1585 2315 1645 2346 fuit
1664 2315 1842 2351 diversitas,
1862 2320 1898 2346 ut
1918 2315 2048 2348 distinc-

1092 2364 1160 2389 tum
1185 2360 1313 2399 signum
1337 2359 1467 2389 daretur
1489 2359 1578 2389 cuius
1613 2358 1713 2397 partis
1744 2364 1868 2388 turmae
1900 2359 2049 2399 progredi

1093 2401 1256 2432 deberent.
1281 2401 1419 2439 Quidam
1445 2405 1580 2431 utuntur
1604 2401 1722 2431 factitio
1746 2402 1874 2430 nominc
1894 2401 2047 2432 'Pal-atan-

1093 2451 1170 2480 tara,
1192 2444 1243 2474 ubi
1265 2445 1418 2475 vertimus
1437 2454 1507 2474 cum
1520 2443 1724 2473 iubilatione:
1748 2443 1911 2482 probabile
1924 2450 1980 2479 est,
2001 2454 2049 2474 so—

1092 2487 1197 2517 nitum
1232 2487 1327 2518 fuisso
1362 2486 1647 2522 vehementiorem,
1683 2485 1873 2525 longiusque
1907 2491 2048 2525 protrac-

1093 2536 1170 2567 tum,
1194 2529 1247 2560 sed
1272 2529 1464 2559 intercisum.
1510 2527 1660 2559 Notanda
1694 2533 1800 2558 autem
1826 2538 1905 2567 quae
1936 2529 2049 2559 inseri-

1067 2605 1068 2612 ,
1093 2580 1146 2602 tur
1170 2573 1350 2612 promissio,
1383 2571 1546 2601 Israelitas
1578 2571 1642 2600 fore
1666 2570 1698 2600 in
1724 2581 1910 2600 memorlam
1941 2581 2048 2602 coram

1095 2615 1173 2651 Deo,
1209 2620 1244 2645 ut>
1278 2615 1384 2645 hostes
1418 2624 1526 2644 eorum
1562 2613 1722 2652 profliget:
1759 2623 1820 2643 non
1856 2612 1939 2652 quod
1962 2613 2049 2645 salus

1094 2658 1143 2688 vel
1169 2658 1312 2688 liberatio
1337 2656 1445 2696 populi
1468 2656 1565 2686 affixa
1587 2655 1670 2686 tubis
1694 2655 1798 2693 fuerit,
1832 2655 1887 2686 sed
1911 2656 1986 2695 quia
2009 2656 2051 2687 ad

1794 2705 1843 2730 24*
