2304 3034
117 192 179 223 277

119 295 198 316 vera
220 290 296 315 sunt
320 284 470 315 dicuntur
489 294 506 313 a
525 282 594 312 Deo
617 281 782 321 proficisci,
807 284 839 310 et
862 284 969 310 tamen
993 278 1078 309 idem

119 327 275 367 propheta
308 327 361 366 qui
396 336 508 357 verum
544 323 719 364 praedixit,
752 323 813 353 alia
846 323 881 352 in
912 327 1002 361 parte
1031 325 1080 351 est

118 370 283 409 impostor.
319 370 362 400 Et
382 369 412 399 in
434 368 543 408 primis
562 365 699 397 tenenda
713 371 760 395 est
776 365 867 395 Pauli
887 363 1078 395 admonitio:

120 412 204 451 Quia
228 412 354 451 reprobi
377 422 442 441 non
466 410 622 448 recipiunt
641 407 843 438 dilectionem
865 407 1019 443 veritatis,
1044 412 1079 436 ut

119 455 200 485 salvi
226 456 321 492 fiant,
345 453 449 484 Deum
474 452 600 482 mittere
630 450 803 480 efficaciam
836 449 1011 481 illusionis.
1044 453 1080 478 ut

119 496 253 529 credant
271 496 444 531 mendacio,
465 500 500 524 ut
518 492 707 527 iudicentur,
727 492 780 531 qui
798 502 861 522 uon
876 490 1080 522 erediderunt

120 540 260 576 veritati,
274 539 328 569 sed
349 537 565 577 approbarunt
587 535 776 565 iniustitiam
791 534 823 575 (L)
836 535 947 564 Thess.
968 534 996 570 2,
1018 533 1079 574 10).

120 582 207 613 Hine
231 582 380 612 docemur
403 589 466 610 non
491 584 614 608 tantum
640 577 740 607 laxari
765 576 907 607 Satanae
937 576 1080 607 habenas

120 625 159 655 ad
183 622 369 659 nocendum,
396 621 450 653 sed
475 620 592 651 armari
617 620 762 659 potentia
787 626 821 649 ut
845 619 1018 650 efficaciter
1041 618 1079 649 ad

119 671 298 698 extremum
330 664 495 695 interitum
528 662 679 701 reprobos
710 662 826 692 trahat.
873 662 962 691 Idem
995 672 1079 691 nunc

120 710 211 740 docet
230 709 344 739 Moses.
377 707 459 737 Nam
480 705 561 744 quod
582 705 620 734 de
640 705 740 744 signis
763 704 956 735 dissentiunt
981 705 1079 733 inter-

120 758 227 792 pretes
250 749 403 787 Hebraei,
439 747 529 778 nulla
550 748 674 778 ratione
706 747 827 777 nititur.
874 748 1007 777 Certum
1032 752 1081 776 est

120 793 264 825 adbibita
296 792 394 822 fuisse
429 791 521 829 signa
555 800 637 828 quae
670 790 832 820 vaticiniis
873 790 1079 819 autoritatem

119 837 327 876 acquirerent,
347 840 382 864 ut
395 844 492 872 quum
507 832 608 863 Isaias
622 832 726 863 nudus
739 833 870 862 incessit
885 831 959 872 (Isa.
975 832 1023 867 ΞΟ,
1039 831 1079 871 2),
1105 841 1107 853 ⁵

119 879 272 910 Ieremias
285 883 429 907 catenam
449 875 530 906 collo
544 875 649 905 induit
662 874 788 915 (lerem.
803 875 853 919 28,
869 874 935 915 10):
955 881 1078 904 certum

119 931 244 962 quoque
273 924 322 950 est
345 918 479 958 magicis
508 917 781 948 incantationibus
806 918 961 949 Satanam
987 927 1080 956 saepe
1106 934 1107 941 1

119 964 236 995 ludere.
259 961 323 992 Sed
338 972 401 992 non
415 961 525 991 dubito
539 960 617 1000 quin
631 971 686 1000 per
699 960 827 1000 signum
847 967 877 990 et
898 965 1079 999 portentum

119 1006 279 1045 intelligat
302 1003 489 1034 incredibile
513 1003 677 1042 quidpiam
702 1009 731 1033 et
756 1003 972 1042 inopinatum,
998 1002 1079 1041 quod

119 1049 158 1080 ad
191 1046 458 1088 praesagiendum
494 1046 609 1076 valeat.
654 1051 770 1078 Ε’ΠΞἺΌ
799 1050 914 1076 vocant
940 1045 1080 1075 Hebraei

119 1090 274 1122 miracula
296 1089 411 1129 quibus
424 1089 514 1119 Deus
537 1089 682 1118 futurum
708 1088 827 1127 aliquid
853 1087 1024 1127 portendit,
1045 1097 1081 1117 ac
1107 1100 1108 1116 1

118 1134 146 1164 si
169 1143 185 1163 e
208 1132 305 1163 coelis
335 1131 528 1170 loqueretur.
575 1131 769 1161 Generalius
800 1137 846 1160 est
874 1141 989 1160 nomeu
1015 1137 1080 1162 mx,

120 1219 253 1258 capitur.
288 1217 470 1256 Utrumque
490 1216 540 1247 hic
560 1217 699 1256 positum
723 1223 771 1246 est
795 1227 851 1255 pro
873 1216 973 1255 signis
996 1216 1080 1245 inso-

120 1261 195 1297 litis,
209 1270 290 1299 quae
303 1265 464 1290 testantur
478 1260 568 1298 quasi
590 1264 790 1298 praesentem
808 1258 866 1288 Dei
888 1259 1080 1298 potentiam:

121 1346 295 1385 discipulos
330 1352 361 1375 ut
398 1345 456 1375 sibi
499 1350 633 1375 caveant
667 1354 685 1374 a
718 1344 819 1384 signis
860 1348 891 1374 et
931 1343 1083 1382 prodigiis

123 1388 341 1420 mendacibus.
384 1388 453 1417 Etsi
479 1394 586 1417 autem
611 1387 719 1417 oculos
744 1387 876 1426 spectris
896 1387 1084 1426 perstringit

123 1431 239 1467 Satan,
279 1437 314 1461 ut
348 1430 427 1460 falsa
467 1430 680 1460 aemulatione
716 1430 774 1459 Dei
807 1429 943 1468 gloriam
978 1428 1016 1458 ad
1052 1439 1085 1458 se

122 1474 239 1511 trahat,
259 1473 461 1504 ostendimus
480 1479 588 1503 tamen
609 1483 646 1502 ex
662 1471 773 1509 Paulo,
793 1478 824 1501 et
843 1477 918 1502 ante
939 1471 1084 1501 narravit

122 1517 240 1552 Moses,
260 1516 450 1555 impostores
470 1516 500 1545 iu
521 1514 652 1545 edendis
667 1514 829 1545 miraculis
843 1526 911 1545 esse
925 1513 1085 1544 vindictae

123 1559 185 1590 Dei
209 1559 389 1594 ministros¹
422 1564 455 1588 ut
481 1558 597 1588 talibus
617 1558 739 1596 laqueis
758 1558 928 1596 capiantur
948 1557 1084 1597 reprobi.

124 1601 162 1634 Si
180 1602 250 1641 quis
271 1601 421 1641 excipiat,
445 1601 536 1641 signa
555 1601 654 1639 igitur
673 1600 739 1630 fore
758 1599 894 1635 inutilia,
919 1610 999 1639 quac
1020 1606 1083 1628 tam

125 1645 239 1676 noxiae
263 1648 398 1683 possunt
420 1654 489 1674 esse
513 1643 677 1682 decipulae
701 1653 795 1681 quam
823 1643 889 1672 veri
914 1642 1085 1673 coufirma—

124 1688 238 1722 tiones,
258 1685 445 1726 respondeo,
465 1697 628 1725 nunquam
649 1690 773 1715 tantum
794 1685 941 1715 licentiae
961 1684 1086 1715 diabolo

125 1729 255 1761 concedi
278 1729 355 1768 quin
379 1739 435 1768 per
458 1728 580 1759 medias
604 1728 753 1759 tenebras
784 1729 913 1758 tandem
944 1733 1087 1768 emergat

126 1772 183 1803 lux
207 1772 276 1803 Dei.
323 1771 498 1811 Continget
521 1782 604 1808 ergo,
630 1781 736 1801 veram
764 1770 823 1800 Dei
850 1771 1022 1809 potentiam
1048 1770 1086 1799 ad

127 1819 254 1854 tempus
283 1814 446 1844 obscurari
476 1813 571 1854 (quod
602 1818 678 1844 ante
717 1812 854 1843 vidimus
887 1814 917 1843 in
954 1812 1089 1843 historia

127 1856 318 1897 magorum.)
338 1856 392 1888 sed
412 1867 576 1896 nunquam
596 1856 757 1887 obruetur.
794 1856 842 1886 Ita
862 1856 894 1885 in
916 1855 1088 1892 miraculis,

129 1900 246 1940 quibus
268 1900 318 1930 lex
350 1900 411 1930 fuit
442 1900 581 1935 sancita,
612 1900 656 1929 sic
687 1899 810 1928 refulsit
841 1898 944 1937 gloria
969 1899 1029 1929 Dei
1054 1904 1089 1928 ut
1114 1921 1116 1925 .

129 1943 198 1973 sine
227 1941 425 1972 dubitatione
459 1942 554 1973 fidem
584 1941 666 1981 apud
702 1942 770 1980 pios
805 1941 981 1971 obtineant.
1035 1940 1089 1972 Sic

130 1991 222 2016 extra
262 1985 515 2016 controversiam
557 1991 631 2014 suut
673 1984 829 2014 miracula
871 1994 952 2022 quae
994 1983 1088 2014 fidem

129 2027 297 2068 evangelio
315 2027 493 2063 conciliant,
518 2028 591 2066 quia
611 2033 702 2057 notas
723 2037 797 2065 prae
820 2037 854 2057 se
878 2027 987 2057 ferunt
1010 2026 1090 2056 divi-

131 2071 217 2101 nitus
250 2070 440 2109 insculptas,
481 2070 597 2109 quibus
636 2070 739 2099 omnis
773 2070 916 2099 fallaciae
951 2070 1090 2108 suspicio

132 2112 223 2144 facile
242 2112 374 2143 tollitur.
409 2113 451 2143 Et
470 2122 555 2147 sane,
577 2118 609 2142 ut
629 2122 735 2142 crassa
756 2112 950 2142 hebetudine
970 2112 1091 2142 obsitae

133 2160 209 2185 sunt
231 2155 395 2185 hominum
420 2162 553 2191 montes,
578 2154 847 2194 quemadmodum
872 2155 903 2184 iu
928 2153 1090 2184 ordinario

134 2207 228 2228 cursu
255 2207 386 2237 operum
411 2199 469 2228 Dei
501 2199 699 2233 caecutiunt,
730 2198 773 2227 ita
803 2204 831 2227 et
864 2197 894 2227 in
927 2197 1091 2228 miraculis

127 2248 251 2278 semper
284 2241 349 2271 fere
382 2240 640 2273 hallucinantur,
683 2240 742 2270 nisi
777 2240 814 2269 ad
853 2240 1089 2270 discutiendam

127 2281 294 2320 caliginem
315 2282 446 2313 verbum
463 2284 521 2314 Dei
542 2282 754 2322 praefulgeat.
787 2283 873 2320 Ergo
894 2290 926 2312 ut
942 2282 972 2312 iu
988 2283 1089 2322 siguis

129 2323 188 2353 rite
208 2324 416 2372 proficiamus,
436 2325 607 2356 statuenda
620 2331 666 2355 est
681 2325 904 2364 inseparabilis
923 2325 1089 2355 doetrinae

128 2375 201 2396 cum
225 2376 324 2406 signis
347 2370 510 2399 connexio.

129 2407 293 2454 signorum
317 2416 483 2447 praetextu
508 2411 657 2450 pietatem
682 2418 826 2440 evertere
851 2410 970 2446 volent,
995 2421 1087 2450 repu-

129 2449 262 2480 diandos
285 2460 353 2481 esse
377 2451 479 2483 docet:
503 2454 574 2493 quia
600 2454 695 2492 impie
715 2460 743 2483 et
764 2453 918 2484 scelerate
939 2452 1089 2483 dividunt

129 2502 209 2531 quae
222 2492 310 2522 Deus
328 2494 502 2531 coniunxit,
525 2503 555 2525 et
580 2496 682 2533 signa,
706 2507 787 2535 quae
812 2502 965 2535 tanquam
987 2495 1086 2526 admi-

129 2534 235 2565 nicula
253 2538 357 2582 rectae
378 2535 539 2567 doetrinae
558 2538 774 2576 subserviunt,
794 2548 959 2578 perperam
982 2538 1086 2568 detor-

129 2582 228 2616 quent
251 2587 281 2606 1n
306 2579 497 2623 contrarium
523 2591 625 2611 usum.
660 2581 833 2620 Postquam
859 2587 965 2611 autem
990 2582 1086 2612 certis

130 2623 161 2649 et
184 2618 386 2650 evidentibus
409 2621 507 2661 signis
535 2623 702 2662 obsignata.
731 2624 836 2654 fuerat
865 2623 978 2661 religio
1002 2624 1087 2663 apud

841 186 1025 218 PRIMUM
1049 186 1367 217 PRAEOEPTUM.

557 2368 656 2398 Bet-te
686 2369 792 2407 itaque
818 2368 923 2398 Moses
949 2378 1001 2398 eos
1035 2369 1088 2407 qui
1113 2389 1115 2398 i

2031 183 2094 215 278

1132 278 1283 315 Iudaeos,
1311 279 1497 309 adventitiis
1526 278 1626 318 signis
1655 276 1822 308 attendere
1851 277 1898 307 fas
1927 286 1988 306 non
2013 281 2092 313 erat,

1131 331 1189 351 nee
1229 321 1357 352 carebat
1397 321 1483 361 turpi
1521 320 1763 360 ingratitudine.
1820 319 1913 350 Nunc
1948 324 2094 349 tenemus

1132 374 1290 394 summam
1317 365 1411 394 buius
1435 364 1501 401 loci,
1525 362 1797 404 perseverandum
1822 362 1945 393 scilicet
1967 371 2036 392 esse
2059 361 2093 391 in

1131 406 1226 436 unius
1251 406 1312 436 Dei
1343 406 1448 441 cultu,
1484 411 1519 436 ut
1549 416 1589 435 ne
1612 410 1740 436 ostenta
1762 404 1889 444 quidem
1914 404 1953 434 ad
1977 414 2092 435 concu-

1132 449 1256 479 tiendos
1281 449 1387 488 populi
1412 449 1534 479 animos
1559 447 1731 488 quidquam
1764 447 1905 477 habeant
1928 446 2093 477 momenti.

1132 491 1207 521 Ideo
1232 491 1373 521 notanda
1397 498 1445 521 est
1471 491 1643 531 particula:
1675 490 1764 529 Quos
1794 500 1857 519 non
1889 489 1988 519 nosti:
2019 489 2094 528 quia

1133 533 1291 573 siguificat
1320 534 1440 569 Moses,
1474 534 1590 564 certius
1614 537 1762 563 testatam
1788 542 1856 562 esse
1879 531 2006 562 Iudaeis
2031 531 2094 562 Dei

1132 587 1224 615 quem
1249 578 1355 607 colunt
1379 577 1528 616 gloriam,
1557 586 1649 615 quam
1674 581 1711 605 ut
1734 574 1931 605 deflectendo
1956 574 2017 605 huc
2041 573 2094 605 vel

1131 619 1208 650 illuc
1232 619 1422 649 excusabilis
1447 621 1485 649 sit
1510 629 1620 649 eorum
1646 619 1773 648 levitas:
1810 624 1904 656 atque
1929 617 1972 647 ita
1996 627 2094 656 oppo—

1134 662 1221 691 nitur
1245 662 1393 701 cognitio,
1417 672 1497 700 quae
1522 662 1623 691 infixa.
1646 671 1714 691 csse
1738 660 1873 690 debebat
1896 669 2005 689 eorum
2026 669 2096 689 cor-

1105 711 1107 739 j
1133 704 1241 739 dibus,
1263 711 1291 734 et
1314 704 1411 733 solide
1426 704 1598 734 subsistere
1611 703 1805 741 quibuslibet
1819 701 1936 732 diaboli
1951 702 2095 732 artificiis

1132 757 1212 785 quae
1237 752 1362 776 tantum
1386 747 1553 776 instabiles
1577 745 1765 785 percellunt.

1217 789 1246 819 3.
1281 790 1359 827 (juia
1390 791 1483 819 tentat
1514 799 1563 819 1⁴03
1594 788 1715 818 Ielmva..
1768 786 1925 817 Teutaudi
1960 787 2095 817 verbum

1133 832 1256 871 quoties·
1281 831 1350 861 Deo
1375 833 1536 865 tribuitur,
1562 842 1623 861 n‹›n
1648 835 1741 861 sonat·
1765 831 1796 859 in
1822 829 1938 859 malam
1963 835 2097 868 partem,

1134 885 1191 905 nec
1226 875 1365 904 sumitur
1405 885 1461 913 pro
1501 874 1651 903 insidiose
1683 879 1826 912 captare,
1862 871 1909 902 vel
1946 872 2093 902 fraudum

1132 918 1267 956 :incupia
1286 916 1416 946 tendere
1437 917 1473 947 ad
1495 917 1682 946 irretiendos
1701 915 1870 954 simplices,
1894 913 1949 945 sed
1969 920 2095 944 tautum

1133 971 1190 999 pro
1225 960 1420 990 examinare.
1474 959 1628 998 Explorat
1663 964 1768 987 autem
1806 958 1893 987 Deus
1926 956 2093 987 hominum

1134 1003 1244 1038 corda,
1278 1013 1339 1031 non
1372 1009 1406 1032 ut
1437 1001 1538 1032 discat
1565 1001 1645 1040 quod
1680 1001 1767 1039 prius
1797 1000 1858 1030 fuit
1884 1000 2094 1039 incognitum,

1133 1045 1187 1075 sed
1213 1052 1247 1075 ut
1271 1056 1303 1074 re
1326 1045 1395 1084 ipsa
1418 1044 1590 1083 patefaciat
1613 1042 1695 1082 quod
1714 1043 1818 1072 latuit.
1853 1042 1903 1072 Ita
1923 1043 1990 1073 eius
2004 1041 2096 1073 Scire

1134 1087 1171 1118 ad
1198 1088 1428 1127 experientiam
1459 1092 1584 1116 tautum
1617 1088 1763 1115 retertur.
1810 1085 1941 1123 Frigida
1966 1084 2095 1124 quidem

1107 1155 1108 1162 i
1135 1136 1182 1160 est
1207 1141 1242 1161 ac
1265 1130 1393 1170 spinosa
1416 1129 1588 1169 Augustini
1613 1128 1744 1161 solutio,
1769 1127 1812 1158 Ut
1835 1128 1929 1162 sciat,
1955 1127 2014 1158 hoc
2038 1132 2095 1165 est,

119 1176 193 1216 quia
216 1185 271 1214 pro
295 1174 424 1210 vexillo,
449 1173 499 1203 vel
520 1179 652 1209 tessera,
677 1173 726 1203 vel
751 1173 896 1214 symbolo
920 1172 1079 1203 interdum
1107 1176 1108 1182 ¹

1135 1173 1215 1203 scire
1247 1184 1302 1203 vos
1333 1173 1438 1203 faciat.
1492 1171 1555 1202 Sed
1591 1181 1687 1210 quum
1719 1169 1757 1200 ad
1789 1170 1891 1200 Deum
1927 1169 2095 1200 transferri

1137 1216 1293 1246 humanos
1323 1226 1435 1245 sensus
1466 1215 1583 1254 passim
1613 1214 1722 1243 tritum
1754 1213 1810 1249 sit,
1846 1212 1920 1251 quid
1944 1223 2024 1252 opus
2048 1218 2097 1244 est

1108 1287 1110 1296 ,
1138 1259 1234 1288 verba
1258 1264 1422 1297 torquere,
1452 1268 1531 1296 quae
1563 1256 1642 1286 nihil
1674 1256 1758 1285 aliud
1791 1255 1972 1294 significant.
1999 1265 2096 1294 quam

120 1314 182 1344 quo
216 1313 311 1333 sensu
347 1302 496 1332 admonet
528 1302 679 1332 Christus
713 1300 806 1340 (Mat.
838 1301 887 1334 24,
925 1300 975 1341 11)
1010 1310 1110 1332 suos,

1137 1302 1242 1331 Deum
1275 1301 1458 1340 explorare.
1490 1306 1521 1329 ut
1553 1310 1585 1328 re
1614 1299 1684 1337 ipsa
1713 1304 1822 1337 pateat.
1851 1297 1933 1336 quod
1963 1296 2095 1328 dubium

1137 1355 1205 1374 esse
1219 1343 1343 1383 potuit?
1366 1343 1418 1373 Sic
1438 1343 1576 1372 tentavit
1588 1342 1679 1371 Deus
1693 1340 1856 1370 Abraham
1871 1339 1968 1380 (Gen.
1983 1340 2033 1376 22,
2055 1340 2097 1381 1),

1109 1405 1111 1430 3
1138 1387 1212 1417 dum
1238 1386 1494 1425 experimentum
1526 1385 1558 1414 in
1584 1395 1617 1414 re
1645 1383 1725 1413 seria
1755 1384 1893 1422 sumpsit
1921 1382 1992 1413 fidei
2017 1383 2096 1420 eius,

1138 1430 1186 1460 vel
1208 1429 1415 1459 obedieutiae.
1451 1428 1562 1466 Neque
1582 1433 1689 1457 tameu
1703 1425 1776 1455 huic
1790 1425 2097 1465 seutentiaercpug-

1139 1478 1193 1502 nat
1224 1472 1305 1511 quod
1339 1482 1441 1510 nuper
1472 1470 1580 1509 attigi,
1615 1475 1646 1498 et
1676 1468 1803 1507 saepius
1835 1468 1967 1507 legitur,
1992 1468 2097 1498 Deum

1139 1517 1279 1545 Satanae
1303 1520 1331 1543 et
1357 1514 1526 1552 impiorum
1551 1522 1646 1551 opera
1670 1512 1715 1541 uti
1740 1510 1778 1540 ad
1800 1511 1999 1547 tentandum,
2023 1511 2098 1550 quia

1139 1557 1332 1597 spectandus
1373 1562 1420 1586 est
1458 1556 1530 1585 finis
1571 1554 1609 1584 ad
1650 1564 1742 1591 quem
1783 1553 1985 1592 probationes
2025 1563 2100 1584 suas

1140 1601 1259 1640 dirigit,
1286 1599 1368 1629 unde
1392 1598 1513 1637 patebit
1537 1597 1630 1636 longe
1654 1596 1773 1625 distare
1796 1596 1864 1626 eius
1888 1596 2055 1625 eonsilium
2081 1606 2099 1626 a

1141 1644 1281 1674 Satanae
1306 1641 1426 1672 malitia
1450 1646 1481 1671 et.
1504 1640 1593 1670 dolis.
1639 1639 1758 1669 Notatu
1788 1644 1892 1668 autem
1924 1638 2022 1677 digna
2051 1644 2100 1669 est

1140 1686 1218 1716 haec
1243 1685 1338 1719 ratio,
1369 1694 1449 1723 quae
1479 1682 1707 1713 absurditatem
1733 1687 1876 1711 rt-niovct
1899 1691 1961 1719 qua
1986 1681 2099 1711 terreri

1141 1729 1232 1759 facile
1256 1733 1325 1758 erat
1349 1726 1469 1757 debiles
1493 1726 1625 1755 animos.
1671 1723 1758 1754 Nihil
1787 1724 1871 1753 enim
1896 1723 2002 1754 minus
2025 1734 2100 1754 eon-

1141 1778 1331 1803 seutaneum
1357 1780 1449 1809 quam
1475 1774 1508 1798 ut
1532 1767 1665 1798 insultet
1690 1766 1758 1796 Deo
1783 1765 1900 1801 Satan,
1926 1770 1958 1795 et
1981 1766 2100 1797 inferos

1141 1814 1228 1845 coelo
1261 1813 1406 1845 misceat.
1439 1811 1486 1841 vel
1519 1810 1557 1840 ad
1589 1821 1621 1840 se
1652 1810 1782 1848 impune
1807 1809 1910 1847 rapiat
1932 1808 2013 1847 quod
2040 1809 2100 1839 Dei

1141 1857 1304 1897 proprium
1330 1860 1386 1885 cst.
1434 1855 1520 1893 Ergo
1545 1864 1582 1882 ne
1607 1852 1678 1881 talis
1702 1851 1888 1890 disceptatio
1912 1851 2010 1881 bonos
2035 1857 2101 1881 tor-

1141 1905 1237 1940 queat
1277 1909 1312 1929 ae
1354 1898 1478 1937 fatiget,
1520 1896 1570 1926 vel
1612 1894 1777 1934 perplexos
1812 1899 1932 1930 teneat,
1973 1898 2100 1924 mature

1141 1942 1281 1972 occurrit.
1301 1941 1416 1976 Moses,
1440 1939 1624 1970 admonens.
1648 1938 1750 1967 Deum
1772 1937 1895 1965 interea.
1914 1945 1976 1965 non
1996 1936 2102 1967 iacere

1142 1986 1279 2015 otiosum
1305 1983 1353 2013 vel
1380 1988 1531 2017 stertere,
1561 1980 1702 2019 deposita
1735 1979 1886 2009 ecclesiae
1915 1988 1990 2008 suae
2013 1989 2099 2016 cura,

1143 2027 1196 2058 sed
1221 2026 1366 2057 consulto
1398 2035 1508 2055 vocare
1533 2023 1570 2053 ad
1593 2032 1727 2052 examen
1757 2032 1850 2051 veros
1873 2021 2010 2051 cultores
2034 2022 2100 2061 pie-

1143 2071 1232 2107 tatis,
1256 2075 1291 2099 ut
1315 2069 1352 2099 ab
1377 2067 1553 2107 hypocritis
1576 2076 1628 2095 eos
1659 2064 1827 2094 discernat.
1872 2063 1908 2093 Id
1934 2069 2039 2093 autem
2066 2065 2100 2094 fit

1142 2114 1216 2144 dum
1242 2112 1397 2143 adversus
1423 2110 1633 2139 tentationum
1657 2107 1794 2137 insultus
1822 2110 2006 2136 constanter
2029 2117 2102 2146 per-

1143 2162 1231 2187 stant
1254 2156 1285 2185 in
1311 2160 1394 2184 recta
1418 2153 1489 2187 fide,
1514 2162 1615 2190 neque
1640 2150 1788 2179 labuntur
1812 2160 1827 2178 0
1851 2147 1961 2187 gradu.
2008 2148 2098 2179 Idem

1142 2205 1173 2229 et
1197 2198 1234 2228 dc
1258 2197 1351 2228 sectis
1376 2194 1564 2235 pronunciat
1590 2192 1760 2232 apostolus,
1787 2191 1965 2221 necessario
1989 2201 2042 2221 eas
2066 2192 2098 2222 in

1141 2241 1272 2272 eeclesia
1297 2249 1439 2279 surgere,
1464 2244 1497 2267 ut
1521 2236 1573 2275 qui
1598 2235 1718 2274 probati
1744 2240 1820 2264 suut
1840 2234 2001 2263 manifesti
2022 2234 2100 2264 fiant

1141 2284 1182 2325 (1.
1208 2284 1281 2314 Cor.
1309 2282 1356 2315 11,
1382 2281 1442 2319 19).
1489 2279 1597 2317 Quare
1627 2289 1686 2307 non
1717 2283 1763 2306 est
1787 2276 1895 2315 iniquo
1921 2275 2097 2314 ferendum,

1142 2337 1199 2357 nec
1228 2324 1475 2364 obstrependum
1503 2323 1570 2351 Deo
1594 2321 1619 2350 si
1651 2319 1723 2349 fidei
1755 2318 1985 2354 constantiam,
2017 2329 2098 2357 quae

1140 2380 1217 2400 ,mro
1241 2374 1271 2399 et
1296 2372 1428 2405 argemo
1452 2364 1621 2404 pretiosior
1639 2368 1695 2397 est,
1720 2362 1794 2401 igne
1813 2361 1950 2391 fornacis
1969 2361 2098 2399 probari

1140 2412 1235 2443 velit:
1267 2406 1433 2441 scdiusto
1463 2408 1530 2437 eius
1561 2405 1693 2435 consilio
1725 2404 1867 2434 modeste
1897 2404 2099 2441 acquiescere

1139 2459 1273 2495 oportet.
1322 2452 1357 2483 Si
1380 2452 1449 2491 quis
1481 2459 1591 2479 rursus
1621 2447 1764 2484 obiiciat,
1796 2456 1893 2485 quum
1926 2445 1995 2483 plus
2019 2447 2098 2477 satis

1141 2504 1214 2528 uota
1244 2498 1283 2526 sit
1316 2495 1482 2525 hominum
1515 2490 1728 2523 imbecillitas,
1767 2499 1878 2528 parum
1912 2488 2099 2519 humaniter

1141 2540 1246 2571 Deum
1282 2539 1397 2573 facere,
1432 2536 1506 2565 dum
1538 2544 1590 2563 ecs
1622 2532 1748 2563 subiicit
1779 2530 1964 2570 periculosis
1993 2536 2099 2561 teuta-

1140 2583 1295 2613 tionibus:
1321 2581 1351 2610 iu
1378 2584 1524 2619 promptu
1546 2580 1594 2605 est
1614 2574 1787 2614 responsio.
1822 2573 1943 2603 Fateor
1961 2573 2100 2612 quidem,

1140 2631 1177 2656 ut
1207 2630 1299 2655 tener
1329 2628 1375 2653 cst
1405 2620 1510 2651 caruis
1534 2625 1661 2648 nostrae
1684 2627 1812 2653 seusus,
1843 2615 1958 2646 durum
1985 2616 2044 2647 hoc
2068 2624 2100 2647 et

1852 2666 1900 2691 18*
