<?xml version="1.0" encoding="UTF-8"?>
<!DOCTYPE html PUBLIC "-//W3C//DTD XHTML 1.0 Transitional//EN"
    "http://www.w3.org/TR/xhtml1/DTD/xhtml1-transitional.dtd">
<html xmlns="http://www.w3.org/1999/xhtml" xml:lang="en" lang="en">
 <head>
  <title>
</title>
<meta http-equiv="Content-Type" content="text/html;charset=utf-8" />
  <meta name='ocr-system' content='tesseract 3.04.00' />
  <meta name='ocr-capabilities' content='ocr_page ocr_carea ocr_par ocr_line ocrx_word'/>
</head>
<body>
  <div class='ocr_page' id='page_1' title='image "./ioanniscalviniop24calv_0303.png"; bbox 0 0 2304 3034; ppageno 0'>
   <div class='ocr_carea' id='block_1_1' title="bbox 92 192 154 224">
    <p class='ocr_par' dir='ltr' id='par_1_1' title="bbox 92 192 154 224">
     <span class='ocr_line' id='line_1_1' title="bbox 92 192 154 224; baseline -0.016 0"><span class='ocrx_word' id='word_1_1' title='bbox 92 192 154 224; x_wconf 81' lang='lat'><em>585</em></span> 
     </span>
    </p>
   </div>
   <div class='ocr_carea' id='block_1_2' title="bbox 93 279 1056 529">
    <p class='ocr_par' dir='ltr' id='par_1_2' title="bbox 93 279 1056 529">
     <span class='ocr_line' id='line_1_2' title="bbox 93 279 1055 325; baseline -0.007 -8"><span class='ocrx_word' id='word_1_2' title='bbox 93 287 161 317; x_wconf 77' lang='lat' dir='ltr'><em>eius</em></span> <span class='ocrx_word' id='word_1_3' title='bbox 181 285 308 325; x_wconf 73' lang='lat' dir='ltr'><em>colliqes.</em></span> <span class='ocrx_word' id='word_1_4' title='bbox 353 284 381 315; x_wconf 85' lang='lat'><em>4.</em></span> <span class='ocrx_word' id='word_1_5' title='bbox 414 283 546 322; x_wconf 75' lang='lat' dir='ltr'><em>Septimo</em></span> <span class='ocrx_word' id='word_1_6' title='bbox 571 283 671 312; x_wconf 78' lang='lat' dir='ltr'><em>autem</em></span> <span class='ocrx_word' id='word_1_7' title='bbox 701 279 829 311; x_wconf 76' lang='lat' dir='ltr'><em>cessatio</em></span> <span class='ocrx_word' id='word_1_8' title='bbox 856 280 969 319; x_wconf 75' lang='lat' dir='ltr'><em>qnietis</em></span> <span class='ocrx_word' id='word_1_9' title='bbox 997 280 1055 311; x_wconf 74' lang='lat' dir='ltr'><em>erit</em></span> 
     </span>
     <span class='ocr_line' id='line_1_3' title="bbox 93 322 1055 365; baseline -0.008 -5"><span class='ocrx_word' id='word_1_10' title='bbox 93 331 210 365; x_wconf 80' lang='lat' dir='ltr'><em>terrae,</em></span> <span class='ocrx_word' id='word_1_11' title='bbox 243 327 426 358; x_wconf 77' lang='lat' dir='ltr'><em>Sabbatlmm</em></span> <span class='ocrx_word' id='word_1_12' title='bbox 450 324 594 355; x_wconf 81' lang='lat' dir='ltr'><em>Iehovae:</em></span> <span class='ocrx_word' id='word_1_13' title='bbox 622 333 733 362; x_wconf 75' lang='lat' dir='ltr'><em>ayrum</em></span> <span class='ocrx_word' id='word_1_14' title='bbox 762 325 849 353; x_wconf 76' lang='lat' dir='ltr'><em>tuum</em></span> <span class='ocrx_word' id='word_1_15' title='bbox 878 332 938 353; x_wconf 82' lang='lat' dir='ltr'><em>non</em></span> <span class='ocrx_word' id='word_1_16' title='bbox 965 322 1055 353; x_wconf 85' lang='lat' dir='ltr'><em>semi—</em></span> 
     </span>
     <span class='ocr_line' id='line_1_4' title="bbox 94 365 1055 407; baseline -0.008 -5"><span class='ocrx_word' id='word_1_17' title='bbox 94 371 199 407; x_wconf 80' lang='lat' dir='ltr'><em>nabis,</em></span> <span class='ocrx_word' id='word_1_18' title='bbox 234 380 287 400; x_wconf 84' lang='lat' dir='ltr'><em>nec</em></span> <span class='ocrx_word' id='word_1_19' title='bbox 318 370 438 400; x_wconf 78' lang='lat' dir='ltr'><em>vineam</em></span> <span class='ocrx_word' id='word_1_20' title='bbox 465 366 597 407; x_wconf 78' lang='lat' dir='ltr'><em>putabis.</em></span> <span class='ocrx_word' id='word_1_21' title='bbox 643 365 671 395; x_wconf 85' lang='lat'><em>5.</em></span> <span class='ocrx_word' id='word_1_22' title='bbox 706 365 790 404; x_wconf 77' lang='lat' dir='ltr'><em>Quae</em></span> <span class='ocrx_word' id='word_1_23' title='bbox 820 368 923 403; x_wconf 72' lang='lat' dir='ltr'><em>sponte</em></span> <span class='ocrx_word' id='word_1_24' title='bbox 953 365 1055 404; x_wconf 73' lang='lat' dir='ltr'><em>yiynet</em></span> 
     </span>
     <span class='ocr_line' id='line_1_5' title="bbox 94 407 1056 446; baseline -0.007 -2"><span class='ocrx_word' id='word_1_25' title='bbox 94 416 177 444; x_wconf 78' lang='lat' dir='ltr'><em>terra</em></span> <span class='ocrx_word' id='word_1_26' title='bbox 196 413 229 443; x_wconf 77' lang='lat' dir='ltr'><em>in.</em></span> <span class='ocrx_word' id='word_1_27' title='bbox 247 421 341 442; x_wconf 86' lang='lat' dir='ltr'><em>messe</em></span> <span class='ocrx_word' id='word_1_28' title='bbox 358 413 409 441; x_wconf 79' lang='lat' dir='ltr'><em>tua</em></span> <span class='ocrx_word' id='word_1_29' title='bbox 429 419 490 440; x_wconf 86' lang='lat' dir='ltr'><em>non</em></span> <span class='ocrx_word' id='word_1_30' title='bbox 507 410 605 444; x_wconf 75' lang='lat' dir='ltr'><em>metes,</em></span> <span class='ocrx_word' id='word_1_31' title='bbox 625 409 652 437; x_wconf 80' lang='lat' dir='ltr'><em>et</em></span> <span class='ocrx_word' id='word_1_32' title='bbox 668 417 747 438; x_wconf 77' lang='lat' dir='ltr'><em>uvas</em></span> <span class='ocrx_word' id='word_1_33' title='bbox 760 407 968 446; x_wconf 77' lang='lat' dir='ltr'><em>possessionis</em></span> <span class='ocrx_word' id='word_1_34' title='bbox 985 410 1056 438; x_wconf 72' lang='lat' dir='ltr'><em>tuae</em></span> 
     </span>
     <span class='ocr_line' id='line_1_6' title="bbox 93 449 1056 488; baseline -0.006 -2"><span class='ocrx_word' id='word_1_35' title='bbox 93 465 153 486; x_wconf 82' lang='lat' dir='ltr'><em>non</em></span> <span class='ocrx_word' id='word_1_36' title='bbox 165 453 378 485; x_wconf 74' lang='lat' dir='ltr'><em>vindemiabis:</em></span> <span class='ocrx_word' id='word_1_37' title='bbox 395 460 494 482; x_wconf 81' lang='lat' dir='ltr'><em>annus</em></span> <span class='ocrx_word' id='word_1_38' title='bbox 512 450 592 481; x_wconf 84' lang='lat' dir='ltr'><em>enim</em></span> <span class='ocrx_word' id='word_1_39' title='bbox 611 449 724 488; x_wconf 68' lang='lat' dir='ltr'><em>quietis</em></span> <span class='ocrx_word' id='word_1_40' title='bbox 741 452 840 481; x_wconf 77' lang='lat' dir='ltr'><em>terrae</em></span> <span class='ocrx_word' id='word_1_41' title='bbox 857 451 909 480; x_wconf 78' lang='lat' dir='ltr'><em>est.</em></span> <span class='ocrx_word' id='word_1_42' title='bbox 944 450 973 480; x_wconf 88' lang='grc'><em>6.</em></span> <span class='ocrx_word' id='word_1_43' title='bbox 995 449 1056 480; x_wconf 78' lang='lat' dir='ltr'><em>Sed</em></span> 
     </span>
     <span class='ocr_line' id='line_1_7' title="bbox 94 492 1054 529; baseline -0.006 -1"><span class='ocrx_word' id='word_1_44' title='bbox 94 500 181 528; x_wconf 72' lang='lat' dir='ltr'><em>erunt</em></span> <span class='ocrx_word' id='word_1_45' title='bbox 210 496 292 528; x_wconf 86' lang='lat' dir='ltr'><em>vobis</em></span> <span class='ocrx_word' id='word_1_46' title='bbox 314 496 346 526; x_wconf 75' lang='lat' dir='ltr'><em>in</em></span> <span class='ocrx_word' id='word_1_47' title='bbox 368 494 478 529; x_wconf 81' lang='lat' dir='ltr'><em>eibum,</em></span> <span class='ocrx_word' id='word_1_48' title='bbox 506 492 561 523; x_wconf 76' lang='lat' dir='ltr'><em>tibi</em></span> <span class='ocrx_word' id='word_1_49' title='bbox 589 494 615 523; x_wconf 76' lang='lat' dir='ltr'><em>et</em></span> <span class='ocrx_word' id='word_1_50' title='bbox 643 501 728 522; x_wconf 82' lang='lat' dir='ltr'><em>servo</em></span> <span class='ocrx_word' id='word_1_51' title='bbox 757 494 822 529; x_wconf 77' lang='lat' dir='ltr'><em>tuo,</em></span> <span class='ocrx_word' id='word_1_52' title='bbox 855 492 1004 529; x_wconf 80' lang='lat' dir='ltr'><em>ancillae,</em></span> <span class='ocrx_word' id='word_1_53' title='bbox 1027 494 1054 522; x_wconf 76' lang='lat' dir='ltr'><em>et</em></span> 
     </span>
    </p>
   </div>
   <div class='ocr_carea' id='block_1_3' title="bbox 94 534 1069 575">
    <p class='ocr_par' dir='ltr' id='par_1_3' title="bbox 94 534 1069 575">
     <span class='ocr_line' id='line_1_8' title="bbox 94 534 1069 575; baseline -0.007 -4"><span class='ocrx_word' id='word_1_54' title='bbox 94 540 289 575; x_wconf 81' lang='lat' dir='ltr'><em>mercenario,</em></span> <span class='ocrx_word' id='word_1_55' title='bbox 313 540 339 568; x_wconf 79' lang='lat' dir='ltr'><em>et</em></span> <span class='ocrx_word' id='word_1_56' title='bbox 360 535 512 574; x_wconf 79' lang='lat' dir='ltr'><em>inquilino</em></span> <span class='ocrx_word' id='word_1_57' title='bbox 534 537 584 565; x_wconf 79' lang='lat' dir='ltr'><em>tuo</em></span> <span class='ocrx_word' id='word_1_58' title='bbox 606 534 660 573; x_wconf 74' lang='lat' dir='ltr'><em>qui</em></span> <span class='ocrx_word' id='word_1_59' title='bbox 676 535 897 574; x_wconf 71' lang='lat' dir='ltr'><em>pereyrinatur</em></span> <span class='ocrx_word' id='word_1_60' title='bbox 915 535 1000 573; x_wconf 75' lang='lat' dir='ltr'><em>apud</em></span> <span class='ocrx_word' id='word_1_61' title='bbox 1018 536 1069 572; x_wconf 53' lang='lat' dir='ltr'><em>te„</em></span> 
     </span>
    </p>
   </div>
   <div class='ocr_carea' id='block_1_4' title="bbox 93 577 1054 660">
    <p class='ocr_par' dir='ltr' id='par_1_4' title="bbox 93 577 1054 660">
     <span class='ocr_line' id='line_1_9' title="bbox 95 577 1054 618; baseline -0.006 -5"><span class='ocrx_word' id='word_1_62' title='bbox 95 582 123 613; x_wconf 85' lang='lat'><em>7.</em></span> <span class='ocrx_word' id='word_1_63' title='bbox 148 581 297 612; x_wconf 78' lang='lat' dir='ltr'><em>lumentis</em></span> <span class='ocrx_word' id='word_1_64' title='bbox 318 588 432 618; x_wconf 78' lang='lat' dir='ltr'><em>qnoque</em></span> <span class='ocrx_word' id='word_1_65' title='bbox 455 577 518 607; x_wconf 81' lang='lat' dir='ltr'><em>tuis</em></span> <span class='ocrx_word' id='word_1_66' title='bbox 545 580 570 608; x_wconf 76' lang='lat' dir='ltr'><em>et</em></span> <span class='ocrx_word' id='word_1_67' title='bbox 594 577 757 615; x_wconf 67' lang='lat' dir='ltr'><em>pecoribus</em></span> <span class='ocrx_word' id='word_1_68' title='bbox 784 579 883 607; x_wconf 79' lang='lat' dir='ltr'><em>terrae</em></span> <span class='ocrx_word' id='word_1_69' title='bbox 905 579 975 607; x_wconf 75' lang='lat' dir='ltr'><em>tuae</em></span> <span class='ocrx_word' id='word_1_70' title='bbox 997 577 1054 607; x_wconf 76' lang='lat' dir='ltr'><em>erit</em></span> 
     </span>
     <span class='ocr_line' id='line_1_10' title="bbox 93 618 667 660; baseline -0.01 -5"><span class='ocrx_word' id='word_1_71' title='bbox 93 627 217 655; x_wconf 73' lang='lat' dir='ltr'><em>cunctus</em></span> <span class='ocrx_word' id='word_1_72' title='bbox 238 623 304 653; x_wconf 82' lang='lat' dir='ltr'><em>eius</em></span> <span class='ocrx_word' id='word_1_73' title='bbox 319 622 483 660; x_wconf 74' lang='lat' dir='ltr'><em>proventus</em></span> <span class='ocrx_word' id='word_1_74' title='bbox 504 619 538 650; x_wconf 75' lang='lat' dir='ltr'><em>in</em></span> <span class='ocrx_word' id='word_1_75' title='bbox 559 618 667 650; x_wconf 78' lang='lat' dir='ltr'><em>eibum.</em></span> 
     </span>
    </p>
   </div>
   <div class='ocr_carea' id='block_1_5' title="bbox 343 786 791 820">
    <p class='ocr_par' dir='ltr' id='par_1_5' title="bbox 343 786 791 820">
     <span class='ocr_line' id='line_1_11' title="bbox 343 786 791 820; baseline -0.007 0"><span class='ocrx_word' id='word_1_76' title='bbox 343 788 406 820; x_wconf 86' lang='lat' dir='ltr'><em>EX</em></span> <span class='ocrx_word' id='word_1_77' title='bbox 429 787 592 819; x_wconf 88' lang='lat' dir='ltr'>EODEM</span> <span class='ocrx_word' id='word_1_78' title='bbox 616 786 791 818; x_wconf 80' lang='lat' dir='ltr'><strong>CAPITE.</strong></span> 
     </span>
    </p>
   </div>
   <div class='ocr_carea' id='block_1_6' title="bbox 90 872 1050 1119">
    <p class='ocr_par' dir='ltr' id='par_1_6' title="bbox 90 872 1050 1119">
     <span class='ocr_line' id='line_1_12' title="bbox 176 872 1048 913; baseline -0.003 -7"><span class='ocrx_word' id='word_1_79' title='bbox 176 875 224 906; x_wconf 82' lang='lat'><em>20.</em></span> <span class='ocrx_word' id='word_1_80' title='bbox 247 873 330 913; x_wconf 74' lang='lat' dir='ltr'><em>Quod</em></span> <span class='ocrx_word' id='word_1_81' title='bbox 348 874 378 903; x_wconf 83' lang='lat' dir='ltr'><em>si</em></span> <span class='ocrx_word' id='word_1_82' title='bbox 395 873 556 903; x_wconf 69' lang='lat' dir='ltr'><em>dixeritis:</em></span> <span class='ocrx_word' id='word_1_83' title='bbox 577 872 658 911; x_wconf 78' lang='lat' dir='ltr'><em>Quid</em></span> <span class='ocrx_word' id='word_1_84' title='bbox 677 872 802 903; x_wconf 79' lang='lat' dir='ltr'><em>edemus</em></span> <span class='ocrx_word' id='word_1_85' title='bbox 818 882 899 903; x_wconf 87' lang='lat' dir='ltr'><em>anno</em></span> <span class='ocrx_word' id='word_1_86' title='bbox 911 873 1048 911; x_wconf 75' lang='lat' dir='ltr'><em>septimo,</em></span> 
     </span>
     <span class='ocr_line' id='line_1_13' title="bbox 92 915 1049 957; baseline -0.004 -7"><span class='ocrx_word' id='word_1_87' title='bbox 92 920 122 950; x_wconf 85' lang='lat' dir='ltr'><em>si</em></span> <span class='ocrx_word' id='word_1_88' title='bbox 141 927 232 957; x_wconf 81' lang='lat' dir='ltr'><em>neque</em></span> <span class='ocrx_word' id='word_1_89' title='bbox 253 915 479 951; x_wconf 46' lang='lat' dir='ltr'><em>seminabimus</em></span> <span class='ocrx_word' id='word_1_90' title='bbox 503 925 555 945; x_wconf 79' lang='lat' dir='ltr'><em>nec</em></span> <span class='ocrx_word' id='word_1_91' title='bbox 578 915 752 954; x_wconf 74' lang='lat' dir='ltr'><em>colliyemus</em></span> <span class='ocrx_word' id='word_1_92' title='bbox 772 915 881 955; x_wconf 74' lang='lat' dir='ltr'><em>fruyes</em></span> <span class='ocrx_word' id='word_1_93' title='bbox 902 916 1049 946; x_wconf 78' lang='lat' dir='ltr'><em>nostras?</em></span> 
     </span>
     <span class='ocr_line' id='line_1_14' title="bbox 91 957 1050 1000; baseline -0.004 -8"><span class='ocrx_word' id='word_1_94' title='bbox 91 962 140 992; x_wconf 80' lang='lat'><em>21.</em></span> <span class='ocrx_word' id='word_1_95' title='bbox 165 960 230 1000; x_wconf 74' lang='lat' dir='ltr'><em>Eyo</em></span> <span class='ocrx_word' id='word_1_96' title='bbox 251 958 400 989; x_wconf 78' lang='lat' dir='ltr'><em>mandabo</em></span> <span class='ocrx_word' id='word_1_97' title='bbox 422 957 654 988; x_wconf 76' lang='lat' dir='ltr'><em>benedictionem</em></span> <span class='ocrx_word' id='word_1_98' title='bbox 676 967 775 988; x_wconf 82' lang='lat' dir='ltr'><em>meam</em></span> <span class='ocrx_word' id='word_1_99' title='bbox 798 968 879 988; x_wconf 83' lang='lat' dir='ltr'><em>anno</em></span> <span class='ocrx_word' id='word_1_100' title='bbox 901 961 998 994; x_wconf 72' lang='lat' dir='ltr'><em>sexto,</em></span> <span class='ocrx_word' id='word_1_101' title='bbox 1023 961 1050 989; x_wconf 75' lang='lat' dir='ltr'><em>et</em></span> 
     </span>
     <span class='ocr_line' id='line_1_15' title="bbox 91 999 1050 1041; baseline -0.004 -6"><span class='ocrx_word' id='word_1_102' title='bbox 91 1004 153 1035; x_wconf 76' lang='lat' dir='ltr'><em>edet</em></span> <span class='ocrx_word' id='word_1_103' title='bbox 173 1003 353 1041; x_wconf 75' lang='lat' dir='ltr'><em>proventum</em></span> <span class='ocrx_word' id='word_1_104' title='bbox 382 1000 482 1030; x_wconf 76' lang='lat' dir='ltr'><em>tribus</em></span> <span class='ocrx_word' id='word_1_105' title='bbox 511 1001 610 1030; x_wconf 83' lang='lat' dir='ltr'><em>annis.</em></span> <span class='ocrx_word' id='word_1_106' title='bbox 657 1000 706 1030; x_wconf 78' lang='lat'><em>22.</em></span> <span class='ocrx_word' id='word_1_107' title='bbox 740 999 941 1031; x_wconf 82' lang='lat' dir='ltr'><em>Seminabitis</em></span> <span class='ocrx_word' id='word_1_108' title='bbox 968 1010 1050 1031; x_wconf 83' lang='lat' dir='ltr'><em>anno</em></span> 
     </span>
     <span class='ocr_line' id='line_1_16' title="bbox 90 1043 1050 1082; baseline -0.004 -5"><span class='ocrx_word' id='word_1_109' title='bbox 90 1048 206 1077; x_wconf 78' lang='lat' dir='ltr'><em>octavo:</em></span> <span class='ocrx_word' id='word_1_110' title='bbox 235 1043 390 1075; x_wconf 76' lang='lat' dir='ltr'><em>comedetis</em></span> <span class='ocrx_word' id='word_1_111' title='bbox 419 1045 518 1073; x_wconf 78' lang='lat' dir='ltr'><em>tamen</em></span> <span class='ocrx_word' id='word_1_112' title='bbox 549 1052 563 1073; x_wconf 84' lang='lat' dir='ltr'><em>e</em></span> <span class='ocrx_word' id='word_1_113' title='bbox 583 1044 732 1081; x_wconf 77' lang='lat' dir='ltr'><em>proventu</em></span> <span class='ocrx_word' id='word_1_114' title='bbox 761 1043 853 1073; x_wconf 76' lang='lat' dir='ltr'><em>veteri</em></span> <span class='ocrx_word' id='word_1_115' title='bbox 883 1053 979 1082; x_wconf 78' lang='lat' dir='ltr'><em>usque</em></span> <span class='ocrx_word' id='word_1_116' title='bbox 1009 1043 1050 1074; x_wconf 77' lang='lat' dir='ltr'><em>ad</em></span> 
     </span>
     <span class='ocr_line' id='line_1_17' title="bbox 90 1085 1048 1119; baseline -0.003 0"><span class='ocrx_word' id='word_1_117' title='bbox 90 1097 203 1119; x_wconf 79' lang='lat' dir='ltr'><em>annum</em></span> <span class='ocrx_word' id='word_1_118' title='bbox 224 1096 350 1117; x_wconf 79' lang='lat' dir='ltr'><em>nonum.-</em></span> <span class='ocrx_word' id='word_1_119' title='bbox 372 1085 462 1116; x_wconf 77' lang='lat' dir='ltr'><em>donee</em></span> <span class='ocrx_word' id='word_1_120' title='bbox 484 1094 562 1115; x_wconf 81' lang='lat' dir='ltr'><em>nova</em></span> <span class='ocrx_word' id='word_1_121' title='bbox 580 1088 748 1116; x_wconf 80' lang='lat' dir='ltr'><em>nascantur</em></span> <span class='ocrx_word' id='word_1_122' title='bbox 765 1086 922 1117; x_wconf 81' lang='lat' dir='ltr'><em>comedetis</em></span> <span class='ocrx_word' id='word_1_123' title='bbox 940 1087 1048 1116; x_wconf 77' lang='lat' dir='ltr'><em>vetera.</em></span> 
     </span>
    </p>
   </div>
   <div class='ocr_carea' id='block_1_7' title="bbox 85 1169 1049 2662">
    <p class='ocr_par' dir='ltr' id='par_1_7' title="bbox 85 1169 1049 2662">
     <span class='ocr_line' id='line_1_18' title="bbox 171 1169 1048 1207; baseline -0.001 -5"><span class='ocrx_word' id='word_1_124' title='bbox 171 1171 275 1202; x_wconf 80' lang='lat' dir='ltr'><em>Exodi</em></span> <span class='ocrx_word' id='word_1_125' title='bbox 309 1171 358 1207; x_wconf 74' lang='lat'><em>23,</em></span> <span class='ocrx_word' id='word_1_126' title='bbox 391 1170 439 1201; x_wconf 89' lang='lat'><em>10.</em></span> <span class='ocrx_word' id='word_1_127' title='bbox 477 1169 538 1201; x_wconf 72' lang='lat' dir='ltr'><em>Sex</em></span> <span class='ocrx_word' id='word_1_128' title='bbox 571 1170 663 1200; x_wconf 81' lang='lat' dir='ltr'><em>annis</em></span> <span class='ocrx_word' id='word_1_129' title='bbox 695 1179 778 1201; x_wconf 86' lang='lat' dir='ltr'><em>seres</em></span> <span class='ocrx_word' id='word_1_130' title='bbox 809 1173 925 1201; x_wconf 82' lang='lat' dir='ltr'><em>terram</em></span> <span class='ocrx_word' id='word_1_131' title='bbox 954 1172 1048 1201; x_wconf 80' lang='lat' dir='ltr'><em>tuam.</em></span> 
     </span>
     <span class='ocr_line' id='line_1_19' title="bbox 88 1212 1048 1254; baseline -0.003 -8"><span class='ocrx_word' id='word_1_132' title='bbox 88 1214 240 1254; x_wconf 86' lang='lat' dir='ltr'><em>Sequitur</em></span> <span class='ocrx_word' id='word_1_133' title='bbox 263 1214 344 1244; x_wconf 89' lang='lat' dir='ltr'><em>alter</em></span> <span class='ocrx_word' id='word_1_134' title='bbox 368 1212 622 1250; x_wconf 84' lang='lat' dir='ltr'><em>sabbathismus,</em></span> <span class='ocrx_word' id='word_1_135' title='bbox 657 1222 773 1252; x_wconf 80' lang='lat' dir='ltr'><em>nempe</em></span> <span class='ocrx_word' id='word_1_136' title='bbox 807 1223 979 1250; x_wconf 88' lang='lat' dir='ltr'><em>annorum,</em></span> <span class='ocrx_word' id='word_1_137' title='bbox 1015 1213 1048 1243; x_wconf 93' lang='lat' dir='ltr'><em>in</em></span> 
     </span>
     <span class='ocr_line' id='line_1_20' title="bbox 87 1255 1048 1295; baseline -0.002 -7"><span class='ocrx_word' id='word_1_138' title='bbox 87 1262 190 1288; x_wconf 89' lang='lat' dir='ltr'><em>terrae</em></span> <span class='ocrx_word' id='word_1_139' title='bbox 224 1256 358 1287; x_wconf 87' lang='lat' dir='ltr'><em>cultura.</em></span> <span class='ocrx_word' id='word_1_140' title='bbox 416 1255 508 1287; x_wconf 82' lang='lat' dir='ltr'><em>Sicut</em></span> <span class='ocrx_word' id='word_1_141' title='bbox 542 1256 628 1285; x_wconf 88' lang='lat' dir='ltr'><em>enim</em></span> <span class='ocrx_word' id='word_1_142' title='bbox 669 1256 804 1295; x_wconf 90' lang='lat' dir='ltr'><em>septimo</em></span> <span class='ocrx_word' id='word_1_143' title='bbox 838 1265 964 1295; x_wconf 90' lang='lat' dir='ltr'><em>quoque</em></span> <span class='ocrx_word' id='word_1_144' title='bbox 998 1255 1048 1286; x_wconf 88' lang='lat' dir='ltr'><em>die</em></span> 
     </span>
     <span class='ocr_line' id='line_1_21' title="bbox 86 1297 1046 1340; baseline -0.001 -10"><span class='ocrx_word' id='word_1_145' title='bbox 86 1299 291 1340; x_wconf 80' lang='lat' dir='ltr'><em>quiescebant</em></span> <span class='ocrx_word' id='word_1_146' title='bbox 321 1299 468 1329; x_wconf 88' lang='lat' dir='ltr'><em>homines</em></span> <span class='ocrx_word' id='word_1_147' title='bbox 493 1302 523 1329; x_wconf 89' lang='lat' dir='ltr'><em>et</em></span> <span class='ocrx_word' id='word_1_148' title='bbox 553 1297 713 1335; x_wconf 89' lang='lat' dir='ltr'><em>iumenta,</em></span> <span class='ocrx_word' id='word_1_149' title='bbox 742 1299 787 1330; x_wconf 86' lang='lat' dir='ltr'><em>sic</em></span> <span class='ocrx_word' id='word_1_150' title='bbox 810 1299 900 1329; x_wconf 88' lang='lat' dir='ltr'><em>Deus</em></span> <span class='ocrx_word' id='word_1_151' title='bbox 923 1308 1046 1329; x_wconf 89' lang='lat' dir='ltr'><em>annum</em></span> 
     </span>
     <span class='ocr_line' id='line_1_22' title="bbox 86 1341 1047 1382; baseline -0.002 -8"><span class='ocrx_word' id='word_1_152' title='bbox 86 1342 256 1382; x_wconf 88' lang='lat' dir='ltr'><em>septimum</em></span> <span class='ocrx_word' id='word_1_153' title='bbox 281 1341 381 1381; x_wconf 82' lang='lat' dir='ltr'><em>quieti</em></span> <span class='ocrx_word' id='word_1_154' title='bbox 401 1346 505 1372; x_wconf 89' lang='lat' dir='ltr'><em>terrae</em></span> <span class='ocrx_word' id='word_1_155' title='bbox 525 1341 683 1380; x_wconf 87' lang='lat' dir='ltr'><em>praefixit.</em></span> <span class='ocrx_word' id='word_1_156' title='bbox 719 1341 820 1372; x_wconf 92' lang='lat' dir='ltr'><em>Prout</em></span> <span class='ocrx_word' id='word_1_157' title='bbox 838 1351 1047 1381; x_wconf 88' lang='lat' dir='ltr'><em>unaquaeque</em></span> 
     </span>
     <span class='ocr_line' id='line_1_23' title="bbox 85 1383 1047 1425; baseline -0.001 -10"><span class='ocrx_word' id='word_1_158' title='bbox 85 1385 173 1425; x_wconf 88' lang='lat' dir='ltr'><em>regio</em></span> <span class='ocrx_word' id='word_1_159' title='bbox 195 1384 246 1415; x_wconf 86' lang='lat' dir='ltr'><em>vel</em></span> <span class='ocrx_word' id='word_1_160' title='bbox 271 1384 404 1415; x_wconf 86' lang='lat' dir='ltr'><em>feracior</em></span> <span class='ocrx_word' id='word_1_161' title='bbox 427 1389 476 1415; x_wconf 84' lang='lat' dir='ltr'><em>est</em></span> <span class='ocrx_word' id='word_1_162' title='bbox 495 1383 545 1414; x_wconf 91' lang='lat' dir='ltr'><em>vel</em></span> <span class='ocrx_word' id='word_1_163' title='bbox 566 1383 670 1423; x_wconf 88' lang='lat' dir='ltr'><em>magis</em></span> <span class='ocrx_word' id='word_1_164' title='bbox 688 1384 787 1420; x_wconf 88' lang='lat' dir='ltr'><em>arida,</em></span> <span class='ocrx_word' id='word_1_165' title='bbox 810 1384 856 1414; x_wconf 87' lang='lat' dir='ltr'><em>ita</em></span> <span class='ocrx_word' id='word_1_166' title='bbox 875 1384 971 1414; x_wconf 90' lang='lat' dir='ltr'><em>tertio</em></span> <span class='ocrx_word' id='word_1_167' title='bbox 990 1388 1047 1415; x_wconf 90' lang='lat' dir='ltr'><em>aut</em></span> 
     </span>
     <span class='ocr_line' id='line_1_24' title="bbox 86 1426 1046 1468; baseline 0 -11"><span class='ocrx_word' id='word_1_168' title='bbox 86 1432 199 1468; x_wconf 84' lang='lat' dir='ltr'><em>quarto</em></span> <span class='ocrx_word' id='word_1_169' title='bbox 221 1437 344 1466; x_wconf 86' lang='lat' dir='ltr'><em>quoque</em></span> <span class='ocrx_word' id='word_1_170' title='bbox 368 1437 451 1457; x_wconf 91' lang='lat' dir='ltr'><em>anno</em></span> <span class='ocrx_word' id='word_1_171' title='bbox 469 1432 596 1458; x_wconf 85' lang='lat' dir='ltr'><em>cessant</em></span> <span class='ocrx_word' id='word_1_172' title='bbox 615 1426 693 1466; x_wconf 84' lang='lat' dir='ltr'><em>agri,</em></span> <span class='ocrx_word' id='word_1_173' title='bbox 718 1436 757 1457; x_wconf 90' lang='lat' dir='ltr'><em>ne</em></span> <span class='ocrx_word' id='word_1_174' title='bbox 775 1426 932 1457; x_wconf 87' lang='lat' dir='ltr'><em>exhausto</em></span> <span class='ocrx_word' id='word_1_175' title='bbox 952 1436 1046 1458; x_wconf 88' lang='lat' dir='ltr'><em>succo</em></span> 
     </span>
     <span class='ocr_line' id='line_1_25' title="bbox 86 1468 1046 1510; baseline 0 -10"><span class='ocrx_word' id='word_1_176' title='bbox 86 1480 216 1510; x_wconf 88' lang='lat' dir='ltr'><em>prorsus</em></span> <span class='ocrx_word' id='word_1_177' title='bbox 238 1470 448 1500; x_wconf 87' lang='lat' dir='ltr'><em>sterilescant.</em></span> <span class='ocrx_word' id='word_1_178' title='bbox 496 1468 593 1500; x_wconf 86' lang='lat' dir='ltr'><em>Certe</em></span> <span class='ocrx_word' id='word_1_179' title='bbox 616 1469 671 1499; x_wconf 89' lang='lat' dir='ltr'><em>vix</em></span> <span class='ocrx_word' id='word_1_180' title='bbox 695 1469 856 1509; x_wconf 88' lang='lat' dir='ltr'><em>reperitur</em></span> <span class='ocrx_word' id='word_1_181' title='bbox 878 1480 916 1500; x_wconf 85' lang='lat' dir='ltr'><em>ea</em></span> <span class='ocrx_word' id='word_1_182' title='bbox 942 1473 1046 1500; x_wconf 88' lang='lat' dir='ltr'><em>terrae</em></span> 
     </span>
     <span class='ocr_line' id='line_1_26' title="bbox 86 1510 1048 1552; baseline -0.001 -9"><span class='ocrx_word' id='word_1_183' title='bbox 86 1511 283 1544; x_wconf 76' lang='lat' dir='ltr'><em>foecunditas</em></span> <span class='ocrx_word' id='word_1_184' title='bbox 295 1523 377 1552; x_wconf 91' lang='lat' dir='ltr'><em>quae</em></span> <span class='ocrx_word' id='word_1_185' title='bbox 391 1512 538 1543; x_wconf 81' lang='lat' dir='ltr'><em>assiduae</em></span> <span class='ocrx_word' id='word_1_186' title='bbox 551 1510 750 1551; x_wconf 89' lang='lat' dir='ltr'><em>productioni</em></span> <span class='ocrx_word' id='word_1_187' title='bbox 765 1512 914 1543; x_wconf 86' lang='lat' dir='ltr'><em>sufficiat.</em></span> <span class='ocrx_word' id='word_1_188' title='bbox 939 1511 1048 1543; x_wconf 87' lang='lat' dir='ltr'><em>Datur</em></span> 
     </span>
     <span class='ocr_line' id='line_1_27' title="bbox 86 1554 1048 1595; baseline 0.001 -10"><span class='ocrx_word' id='word_1_189' title='bbox 86 1554 185 1595; x_wconf 88' lang='lat' dir='ltr'><em>igitur</em></span> <span class='ocrx_word' id='word_1_190' title='bbox 206 1555 311 1594; x_wconf 86' lang='lat' dir='ltr'><em>aliqua</em></span> <span class='ocrx_word' id='word_1_191' title='bbox 333 1555 488 1586; x_wconf 79' lang='lat' dir='ltr'><em>relaxatio</em></span> <span class='ocrx_word' id='word_1_192' title='bbox 511 1554 611 1585; x_wconf 85' lang='lat' dir='ltr'><em>donec</em></span> <span class='ocrx_word' id='word_1_193' title='bbox 634 1559 720 1585; x_wconf 87' lang='lat' dir='ltr'><em>terra</em></span> <span class='ocrx_word' id='word_1_194' title='bbox 743 1555 886 1595; x_wconf 87' lang='lat' dir='ltr'><em>vigorem</em></span> <span class='ocrx_word' id='word_1_195' title='bbox 918 1565 1048 1595; x_wconf 92' lang='lat' dir='ltr'><em>recupe-</em></span> 
     </span>
     <span class='ocr_line' id='line_1_28' title="bbox 87 1596 1046 1637; baseline -0.001 -9"><span class='ocrx_word' id='word_1_196' title='bbox 87 1602 152 1628; x_wconf 83' lang='lat' dir='ltr'><em>ret:</em></span> <span class='ocrx_word' id='word_1_197' title='bbox 187 1597 241 1628; x_wconf 82' lang='lat' dir='ltr'><em>sed</em></span> <span class='ocrx_word' id='word_1_198' title='bbox 265 1597 324 1628; x_wconf 86' lang='lat' dir='ltr'><em>hoc</em></span> <span class='ocrx_word' id='word_1_199' title='bbox 347 1598 475 1628; x_wconf 90' lang='lat' dir='ltr'><em>nonnisi</em></span> <span class='ocrx_word' id='word_1_200' title='bbox 507 1597 545 1627; x_wconf 89' lang='lat' dir='ltr'><em>ad</em></span> <span class='ocrx_word' id='word_1_201' title='bbox 577 1597 736 1634; x_wconf 89' lang='lat' dir='ltr'><em>triticum,</em></span> <span class='ocrx_word' id='word_1_202' title='bbox 765 1596 937 1634; x_wconf 88' lang='lat' dir='ltr'><em>hordeum,</em></span> <span class='ocrx_word' id='word_1_203' title='bbox 968 1598 1046 1637; x_wconf 90' lang='lat' dir='ltr'><em>pisa,</em></span> 
     </span>
     <span class='ocr_line' id='line_1_29' title="bbox 86 1639 1046 1680; baseline 0 -9"><span class='ocrx_word' id='word_1_204' title='bbox 86 1639 185 1677; x_wconf 83' lang='lat' dir='ltr'><em>fabas,</em></span> <span class='ocrx_word' id='word_1_205' title='bbox 205 1645 237 1670; x_wconf 90' lang='lat' dir='ltr'><em>et</em></span> <span class='ocrx_word' id='word_1_206' title='bbox 256 1640 429 1680; x_wconf 84' lang='lat' dir='ltr'><em>legumina,</em></span> <span class='ocrx_word' id='word_1_207' title='bbox 448 1645 479 1671; x_wconf 91' lang='lat' dir='ltr'><em>et</em></span> <span class='ocrx_word' id='word_1_208' title='bbox 494 1650 703 1679; x_wconf 85' lang='lat' dir='ltr'><em>quaecunque</em></span> <span class='ocrx_word' id='word_1_209' title='bbox 716 1645 877 1677; x_wconf 76' lang='lat' dir='ltr'><em>seruntur,</em></span> <span class='ocrx_word' id='word_1_210' title='bbox 897 1642 1046 1679; x_wconf 81' lang='lat' dir='ltr'><em>pertinet.</em></span> 
     </span>
     <span class='ocr_line' id='line_1_30' title="bbox 86 1682 1048 1723; baseline 0.002 -11"><span class='ocrx_word' id='word_1_211' title='bbox 86 1682 126 1713; x_wconf 93' lang='lat' dir='ltr'><em>In</em></span> <span class='ocrx_word' id='word_1_212' title='bbox 145 1682 245 1722; x_wconf 90' lang='lat' dir='ltr'><em>pratis</em></span> <span class='ocrx_word' id='word_1_213' title='bbox 264 1688 296 1713; x_wconf 91' lang='lat' dir='ltr'><em>et</em></span> <span class='ocrx_word' id='word_1_214' title='bbox 316 1682 434 1714; x_wconf 87' lang='lat' dir='ltr'><em>vitibus</em></span> <span class='ocrx_word' id='word_1_215' title='bbox 454 1682 582 1714; x_wconf 88' lang='lat' dir='ltr'><em>diversa</em></span> <span class='ocrx_word' id='word_1_216' title='bbox 601 1687 648 1713; x_wconf 88' lang='lat' dir='ltr'><em>est</em></span> <span class='ocrx_word' id='word_1_217' title='bbox 667 1683 763 1713; x_wconf 89' lang='lat' dir='ltr'><em>ratio:</em></span> <span class='ocrx_word' id='word_1_218' title='bbox 790 1683 864 1722; x_wconf 87' lang='lat' dir='ltr'><em>quia</em></span> <span class='ocrx_word' id='word_1_219' title='bbox 883 1683 936 1714; x_wconf 92' lang='lat' dir='ltr'><em>ubi</em></span> <span class='ocrx_word' id='word_1_220' title='bbox 955 1687 1048 1723; x_wconf 87' lang='lat' dir='ltr'><em>prata</em></span> 
     </span>
     <span class='ocr_line' id='line_1_31' title="bbox 87 1725 1047 1765; baseline 0 -9"><span class='ocrx_word' id='word_1_221' title='bbox 87 1725 257 1765; x_wconf 79' lang='lat' dir='ltr'><em>quotannis</em></span> <span class='ocrx_word' id='word_1_222' title='bbox 280 1731 446 1763; x_wconf 84' lang='lat' dir='ltr'><em>secantur,</em></span> <span class='ocrx_word' id='word_1_223' title='bbox 476 1736 539 1756; x_wconf 89' lang='lat' dir='ltr'><em>non</em></span> <span class='ocrx_word' id='word_1_224' title='bbox 570 1730 750 1756; x_wconf 79' lang='lat' dir='ltr'><em>maceratur</em></span> <span class='ocrx_word' id='word_1_225' title='bbox 772 1730 878 1756; x_wconf 89' lang='lat' dir='ltr'><em>terrac</em></span> <span class='ocrx_word' id='word_1_226' title='bbox 902 1726 1047 1757; x_wconf 87' lang='lat' dir='ltr'><em>ubertas:</em></span> 
     </span>
     <span class='ocr_line' id='line_1_32' title="bbox 87 1768 896 1808; baseline -0.001 -9"><span class='ocrx_word' id='word_1_227' title='bbox 87 1768 169 1800; x_wconf 86' lang='lat' dir='ltr'><em>vites</em></span> <span class='ocrx_word' id='word_1_228' title='bbox 202 1774 308 1799; x_wconf 87' lang='lat' dir='ltr'><em>autem</em></span> <span class='ocrx_word' id='word_1_229' title='bbox 342 1769 403 1799; x_wconf 86' lang='lat' dir='ltr'><em>nisi</em></span> <span class='ocrx_word' id='word_1_230' title='bbox 444 1768 648 1804; x_wconf 83' lang='lat' dir='ltr'><em>excolantur,</em></span> <span class='ocrx_word' id='word_1_231' title='bbox 690 1768 896 1808; x_wconf 84' lang='lat' dir='ltr'><em>degenerant.</em></span> 
     </span>
     <span class='ocr_line' id='line_1_33' title="bbox 88 1810 1047 1851; baseline 0.001 -10"><span class='ocrx_word' id='word_1_232' title='bbox 88 1814 175 1841; x_wconf 87' lang='lat' dir='ltr'><em>terra</em></span> <span class='ocrx_word' id='word_1_233' title='bbox 187 1810 344 1842; x_wconf 90' lang='lat' dir='ltr'><em>Chanaan</em></span> <span class='ocrx_word' id='word_1_234' title='bbox 368 1821 425 1842; x_wconf 82' lang='lat' dir='ltr'><em>sex</em></span> <span class='ocrx_word' id='word_1_235' title='bbox 449 1821 607 1842; x_wconf 88' lang='lat' dir='ltr'><em>annorum</em></span> <span class='ocrx_word' id='word_1_236' title='bbox 631 1811 788 1842; x_wconf 90' lang='lat' dir='ltr'><em>sationem</em></span> <span class='ocrx_word' id='word_1_237' title='bbox 812 1811 932 1851; x_wconf 84' lang='lat' dir='ltr'><em>absque</em></span> <span class='ocrx_word' id='word_1_238' title='bbox 954 1811 1047 1842; x_wconf 88' lang='lat' dir='ltr'><em>lassi-</em></span> 
     </span>
     <span class='ocr_line' id='line_1_34' title="bbox 88 1853 1048 1894; baseline 0.002 -11"><span class='ocrx_word' id='word_1_239' title='bbox 88 1853 199 1884; x_wconf 84' lang='lat' dir='ltr'><em>tudine</em></span> <span class='ocrx_word' id='word_1_240' title='bbox 228 1853 311 1884; x_wconf 71' lang='lat' dir='ltr'><em>i&#39;erre</em></span> <span class='ocrx_word' id='word_1_241' title='bbox 343 1854 460 1893; x_wconf 90' lang='lat' dir='ltr'><em>potuit,</em></span> <span class='ocrx_word' id='word_1_242' title='bbox 491 1854 620 1894; x_wconf 86' lang='lat' dir='ltr'><em>signum</em></span> <span class='ocrx_word' id='word_1_243' title='bbox 651 1854 711 1884; x_wconf 84' lang='lat' dir='ltr'><em>fuit</em></span> <span class='ocrx_word' id='word_1_244' title='bbox 741 1864 832 1884; x_wconf 88' lang='lat' dir='ltr'><em>rarae</em></span> <span class='ocrx_word' id='word_1_245' title='bbox 856 1859 887 1884; x_wconf 91' lang='lat' dir='ltr'><em>et</em></span> <span class='ocrx_word' id='word_1_246' title='bbox 909 1854 1048 1885; x_wconf 80' lang='lat' dir='ltr'><em>eximiae</em></span> 
     </span>
     <span class='ocr_line' id='line_1_35' title="bbox 88 1895 1048 1928; baseline 0.002 -2"><span class='ocrx_word' id='word_1_247' title='bbox 88 1895 322 1927; x_wconf 77' lang='lat' dir='ltr'><em>foecunditatis.</em></span> <span class='ocrx_word' id='word_1_248' title='bbox 373 1896 445 1928; x_wconf 89' lang='lat' dir='ltr'><em>Hac</em></span> <span class='ocrx_word' id='word_1_249' title='bbox 479 1896 553 1927; x_wconf 91' lang='lat' dir='ltr'><em>dote</em></span> <span class='ocrx_word' id='word_1_250' title='bbox 580 1906 649 1927; x_wconf 90' lang='lat' dir='ltr'><em>eam</em></span> <span class='ocrx_word' id='word_1_251' title='bbox 680 1896 864 1928; x_wconf 86' lang='lat' dir='ltr'><em>nobilitavit</em></span> <span class='ocrx_word' id='word_1_252' title='bbox 894 1896 983 1928; x_wconf 88' lang='lat' dir='ltr'><em>Deus</em></span> <span class='ocrx_word' id='word_1_253' title='bbox 1012 1897 1048 1928; x_wconf 89' lang='lat' dir='ltr'><em>in</em></span> 
     </span>
     <span class='ocr_line' id='line_1_36' title="bbox 88 1937 1049 1979; baseline 0.002 -11"><span class='ocrx_word' id='word_1_254' title='bbox 88 1937 231 1969; x_wconf 86' lang='lat' dir='ltr'><em>favorem</em></span> <span class='ocrx_word' id='word_1_255' title='bbox 262 1939 370 1979; x_wconf 93' lang='lat' dir='ltr'><em>populi</em></span> <span class='ocrx_word' id='word_1_256' title='bbox 401 1939 461 1970; x_wconf 91' lang='lat' dir='ltr'><em>sui.</em></span> <span class='ocrx_word' id='word_1_257' title='bbox 506 1939 573 1970; x_wconf 89' lang='lat' dir='ltr'><em>Nec</em></span> <span class='ocrx_word' id='word_1_258' title='bbox 596 1948 675 1970; x_wconf 86' lang='lat' dir='ltr'><em>vero</em></span> <span class='ocrx_word' id='word_1_259' title='bbox 698 1939 907 1970; x_wconf 77' lang='lat' dir='ltr'><em>cessationem</em></span> <span class='ocrx_word' id='word_1_260' title='bbox 930 1939 1049 1970; x_wconf 84' lang='lat' dir='ltr'><em>indixit</em></span> 
     </span>
     <span class='ocr_line' id='line_1_37' title="bbox 89 1981 1048 2022; baseline 0.003 -11"><span class='ocrx_word' id='word_1_261' title='bbox 89 1981 291 2012; x_wconf 81' lang='lat' dir='ltr'><em>necessitatis</em></span> <span class='ocrx_word' id='word_1_262' title='bbox 324 1992 434 2018; x_wconf 88' lang='lat' dir='ltr'><em>causa,</em></span> <span class='ocrx_word' id='word_1_263' title='bbox 468 1981 595 2022; x_wconf 88' lang='lat' dir='ltr'><em>quando</em></span> <span class='ocrx_word' id='word_1_264' title='bbox 629 1992 713 2012; x_wconf 88' lang='lat' dir='ltr'><em>anno</em></span> <span class='ocrx_word' id='word_1_265' title='bbox 746 1986 837 2013; x_wconf 89' lang='lat' dir='ltr'><em>sexto</em></span> <span class='ocrx_word' id='word_1_266' title='bbox 872 1982 936 2013; x_wconf 86' lang='lat' dir='ltr'><em>vim</em></span> <span class='ocrx_word' id='word_1_267' title='bbox 972 1992 1048 2014; x_wconf 86' lang='lat' dir='ltr'><em>suae</em></span> 
     </span>
     <span class='ocr_line' id='line_1_38' title="bbox 88 2022 1048 2065; baseline 0.002 -11"><span class='ocrx_word' id='word_1_268' title='bbox 88 2022 319 2056; x_wconf 87' lang='lat' dir='ltr'><em>benedictionis</em></span> <span class='ocrx_word' id='word_1_269' title='bbox 359 2024 554 2064; x_wconf 86' lang='lat' dir='ltr'><em>duplicavit:</em></span> <span class='ocrx_word' id='word_1_270' title='bbox 596 2024 652 2055; x_wconf 88' lang='lat' dir='ltr'><em>sed</em></span> <span class='ocrx_word' id='word_1_271' title='bbox 686 2029 723 2055; x_wconf 89' lang='lat' dir='ltr'><em>ut</em></span> <span class='ocrx_word' id='word_1_272' title='bbox 758 2024 895 2065; x_wconf 83' lang='lat' dir='ltr'><em>fulgeret</em></span> <span class='ocrx_word' id='word_1_273' title='bbox 931 2025 1048 2065; x_wconf 89' lang='lat' dir='ltr'><em>ubique</em></span> 
     </span>
     <span class='ocr_line' id='line_1_39' title="bbox 89 2066 1048 2107; baseline 0.002 -10"><span class='ocrx_word' id='word_1_274' title='bbox 89 2066 235 2097; x_wconf 81' lang='lat' dir='ltr'><em>sabbathi</em></span> <span class='ocrx_word' id='word_1_275' title='bbox 258 2067 428 2104; x_wconf 82' lang='lat' dir='ltr'><em>sanctitas,</em></span> <span class='ocrx_word' id='word_1_276' title='bbox 455 2072 553 2107; x_wconf 89' lang='lat' dir='ltr'><em>atque</em></span> <span class='ocrx_word' id='word_1_277' title='bbox 576 2067 623 2098; x_wconf 89' lang='lat' dir='ltr'><em>ita</em></span> <span class='ocrx_word' id='word_1_278' title='bbox 645 2066 684 2097; x_wconf 88' lang='lat' dir='ltr'><em>ad</em></span> <span class='ocrx_word' id='word_1_279' title='bbox 707 2067 776 2098; x_wconf 91' lang='lat' dir='ltr'><em>eius</em></span> <span class='ocrx_word' id='word_1_280' title='bbox 799 2068 1048 2107; x_wconf 82' lang='lat' dir='ltr'><em>observantiam,</em></span> 
     </span>
     <span class='ocr_line' id='line_1_40' title="bbox 88 2110 1047 2150; baseline 0.003 -12"><span class='ocrx_word' id='word_1_281' title='bbox 88 2112 191 2139; x_wconf 89' lang='lat' dir='ltr'><em>terrae</em></span> <span class='ocrx_word' id='word_1_282' title='bbox 230 2115 402 2149; x_wconf 87' lang='lat' dir='ltr'><em>conspectu</em></span> <span class='ocrx_word' id='word_1_283' title='bbox 441 2110 546 2150; x_wconf 84' lang='lat' dir='ltr'><em>magis</em></span> <span class='ocrx_word' id='word_1_284' title='bbox 586 2110 812 2141; x_wconf 75' lang='lat' dir='ltr'><em>animarentur</em></span> <span class='ocrx_word' id='word_1_285' title='bbox 844 2110 902 2141; x_wconf 87' lang='lat' dir='ltr'><em>filii</em></span> <span class='ocrx_word' id='word_1_286' title='bbox 935 2110 1047 2141; x_wconf 86' lang='lat' dir='ltr'><em>Israel.</em></span> 
     </span>
     <span class='ocr_line' id='line_1_41' title="bbox 89 2150 1048 2192; baseline 0.003 -11"><span class='ocrx_word' id='word_1_287' title='bbox 89 2150 190 2182; x_wconf 90' lang='lat' dir='ltr'><em>Porro</em></span> <span class='ocrx_word' id='word_1_288' title='bbox 212 2152 327 2191; x_wconf 89' lang='lat' dir='ltr'><em>quietis</em></span> <span class='ocrx_word' id='word_1_289' title='bbox 351 2152 433 2183; x_wconf 89' lang='lat' dir='ltr'><em>ratio</em></span> <span class='ocrx_word' id='word_1_290' title='bbox 457 2152 530 2183; x_wconf 86' lang='lat' dir='ltr'><em>talis</em></span> <span class='ocrx_word' id='word_1_291' title='bbox 553 2152 623 2189; x_wconf 86' lang='lat' dir='ltr'><em>fuit,</em></span> <span class='ocrx_word' id='word_1_292' title='bbox 646 2163 687 2183; x_wconf 91' lang='lat' dir='ltr'><em>ne</em></span> <span class='ocrx_word' id='word_1_293' title='bbox 706 2152 782 2192; x_wconf 85' lang='lat' dir='ltr'><em>quid</em></span> <span class='ocrx_word' id='word_1_294' title='bbox 801 2157 945 2184; x_wconf 86' lang='lat' dir='ltr'><em>sererent</em></span> <span class='ocrx_word' id='word_1_295' title='bbox 962 2163 1048 2185; x_wconf 89' lang='lat' dir='ltr'><em>anno</em></span> 
     </span>
     <span class='ocr_line' id='line_1_42' title="bbox 90 2194 1047 2235; baseline 0.003 -11"><span class='ocrx_word' id='word_1_296' title='bbox 90 2202 187 2231; x_wconf 84' lang='lat' dir='ltr'><em>sacro,</em></span> <span class='ocrx_word' id='word_1_297' title='bbox 210 2198 242 2224; x_wconf 90' lang='lat' dir='ltr'><em>et</em></span> <span class='ocrx_word' id='word_1_298' title='bbox 263 2205 304 2226; x_wconf 89' lang='lat' dir='ltr'><em>ne</em></span> <span class='ocrx_word' id='word_1_299' title='bbox 327 2195 439 2226; x_wconf 86' lang='lat' dir='ltr'><em>vineas</em></span> <span class='ocrx_word' id='word_1_300' title='bbox 458 2200 617 2235; x_wconf 87' lang='lat' dir='ltr'><em>putarent.</em></span> <span class='ocrx_word' id='word_1_301' title='bbox 654 2194 689 2226; x_wconf 79' lang='lat' dir='ltr'><em>Si</em></span> <span class='ocrx_word' id='word_1_302' title='bbox 710 2195 786 2234; x_wconf 91' lang='lat' dir='ltr'><em>quid</em></span> <span class='ocrx_word' id='word_1_303' title='bbox 806 2200 913 2226; x_wconf 86' lang='lat' dir='ltr'><em>autem</em></span> <span class='ocrx_word' id='word_1_304' title='bbox 937 2207 1047 2228; x_wconf 90' lang='lat' dir='ltr'><em>nasce-</em></span> 
     </span>
     <span class='ocr_line' id='line_1_43' title="bbox 90 2237 1048 2277; baseline 0.006 -13"><span class='ocrx_word' id='word_1_305' title='bbox 90 2240 178 2265; x_wconf 88' lang='lat' dir='ltr'><em>retur</em></span> <span class='ocrx_word' id='word_1_306' title='bbox 200 2246 238 2266; x_wconf 88' lang='lat' dir='ltr'><em>ex</em></span> <span class='ocrx_word' id='word_1_307' title='bbox 262 2237 403 2269; x_wconf 86' lang='lat' dir='ltr'><em>deciduis</em></span> <span class='ocrx_word' id='word_1_308' title='bbox 422 2238 533 2277; x_wconf 85' lang='lat' dir='ltr'><em>granis</em></span> <span class='ocrx_word' id='word_1_309' title='bbox 552 2238 667 2268; x_wconf 87' lang='lat' dir='ltr'><em>messis</em></span> <span class='ocrx_word' id='word_1_310' title='bbox 686 2239 860 2277; x_wconf 80' lang='lat' dir='ltr'><em>proximae,</em></span> <span class='ocrx_word' id='word_1_311' title='bbox 879 2248 1048 2270; x_wconf 90' lang='lat' dir='ltr'><em>commune</em></span> 
     </span>
     <span class='ocr_line' id='line_1_44' title="bbox 91 2280 1048 2321; baseline 0.005 -15"><span class='ocrx_word' id='word_1_312' title='bbox 91 2283 158 2307; x_wconf 87' lang='lat' dir='ltr'><em>erat</em></span> <span class='ocrx_word' id='word_1_313' title='bbox 190 2282 252 2309; x_wconf 88' lang='lat' dir='ltr'><em>tam</em></span> <span class='ocrx_word' id='word_1_314' title='bbox 292 2280 452 2320; x_wconf 87' lang='lat' dir='ltr'><em>indigenis</em></span> <span class='ocrx_word' id='word_1_315' title='bbox 492 2291 588 2320; x_wconf 89' lang='lat' dir='ltr'><em>quam</em></span> <span class='ocrx_word' id='word_1_316' title='bbox 629 2280 823 2320; x_wconf 87' lang='lat' dir='ltr'><em>hospitibus:</em></span> <span class='ocrx_word' id='word_1_317' title='bbox 864 2291 1048 2321; x_wconf 85' lang='lat' dir='ltr'><em>quanquam</em></span> 
     </span>
     <span class='ocr_line' id='line_1_45' title="bbox 90 2321 1048 2363; baseline 0.007 -15"><span class='ocrx_word' id='word_1_318' title='bbox 90 2321 281 2359; x_wconf 86' lang='lat' dir='ltr'><em>pauperibus</em></span> <span class='ocrx_word' id='word_1_319' title='bbox 309 2327 375 2353; x_wconf 87' lang='lat' dir='ltr'><em>tam</em></span> <span class='ocrx_word' id='word_1_320' title='bbox 403 2323 512 2363; x_wconf 83' lang='lat' dir='ltr'><em>fruges</em></span> <span class='ocrx_word' id='word_1_321' title='bbox 542 2333 638 2362; x_wconf 91' lang='lat' dir='ltr'><em>quam</em></span> <span class='ocrx_word' id='word_1_322' title='bbox 668 2333 811 2354; x_wconf 86' lang='lat' dir='ltr'><em>racemos</em></span> <span class='ocrx_word' id='word_1_323' title='bbox 838 2328 952 2363; x_wconf 88' lang='lat' dir='ltr'><em>sponte</em></span> <span class='ocrx_word' id='word_1_324' title='bbox 974 2334 1048 2355; x_wconf 90' lang='lat' dir='ltr'><em>nas·</em></span> 
     </span>
     <span class='ocr_line' id='line_1_46' title="bbox 91 2364 1048 2405; baseline 0.006 -14"><span class='ocrx_word' id='word_1_325' title='bbox 91 2368 198 2392; x_wconf 81' lang='lat' dir='ltr'><em>centes</em></span> <span class='ocrx_word' id='word_1_326' title='bbox 224 2364 426 2402; x_wconf 87' lang='lat' dir='ltr'><em>peculiariter</em></span> <span class='ocrx_word' id='word_1_327' title='bbox 455 2366 630 2403; x_wconf 89' lang='lat' dir='ltr'><em>concessit,</em></span> <span class='ocrx_word' id='word_1_328' title='bbox 660 2371 697 2396; x_wconf 90' lang='lat' dir='ltr'><em>ut</em></span> <span class='ocrx_word' id='word_1_329' title='bbox 719 2366 862 2405; x_wconf 86' lang='lat' dir='ltr'><em>gratuita</em></span> <span class='ocrx_word' id='word_1_330' title='bbox 892 2366 1048 2405; x_wconf 88' lang='lat' dir='ltr'><em>quaedam</em></span> 
     </span>
     <span class='ocr_line' id='line_1_47' title="bbox 91 2404 1048 2449; baseline 0.006 -16"><span class='ocrx_word' id='word_1_331' title='bbox 91 2409 174 2434; x_wconf 87' lang='lat' dir='ltr'><em>esset</em></span> <span class='ocrx_word' id='word_1_332' title='bbox 196 2404 320 2445; x_wconf 87' lang='lat' dir='ltr'><em>largitio</em></span> <span class='ocrx_word' id='word_1_333' title='bbox 343 2408 382 2438; x_wconf 91' lang='lat' dir='ltr'><em>ad</em></span> <span class='ocrx_word' id='word_1_334' title='bbox 401 2408 571 2439; x_wconf 88' lang='lat' dir='ltr'><em>levandam</em></span> <span class='ocrx_word' id='word_1_335' title='bbox 591 2419 700 2439; x_wconf 89' lang='lat' dir='ltr'><em>eorum</em></span> <span class='ocrx_word' id='word_1_336' title='bbox 721 2413 905 2448; x_wconf 82' lang='lat' dir='ltr'><em>egestatem.</em></span> <span class='ocrx_word' id='word_1_337' title='bbox 941 2409 1048 2449; x_wconf 85' lang='lat' dir='ltr'><em>Atque</em></span> 
     </span>
     <span class='ocr_line' id='line_1_48' title="bbox 91 2445 1049 2483; baseline 0.008 -8"><span class='ocrx_word' id='word_1_338' title='bbox 91 2445 169 2476; x_wconf 89' lang='lat' dir='ltr'><em>haec</em></span> <span class='ocrx_word' id='word_1_339' title='bbox 207 2447 389 2481; x_wconf 87' lang='lat' dir='ltr'><em>humanitas</em></span> <span class='ocrx_word' id='word_1_340' title='bbox 422 2455 454 2481; x_wconf 89' lang='lat' dir='ltr'><em>et</em></span> <span class='ocrx_word' id='word_1_341' title='bbox 487 2451 698 2482; x_wconf 88' lang='lat' dir='ltr'><em>beneficentia</em></span> <span class='ocrx_word' id='word_1_342' title='bbox 731 2456 801 2481; x_wconf 87' lang='lat' dir='ltr'><em>erat</em></span> <span class='ocrx_word' id='word_1_343' title='bbox 834 2452 974 2482; x_wconf 85' lang='lat' dir='ltr'><em>accessio</em></span> <span class='ocrx_word' id='word_1_344' title='bbox 1008 2452 1049 2483; x_wconf 87' lang='lat' dir='ltr'><em>ad</em></span> 
     </span>
     <span class='ocr_line' id='line_1_49' title="bbox 91 2488 1048 2533; baseline 0.009 -16"><span class='ocrx_word' id='word_1_345' title='bbox 91 2488 221 2527; x_wconf 86' lang='lat' dir='ltr'><em>pietatis</em></span> <span class='ocrx_word' id='word_1_346' title='bbox 250 2493 447 2524; x_wconf 77' lang='lat' dir='ltr'><em>exercitium.</em></span> <span class='ocrx_word' id='word_1_347' title='bbox 492 2493 564 2524; x_wconf 92' lang='lat' dir='ltr'><em>Non</em></span> <span class='ocrx_word' id='word_1_348' title='bbox 595 2493 657 2524; x_wconf 86' lang='lat' dir='ltr'><em>fuit</em></span> <span class='ocrx_word' id='word_1_349' title='bbox 679 2492 808 2533; x_wconf 89' lang='lat' dir='ltr'><em>quidem</em></span> <span class='ocrx_word' id='word_1_350' title='bbox 832 2494 972 2525; x_wconf 88' lang='lat' dir='ltr'><em>maxime</em></span> <span class='ocrx_word' id='word_1_351' title='bbox 995 2495 1048 2526; x_wconf 86' lang='lat' dir='ltr'><em>vel</em></span> 
     </span>
     <span class='ocr_line' id='line_1_50' title="bbox 91 2531 1048 2576; baseline 0.008 -17"><span class='ocrx_word' id='word_1_352' title='bbox 91 2531 260 2570; x_wconf 88' lang='lat' dir='ltr'><em>praecipue</em></span> <span class='ocrx_word' id='word_1_353' title='bbox 292 2532 361 2565; x_wconf 94' lang='lat' dir='ltr'><em>Deo</em></span> <span class='ocrx_word' id='word_1_354' title='bbox 400 2536 599 2575; x_wconf 87' lang='lat' dir='ltr'><em>propositum</em></span> <span class='ocrx_word' id='word_1_355' title='bbox 641 2536 760 2576; x_wconf 90' lang='lat' dir='ltr'><em>aliquid</em></span> <span class='ocrx_word' id='word_1_356' title='bbox 793 2536 909 2567; x_wconf 87' lang='lat' dir='ltr'><em>afferre</em></span> <span class='ocrx_word' id='word_1_357' title='bbox 943 2536 1048 2568; x_wconf 88' lang='lat' dir='ltr'><em>solatii</em></span> 
     </span>
     <span class='ocr_line' id='line_1_51' title="bbox 91 2574 1048 2621; baseline 0.008 -19"><span class='ocrx_word' id='word_1_358' title='bbox 91 2574 298 2612; x_wconf 87' lang='lat' dir='ltr'><em>pauperibus:</em></span> <span class='ocrx_word' id='word_1_359' title='bbox 327 2576 380 2607; x_wconf 87' lang='lat' dir='ltr'><em>sed</em></span> <span class='ocrx_word' id='word_1_360' title='bbox 404 2577 688 2618; x_wconf 86' lang='lat' dir='ltr'><em>(quemadmodum</em></span> <span class='ocrx_word' id='word_1_361' title='bbox 713 2584 787 2609; x_wconf 88' lang='lat' dir='ltr'><em>ante</em></span> <span class='ocrx_word' id='word_1_362' title='bbox 815 2578 971 2621; x_wconf 86' lang='lat' dir='ltr'><em>diximus)</em></span> <span class='ocrx_word' id='word_1_363' title='bbox 993 2579 1048 2610; x_wconf 90' lang='lat' dir='ltr'><em>ab—</em></span> 
     </span>
     <span class='ocr_line' id='line_1_52' title="bbox 91 2616 1046 2662; baseline 0.007 -17"><span class='ocrx_word' id='word_1_364' title='bbox 91 2616 226 2646; x_wconf 89' lang='lat' dir='ltr'><em>surdum</em></span> <span class='ocrx_word' id='word_1_365' title='bbox 246 2626 309 2648; x_wconf 91' lang='lat' dir='ltr'><em>non</em></span> <span class='ocrx_word' id='word_1_366' title='bbox 337 2618 399 2650; x_wconf 83' lang='lat' dir='ltr'><em>fuit</em></span> <span class='ocrx_word' id='word_1_367' title='bbox 427 2621 531 2652; x_wconf 83' lang='lat' dir='ltr'><em>officia</em></span> <span class='ocrx_word' id='word_1_368' title='bbox 560 2621 705 2653; x_wconf 87' lang='lat' dir='ltr'><em>caritatis</em></span> <span class='ocrx_word' id='word_1_369' title='bbox 725 2621 876 2662; x_wconf 89' lang='lat' dir='ltr'><em>subsequi</em></span> <span class='ocrx_word' id='word_1_370' title='bbox 897 2622 958 2653; x_wconf 90' lang='lat' dir='ltr'><em>Dei</em></span> <span class='ocrx_word' id='word_1_371' title='bbox 980 2622 1046 2654; x_wconf 90' lang='lat' dir='ltr'><em>cul-</em></span> 
     </span>
    </p>
   </div>
   <div class='ocr_carea' id='block_1_8' title="bbox 796 186 1365 226">
    <p class='ocr_par' dir='ltr' id='par_1_8' title="bbox 796 186 1365 226">
     <span class='ocr_line' id='line_1_53' title="bbox 796 186 1365 226; baseline 0 -8"><span class='ocrx_word' id='word_1_372' title='bbox 796 186 1022 226; x_wconf 77' lang='lat' dir='ltr'><strong>QUARTUM</strong></span> <span class='ocrx_word' id='word_1_373' title='bbox 1046 186 1365 218; x_wconf 85' lang='lat' dir='ltr'><strong>PRAEOEPTUM.</strong></span> 
     </span>
    </p>
   </div>
   <div class='ocr_carea' id='block_1_9' title="bbox 952 1764 1073 1807">
    <p class='ocr_par' dir='ltr' id='par_1_9' title="bbox 952 1764 1073 1807">
     <span class='ocr_line' id='line_1_54' title="bbox 952 1764 1073 1807; baseline 0 -8"><span class='ocrx_word' id='word_1_374' title='bbox 952 1768 1048 1807; x_wconf 79' lang='lat' dir='ltr'><em>Quod</em></span> <span class='ocrx_word' id='word_1_375' title='bbox 1072 1764 1073 1774; x_wconf 57' lang='lat'>¹</span> 
     </span>
    </p>
   </div>
   <div class='ocr_carea' id='block_1_10' title="bbox 1073 388 1082 2642">
    <p class='ocr_par' dir='ltr' id='par_1_10' title="bbox 1073 388 1082 2642">
     <span class='ocr_line' id='line_1_55' title="bbox 1073 388 1082 2642; baseline 0 0"><span class='ocrx_word' id='word_1_376' title='bbox 1073 388 1082 2642; x_wconf 95' lang='lat' dir='ltr'><em> </em></span> 
     </span>
    </p>
   </div>
   <div class='ocr_carea' id='block_1_11' title="bbox 2005 191 2067 223">
    <p class='ocr_par' dir='ltr' id='par_1_11' title="bbox 2005 191 2067 223">
     <span class='ocr_line' id='line_1_56' title="bbox 2005 191 2067 223; baseline 0.016 -1"><span class='ocrx_word' id='word_1_377' title='bbox 2005 191 2067 223; x_wconf 82' lang='lat'><em>586</em></span> 
     </span>
    </p>
   </div>
   <div class='ocr_carea' id='block_1_12' title="bbox 1098 278 2067 2662">
    <p class='ocr_par' dir='ltr' id='par_1_12' title="bbox 1098 278 2067 2662">
     <span class='ocr_line' id='line_1_57' title="bbox 1107 278 2066 320; baseline 0.006 -11"><span class='ocrx_word' id='word_1_378' title='bbox 1107 281 1185 309; x_wconf 79' lang='lat' dir='ltr'><em>tum.</em></span> <span class='ocrx_word' id='word_1_379' title='bbox 1237 278 1273 310; x_wconf 82' lang='lat' dir='ltr'><em>Si</em></span> <span class='ocrx_word' id='word_1_380' title='bbox 1304 279 1492 319; x_wconf 83' lang='lat' dir='ltr'><em>obstrepant</em></span> <span class='ocrx_word' id='word_1_381' title='bbox 1524 280 1651 320; x_wconf 83' lang='lat' dir='ltr'><em>profani</em></span> <span class='ocrx_word' id='word_1_382' title='bbox 1685 281 1848 320; x_wconf 87' lang='lat' dir='ltr'><em>homines,</em></span> <span class='ocrx_word' id='word_1_383' title='bbox 1882 282 1964 314; x_wconf 88' lang='lat' dir='ltr'><em>nihil</em></span> <span class='ocrx_word' id='word_1_384' title='bbox 1997 295 2066 316; x_wconf 91' lang='lat' dir='ltr'><em>esse</em></span> 
     </span>
     <span class='ocr_line' id='line_1_58' title="bbox 1107 320 2066 366; baseline 0.006 -15"><span class='ocrx_word' id='word_1_385' title='bbox 1107 320 1220 352; x_wconf 86' lang='lat' dir='ltr'><em>brutae</em></span> <span class='ocrx_word' id='word_1_386' title='bbox 1244 321 1352 352; x_wconf 85' lang='lat' dir='ltr'><em>telluri</em></span> <span class='ocrx_word' id='word_1_387' title='bbox 1375 331 1448 352; x_wconf 90' lang='lat' dir='ltr'><em>cum</em></span> <span class='ocrx_word' id='word_1_388' title='bbox 1472 323 1633 362; x_wconf 88' lang='lat' dir='ltr'><em>spirituali</em></span> <span class='ocrx_word' id='word_1_389' title='bbox 1655 325 1823 363; x_wconf 83' lang='lat' dir='ltr'><em>mysterio:</em></span> <span class='ocrx_word' id='word_1_390' title='bbox 1847 325 1909 355; x_wconf 89' lang='lat' dir='ltr'><em>iam</em></span> <span class='ocrx_word' id='word_1_391' title='bbox 1934 337 2066 366; x_wconf 89' lang='lat' dir='ltr'><em>respon—</em></span> 
     </span>
     <span class='ocr_line' id='line_1_59' title="bbox 1108 362 2066 405; baseline 0.008 -13"><span class='ocrx_word' id='word_1_392' title='bbox 1108 362 1228 401; x_wconf 84' lang='lat' dir='ltr'><em>dimus,</em></span> <span class='ocrx_word' id='word_1_393' title='bbox 1259 365 1407 403; x_wconf 87' lang='lat' dir='ltr'><em>quamvis</em></span> <span class='ocrx_word' id='word_1_394' title='bbox 1431 365 1622 396; x_wconf 86' lang='lat' dir='ltr'><em>sabbathum</em></span> <span class='ocrx_word' id='word_1_395' title='bbox 1647 366 1731 405; x_wconf 88' lang='lat' dir='ltr'><em>apud</em></span> <span class='ocrx_word' id='word_1_396' title='bbox 1755 367 1838 397; x_wconf 89' lang='lat' dir='ltr'><em>solos</em></span> <span class='ocrx_word' id='word_1_397' title='bbox 1860 367 1971 400; x_wconf 88' lang='lat' dir='ltr'><em>fideles</em></span> <span class='ocrx_word' id='word_1_398' title='bbox 1996 373 2066 400; x_wconf 88' lang='lat' dir='ltr'><em>tan—</em></span> 
     </span>
     <span class='ocr_line' id='line_1_60' title="bbox 1107 406 2067 449; baseline 0.007 -14"><span class='ocrx_word' id='word_1_399' title='bbox 1107 415 1202 444; x_wconf 88' lang='lat' dir='ltr'><em>quam</em></span> <span class='ocrx_word' id='word_1_400' title='bbox 1226 406 1346 446; x_wconf 89' lang='lat' dir='ltr'><em>pignus</em></span> <span class='ocrx_word' id='word_1_401' title='bbox 1375 407 1620 438; x_wconf 88' lang='lat' dir='ltr'><em>inaestimabilis</em></span> <span class='ocrx_word' id='word_1_402' title='bbox 1646 407 1720 438; x_wconf 89' lang='lat' dir='ltr'><em>boni</em></span> <span class='ocrx_word' id='word_1_403' title='bbox 1749 408 1929 448; x_wconf 88' lang='lat' dir='ltr'><em>depositum</em></span> <span class='ocrx_word' id='word_1_404' title='bbox 1959 411 2067 449; x_wconf 88' lang='lat' dir='ltr'><em>fuerit,</em></span> 
     </span>
     <span class='ocr_line' id='line_1_61' title="bbox 1106 447 2067 490; baseline 0.007 -12"><span class='ocrx_word' id='word_1_405' title='bbox 1106 447 1174 478; x_wconf 90' lang='lat' dir='ltr'><em>eius</em></span> <span class='ocrx_word' id='word_1_406' title='bbox 1197 452 1306 479; x_wconf 91' lang='lat' dir='ltr'><em>tamen</em></span> <span class='ocrx_word' id='word_1_407' title='bbox 1331 455 1423 480; x_wconf 88' lang='lat' dir='ltr'><em>notas</em></span> <span class='ocrx_word' id='word_1_408' title='bbox 1440 449 1512 481; x_wconf 90' lang='lat' dir='ltr'><em>ideo</em></span> <span class='ocrx_word' id='word_1_409' title='bbox 1530 455 1595 480; x_wconf 89' lang='lat' dir='ltr'><em>tam</em></span> <span class='ocrx_word' id='word_1_410' title='bbox 1615 450 1648 480; x_wconf 91' lang='lat' dir='ltr'><em>in</em></span> <span class='ocrx_word' id='word_1_411' title='bbox 1669 450 1844 490; x_wconf 87' lang='lat' dir='ltr'><em>pecudibus</em></span> <span class='ocrx_word' id='word_1_412' title='bbox 1863 457 1894 483; x_wconf 92' lang='lat' dir='ltr'><em>et</em></span> <span class='ocrx_word' id='word_1_413' title='bbox 1912 454 2067 486; x_wconf 87' lang='lat' dir='ltr'><em>iumentis</em></span> 
     </span>
     <span class='ocr_line' id='line_1_62' title="bbox 1106 491 2066 532; baseline 0.008 -12"><span class='ocrx_word' id='word_1_414' title='bbox 1106 500 1201 529; x_wconf 89' lang='lat' dir='ltr'><em>quam</em></span> <span class='ocrx_word' id='word_1_415' title='bbox 1214 491 1247 521; x_wconf 89' lang='lat' dir='ltr'><em>in</em></span> <span class='ocrx_word' id='word_1_416' title='bbox 1261 492 1396 522; x_wconf 88' lang='lat' dir='ltr'><em>mortuis</em></span> <span class='ocrx_word' id='word_1_417' title='bbox 1407 493 1563 523; x_wconf 87' lang='lat' dir='ltr'><em>creaturis</em></span> <span class='ocrx_word' id='word_1_418' title='bbox 1582 493 1768 532; x_wconf 83' lang='lat' dir='ltr'><em>apparuisse</em></span> <span class='ocrx_word' id='word_1_419' title='bbox 1788 494 1827 524; x_wconf 90' lang='lat' dir='ltr'><em>ad</em></span> <span class='ocrx_word' id='word_1_420' title='bbox 1847 496 2066 528; x_wconf 88' lang='lat' dir='ltr'><em>renovandam</em></span> 
     </span>
     <span class='ocr_line' id='line_1_63' title="bbox 1106 532 2065 576; baseline 0.008 -14"><span class='ocrx_word' id='word_1_421' title='bbox 1106 532 1175 563; x_wconf 89' lang='lat' dir='ltr'><em>eius</em></span> <span class='ocrx_word' id='word_1_422' title='bbox 1196 534 1393 572; x_wconf 83' lang='lat' dir='ltr'><em>memoriam,</em></span> <span class='ocrx_word' id='word_1_423' title='bbox 1418 546 1457 565; x_wconf 91' lang='lat' dir='ltr'><em>ne</em></span> <span class='ocrx_word' id='word_1_424' title='bbox 1480 535 1626 576; x_wconf 84' lang='lat' dir='ltr'><em>frigidior</em></span> <span class='ocrx_word' id='word_1_425' title='bbox 1649 540 1733 567; x_wconf 89' lang='lat' dir='ltr'><em>esset</em></span> <span class='ocrx_word' id='word_1_426' title='bbox 1753 536 1899 576; x_wconf 88' lang='lat' dir='ltr'><em>populus,</em></span> <span class='ocrx_word' id='word_1_427' title='bbox 1923 539 1973 569; x_wconf 90' lang='lat' dir='ltr'><em>vel</em></span> <span class='ocrx_word' id='word_1_428' title='bbox 1996 539 2065 570; x_wconf 91' lang='lat' dir='ltr'><em>lan-</em></span> 
     </span>
     <span class='ocr_line' id='line_1_64' title="bbox 1105 577 2064 621; baseline 0.008 -16"><span class='ocrx_word' id='word_1_429' title='bbox 1105 580 1271 614; x_wconf 78' lang='lat' dir='ltr'><em>guesceret</em></span> <span class='ocrx_word' id='word_1_430' title='bbox 1298 577 1367 607; x_wconf 88' lang='lat' dir='ltr'><em>eius</em></span> <span class='ocrx_word' id='word_1_431' title='bbox 1392 577 1545 609; x_wconf 89' lang='lat' dir='ltr'><em>studium.</em></span> <span class='ocrx_word' id='word_1_432' title='bbox 1586 577 1681 616; x_wconf 79' lang='lat' dir='ltr'><em>Quod</em></span> <span class='ocrx_word' id='word_1_433' title='bbox 1711 578 1738 608; x_wconf 91' lang='grc'><em>51</em></span> <span class='ocrx_word' id='word_1_434' title='bbox 1761 578 1863 610; x_wconf 88' lang='lat' dir='ltr'><em>facete</em></span> <span class='ocrx_word' id='word_1_435' title='bbox 1888 581 2064 621; x_wconf 84' lang='lat' dir='ltr'><em>exagitent,</em></span> 
     </span>
     <span class='ocr_line' id='line_1_65' title="bbox 1105 618 2066 663; baseline 0.008 -16"><span class='ocrx_word' id='word_1_436' title='bbox 1105 618 1268 656; x_wconf 84' lang='lat' dir='ltr'><em>praeclare</em></span> <span class='ocrx_word' id='word_1_437' title='bbox 1299 619 1398 649; x_wconf 86' lang='lat' dir='ltr'><em>fuisse</em></span> <span class='ocrx_word' id='word_1_438' title='bbox 1428 625 1536 651; x_wconf 87' lang='lat' dir='ltr'><em>actum</em></span> <span class='ocrx_word' id='word_1_439' title='bbox 1566 631 1638 651; x_wconf 90' lang='grc'><strong>011111</strong></span> <span class='ocrx_word' id='word_1_440' title='bbox 1663 620 1805 657; x_wconf 88' lang='lat' dir='ltr'><em>Iudaeis,</em></span> <span class='ocrx_word' id='word_1_441' title='bbox 1835 623 1887 661; x_wconf 85' lang='lat' dir='ltr'><em>qui</em></span> <span class='ocrx_word' id='word_1_442' title='bbox 1918 623 1950 653; x_wconf 87' lang='lat' dir='ltr'><em>in</em></span> <span class='ocrx_word' id='word_1_443' title='bbox 1975 635 2066 663; x_wconf 89' lang='lat' dir='ltr'><em>prae-</em></span> 
     </span>
     <span class='ocr_line' id='line_1_66' title="bbox 1105 659 2066 701; baseline 0.007 -11"><span class='ocrx_word' id='word_1_444' title='bbox 1105 659 1198 698; x_wconf 88' lang='lat' dir='ltr'><em>cipua</em></span> <span class='ocrx_word' id='word_1_445' title='bbox 1227 661 1332 701; x_wconf 85' lang='lat' dir='ltr'><em>gratia</em></span> <span class='ocrx_word' id='word_1_446' title='bbox 1359 662 1462 693; x_wconf 89' lang='lat' dir='ltr'><em>socios</em></span> <span class='ocrx_word' id='word_1_447' title='bbox 1492 662 1665 693; x_wconf 78' lang='lat' dir='ltr'><em>habuerint</em></span> <span class='ocrx_word' id='word_1_448' title='bbox 1694 664 1798 695; x_wconf 89' lang='lat' dir='ltr'><em>asinos</em></span> <span class='ocrx_word' id='word_1_449' title='bbox 1825 669 1857 695; x_wconf 88' lang='lat' dir='ltr'><em>et</em></span> <span class='ocrx_word' id='word_1_450' title='bbox 1881 665 1976 697; x_wconf 86' lang='lat' dir='ltr'><em>boves</em></span> <span class='ocrx_word' id='word_1_451' title='bbox 1999 677 2066 697; x_wconf 88' lang='lat' dir='ltr'><em>una</em></span> 
     </span>
     <span class='ocr_line' id='line_1_67' title="bbox 1104 704 2064 744; baseline 0.008 -12"><span class='ocrx_word' id='word_1_452' title='bbox 1104 712 1175 733; x_wconf 90' lang='lat' dir='ltr'><em>cum</em></span> <span class='ocrx_word' id='word_1_453' title='bbox 1200 704 1302 743; x_wconf 87' lang='lat' dir='ltr'><em>agris:</em></span> <span class='ocrx_word' id='word_1_454' title='bbox 1326 705 1503 744; x_wconf 88' lang='lat' dir='ltr'><em>respondeo</em></span> <span class='ocrx_word' id='word_1_455' title='bbox 1522 716 1579 736; x_wconf 91' lang='lat' dir='ltr'><em>cur</em></span> <span class='ocrx_word' id='word_1_456' title='bbox 1597 716 1661 736; x_wconf 94' lang='grc'><strong>11011</strong></span> <span class='ocrx_word' id='word_1_457' title='bbox 1680 705 1814 737; x_wconf 85' lang='lat' dir='ltr'><em>eandem</em></span> <span class='ocrx_word' id='word_1_458' title='bbox 1834 708 2064 740; x_wconf 85' lang='lat' dir='ltr'><em>scurrilitatem</em></span> 
     </span>
     <span class='ocr_line' id='line_1_68' title="bbox 1104 746 2065 787; baseline 0.007 -12"><span class='ocrx_word' id='word_1_459' title='bbox 1104 754 1254 776; x_wconf 83' lang='lat' dir='ltr'><em>exserant</em></span> <span class='ocrx_word' id='word_1_460' title='bbox 1276 746 1309 776; x_wconf 91' lang='lat' dir='ltr'><em>in</em></span> <span class='ocrx_word' id='word_1_461' title='bbox 1334 757 1368 777; x_wconf 89' lang='lat' dir='ltr'><em>re</em></span> <span class='ocrx_word' id='word_1_462' title='bbox 1391 747 1527 787; x_wconf 84' lang='lat' dir='ltr'><em>vulgari.</em></span> <span class='ocrx_word' id='word_1_463' title='bbox 1563 747 1701 787; x_wconf 80' lang='lat' dir='ltr'><em>Quando</em></span> <span class='ocrx_word' id='word_1_464' title='bbox 1724 749 1810 780; x_wconf 92' lang='lat' dir='ltr'><em>enim</em></span> <span class='ocrx_word' id='word_1_465' title='bbox 1832 754 1907 780; x_wconf 90' lang='lat' dir='ltr'><em>ante</em></span> <span class='ocrx_word' id='word_1_466' title='bbox 1930 751 2065 782; x_wconf 85' lang='lat' dir='ltr'><em>manda-</em></span> 
     </span>
     <span class='ocr_line' id='line_1_69' title="bbox 1103 788 2065 833; baseline 0.009 -17"><span class='ocrx_word' id='word_1_467' title='bbox 1103 792 1156 817; x_wconf 88' lang='lat' dir='ltr'><em>tur</em></span> <span class='ocrx_word' id='word_1_468' title='bbox 1180 788 1292 820; x_wconf 89' lang='lat' dir='ltr'><em>salutis</em></span> <span class='ocrx_word' id='word_1_469' title='bbox 1323 788 1467 820; x_wconf 87' lang='lat' dir='ltr'><em>doctrina</em></span> <span class='ocrx_word' id='word_1_470' title='bbox 1496 789 1626 821; x_wconf 88' lang='lat' dir='ltr'><em>chartae</em></span> <span class='ocrx_word' id='word_1_471' title='bbox 1656 791 1706 822; x_wconf 87' lang='lat' dir='ltr'><em>vel</em></span> <span class='ocrx_word' id='word_1_472' title='bbox 1734 791 1941 823; x_wconf 88' lang='lat' dir='ltr'><em>membranae</em></span> <span class='ocrx_word' id='word_1_473' title='bbox 1968 804 2065 833; x_wconf 92' lang='lat' dir='ltr'><em>quam</em></span> 
     </span>
     <span class='ocr_line' id='line_1_70' title="bbox 1103 830 2064 874; baseline 0.007 -14"><span class='ocrx_word' id='word_1_474' title='bbox 1103 830 1211 867; x_wconf 83' lang='lat' dir='ltr'><em>nobis,</em></span> <span class='ocrx_word' id='word_1_475' title='bbox 1242 842 1297 862; x_wconf 87' lang='lat' dir='ltr'><em>cur</em></span> <span class='ocrx_word' id='word_1_476' title='bbox 1327 831 1402 862; x_wconf 87' lang='lat' dir='ltr'><em>fidei</em></span> <span class='ocrx_word' id='word_1_477' title='bbox 1433 837 1563 863; x_wconf 85' lang='lat' dir='ltr'><em>nostrae</em></span> <span class='ocrx_word' id='word_1_478' title='bbox 1592 833 1805 865; x_wconf 84' lang='lat' dir='ltr'><em>obedientiam</em></span> <span class='ocrx_word' id='word_1_479' title='bbox 1829 835 1934 874; x_wconf 87' lang='lat' dir='ltr'><em>plenis</em></span> <span class='ocrx_word' id='word_1_480' title='bbox 1957 835 2064 867; x_wconf 88' lang='lat' dir='ltr'><em>buccis</em></span> 
     </span>
     <span class='ocr_line' id='line_1_71' title="bbox 1102 873 2064 918; baseline 0.008 -16"><span class='ocrx_word' id='word_1_481' title='bbox 1102 883 1165 902; x_wconf 89' lang='lat' dir='ltr'><em>non</em></span> <span class='ocrx_word' id='word_1_482' title='bbox 1190 873 1359 904; x_wconf 82' lang='lat' dir='ltr'><em>derident?</em></span> <span class='ocrx_word' id='word_1_483' title='bbox 1394 874 1477 913; x_wconf 91' lang='lat' dir='ltr'><em>quod</em></span> <span class='ocrx_word' id='word_1_484' title='bbox 1501 875 1597 905; x_wconf 89' lang='lat' dir='ltr'><em>stulta</em></span> <span class='ocrx_word' id='word_1_485' title='bbox 1620 876 1809 907; x_wconf 88' lang='lat' dir='ltr'><em>credulitate</em></span> <span class='ocrx_word' id='word_1_486' title='bbox 1840 878 2064 918; x_wconf 85' lang='lat' dir='ltr'><em>amplectimur</em></span> 
     </span>
     <span class='ocr_line' id='line_1_72' title="bbox 1102 915 2063 957; baseline 0.007 -12"><span class='ocrx_word' id='word_1_487' title='bbox 1102 915 1330 954; x_wconf 82' lang='lat' dir='ltr'><em>promissiones</em></span> <span class='ocrx_word' id='word_1_488' title='bbox 1349 927 1367 946; x_wconf 91' lang='lat' dir='ltr'><em>a</em></span> <span class='ocrx_word' id='word_1_489' title='bbox 1386 916 1504 947; x_wconf 86' lang='lat' dir='ltr'><em>foetida</em></span> <span class='ocrx_word' id='word_1_490' title='bbox 1523 918 1605 957; x_wconf 87' lang='lat' dir='ltr'><em>pelle</em></span> <span class='ocrx_word' id='word_1_491' title='bbox 1623 919 1672 949; x_wconf 87' lang='lat' dir='ltr'><em>vel</em></span> <span class='ocrx_word' id='word_1_492' title='bbox 1691 919 1819 950; x_wconf 88' lang='lat' dir='ltr'><em>sordida</em></span> <span class='ocrx_word' id='word_1_493' title='bbox 1842 920 1904 951; x_wconf 89' lang='lat' dir='ltr'><em>alia</em></span> <span class='ocrx_word' id='word_1_494' title='bbox 1927 922 2063 953; x_wconf 88' lang='lat' dir='ltr'><em>materia</em></span> 
     </span>
     <span class='ocr_line' id='line_1_73' title="bbox 1102 957 2063 995; baseline 0.008 -8"><span class='ocrx_word' id='word_1_495' title='bbox 1102 957 1140 988; x_wconf 89' lang='lat' dir='ltr'><em>ad</em></span> <span class='ocrx_word' id='word_1_496' title='bbox 1166 968 1223 988; x_wconf 90' lang='lat' dir='ltr'><em>nos</em></span> <span class='ocrx_word' id='word_1_497' title='bbox 1248 959 1461 990; x_wconf 86' lang='lat' dir='ltr'><em>transmissas.</em></span> <span class='ocrx_word' id='word_1_498' title='bbox 1504 959 1659 991; x_wconf 84' lang='lat' dir='ltr'><em>Sabbathi</em></span> <span class='ocrx_word' id='word_1_499' title='bbox 1683 962 1937 994; x_wconf 87' lang='lat' dir='ltr'><em>observationem</em></span> <span class='ocrx_word' id='word_1_500' title='bbox 1961 964 2063 995; x_wconf 88' lang='lat' dir='ltr'><em>voluit</em></span> 
     </span>
     <span class='ocr_line' id='line_1_74' title="bbox 1101 999 2060 1046; baseline 0.007 -16"><span class='ocrx_word' id='word_1_501' title='bbox 1101 999 1191 1031; x_wconf 88' lang='lat' dir='ltr'><em>Deus</em></span> <span class='ocrx_word' id='word_1_502' title='bbox 1214 1001 1410 1041; x_wconf 86' lang='lat' dir='ltr'><em>insculptam</em></span> <span class='ocrx_word' id='word_1_503' title='bbox 1441 1012 1511 1032; x_wconf 84' lang='lat' dir='ltr'><em>esse</em></span> <span class='ocrx_word' id='word_1_504' title='bbox 1541 1003 1690 1034; x_wconf 87' lang='lat' dir='ltr'><em>omnibus</em></span> <span class='ocrx_word' id='word_1_505' title='bbox 1719 1005 1892 1041; x_wconf 83' lang='lat' dir='ltr'><em>creaturis,</em></span> <span class='ocrx_word' id='word_1_506' title='bbox 1928 1010 1963 1036; x_wconf 92' lang='lat' dir='ltr'><em>ut</em></span> <span class='ocrx_word' id='word_1_507' title='bbox 1984 1017 2060 1046; x_wconf 92' lang='lat' dir='ltr'><em>quo-</em></span> 
     </span>
     <span class='ocr_line' id='line_1_75' title="bbox 1101 1044 2060 1083; baseline 0.008 -11"><span class='ocrx_word' id='word_1_508' title='bbox 1101 1053 1224 1082; x_wconf 89' lang='lat' dir='ltr'><em>cunque</em></span> <span class='ocrx_word' id='word_1_509' title='bbox 1247 1048 1413 1074; x_wconf 85' lang='lat' dir='ltr'><em>verterent</em></span> <span class='ocrx_word' id='word_1_510' title='bbox 1435 1044 1542 1075; x_wconf 89' lang='lat' dir='ltr'><em>oculos</em></span> <span class='ocrx_word' id='word_1_511' title='bbox 1565 1045 1693 1083; x_wconf 89' lang='lat' dir='ltr'><em>Iudaei,</em></span> <span class='ocrx_word' id='word_1_512' title='bbox 1717 1047 1749 1077; x_wconf 93' lang='lat' dir='ltr'><em>in</em></span> <span class='ocrx_word' id='word_1_513' title='bbox 1774 1057 1809 1077; x_wconf 88' lang='lat' dir='ltr'><em>ea</em></span> <span class='ocrx_word' id='word_1_514' title='bbox 1831 1048 2060 1080; x_wconf 87' lang='lat' dir='ltr'><em>retinerentur.</em></span> 
     </span>
     <span class='ocr_line' id='line_1_76' title="bbox 1101 1086 2061 1129; baseline 0.007 -14"><span class='ocrx_word' id='word_1_515' title='bbox 1101 1086 1168 1115; x_wconf 82' lang='lat' dir='ltr'><em>Cur</em></span> <span class='ocrx_word' id='word_1_516' title='bbox 1192 1096 1253 1116; x_wconf 89' lang='grc'><strong>11011</strong></span> <span class='ocrx_word' id='word_1_517' title='bbox 1278 1087 1379 1126; x_wconf 90' lang='lat' dir='ltr'><em>igitur</em></span> <span class='ocrx_word' id='word_1_518' title='bbox 1403 1091 1489 1117; x_wconf 87' lang='lat' dir='ltr'><em>terra</em></span> <span class='ocrx_word' id='word_1_519' title='bbox 1513 1087 1661 1119; x_wconf 89' lang='lat' dir='ltr'><em>notabilis</em></span> <span class='ocrx_word' id='word_1_520' title='bbox 1684 1099 1753 1120; x_wconf 88' lang='lat' dir='ltr'><em>esse</em></span> <span class='ocrx_word' id='word_1_521' title='bbox 1772 1090 1877 1129; x_wconf 90' lang='lat' dir='ltr'><em>potuit</em></span> <span class='ocrx_word' id='word_1_522' title='bbox 1895 1090 2061 1123; x_wconf 85' lang='lat' dir='ltr'><em>character</em></span> 
     </span>
     <span class='ocr_line' id='line_1_77' title="bbox 1101 1128 2060 1172; baseline 0.007 -14"><span class='ocrx_word' id='word_1_523' title='bbox 1101 1128 1139 1158; x_wconf 87' lang='lat' dir='ltr'><em>ad</em></span> <span class='ocrx_word' id='word_1_524' title='bbox 1164 1139 1303 1159; x_wconf 85' lang='lat' dir='ltr'><em>crassam</em></span> <span class='ocrx_word' id='word_1_525' title='bbox 1333 1128 1431 1159; x_wconf 88' lang='lat' dir='ltr'><em>huius</em></span> <span class='ocrx_word' id='word_1_526' title='bbox 1462 1129 1624 1161; x_wconf 87' lang='lat' dir='ltr'><em>doctrinae</em></span> <span class='ocrx_word' id='word_1_527' title='bbox 1651 1131 1922 1171; x_wconf 80' lang='lat' dir='ltr'><em>explicationem?</em></span> <span class='ocrx_word' id='word_1_528' title='bbox 1965 1133 2060 1172; x_wconf 75' lang='lat' dir='ltr'><em>Quod</em></span> 
     </span>
     <span class='ocr_line' id='line_1_78' title="bbox 1102 1170 2060 1215; baseline 0.007 -15"><span class='ocrx_word' id='word_1_529' title='bbox 1102 1170 1230 1202; x_wconf 87' lang='lat' dir='ltr'><em>dicitur:</em></span> <span class='ocrx_word' id='word_1_530' title='bbox 1265 1171 1445 1202; x_wconf 86' lang='lat' dir='ltr'><em>Residuum</em></span> <span class='ocrx_word' id='word_1_531' title='bbox 1469 1172 1637 1203; x_wconf 84' lang='lat' dir='ltr'><em>comedent</em></span> <span class='ocrx_word' id='word_1_532' title='bbox 1661 1173 1779 1205; x_wconf 88' lang='lat' dir='ltr'><em>bestiae</em></span> <span class='ocrx_word' id='word_1_533' title='bbox 1809 1176 1892 1215; x_wconf 83' lang='lat' dir='ltr'><em>agri,</em></span> <span class='ocrx_word' id='word_1_534' title='bbox 1917 1186 1980 1207; x_wconf 90' lang='grc'><strong>11011</strong></span> <span class='ocrx_word' id='word_1_535' title='bbox 2003 1187 2060 1207; x_wconf 80' lang='lat' dir='ltr'><em>ex-</em></span> 
     </span>
     <span class='ocr_line' id='line_1_79' title="bbox 1102 1213 2060 1259; baseline 0.007 -16"><span class='ocrx_word' id='word_1_536' title='bbox 1102 1213 1245 1244; x_wconf 84' lang='lat' dir='ltr'><em>tenditur</em></span> <span class='ocrx_word' id='word_1_537' title='bbox 1268 1214 1306 1244; x_wconf 92' lang='lat' dir='ltr'><em>ad</em></span> <span class='ocrx_word' id='word_1_538' title='bbox 1331 1214 1414 1245; x_wconf 84' lang='lat' dir='ltr'><em>feras</em></span> <span class='ocrx_word' id='word_1_539' title='bbox 1437 1215 1561 1252; x_wconf 88' lang='lat' dir='ltr'><em>noxias,</em></span> <span class='ocrx_word' id='word_1_540' title='bbox 1585 1226 1664 1255; x_wconf 85' lang='lat' dir='ltr'><em>quas</em></span> <span class='ocrx_word' id='word_1_541' title='bbox 1688 1216 1778 1248; x_wconf 87' lang='lat' dir='ltr'><em>licuit</em></span> <span class='ocrx_word' id='word_1_542' title='bbox 1800 1218 1928 1258; x_wconf 86' lang='lat' dir='ltr'><em>abigere</em></span> <span class='ocrx_word' id='word_1_543' title='bbox 1947 1229 1965 1249; x_wconf 88' lang='grc'><em>0</em></span> <span class='ocrx_word' id='word_1_544' title='bbox 1987 1229 2060 1259; x_wconf 90' lang='lat' dir='ltr'><em>pos-</em></span> 
     </span>
     <span class='ocr_line' id='line_1_80' title="bbox 1100 1256 2060 1299; baseline 0.006 -13"><span class='ocrx_word' id='word_1_545' title='bbox 1100 1256 1310 1287; x_wconf 87' lang='lat' dir='ltr'><em>sessionibus:</em></span> <span class='ocrx_word' id='word_1_546' title='bbox 1341 1256 1397 1287; x_wconf 88' lang='lat' dir='ltr'><em>sed</em></span> <span class='ocrx_word' id='word_1_547' title='bbox 1421 1261 1547 1288; x_wconf 89' lang='lat' dir='ltr'><em>tantum</em></span> <span class='ocrx_word' id='word_1_548' title='bbox 1571 1258 1660 1289; x_wconf 90' lang='lat' dir='ltr'><em>iubet</em></span> <span class='ocrx_word' id='word_1_549' title='bbox 1683 1259 1772 1290; x_wconf 89' lang='lat' dir='ltr'><em>Deus</em></span> <span class='ocrx_word' id='word_1_550' title='bbox 1801 1261 1981 1299; x_wconf 89' lang='lat' dir='ltr'><em>promiscue</em></span> <span class='ocrx_word' id='word_1_551' title='bbox 2004 1271 2060 1292; x_wconf 74' lang='lat' dir='ltr'><em>ex·</em></span> 
     </span>
     <span class='ocr_line' id='line_1_81' title="bbox 1099 1299 2060 1343; baseline 0.006 -15"><span class='ocrx_word' id='word_1_552' title='bbox 1099 1299 1174 1338; x_wconf 90' lang='lat' dir='ltr'><em>poni</em></span> <span class='ocrx_word' id='word_1_553' title='bbox 1186 1300 1220 1329; x_wconf 91' lang='lat' dir='ltr'><em>in</em></span> <span class='ocrx_word' id='word_1_554' title='bbox 1233 1300 1354 1330; x_wconf 83' lang='lat' dir='ltr'><em>victum</em></span> <span class='ocrx_word' id='word_1_555' title='bbox 1374 1304 1439 1330; x_wconf 87' lang='lat' dir='ltr'><em>tam</em></span> <span class='ocrx_word' id='word_1_556' title='bbox 1459 1299 1644 1332; x_wconf 90' lang='lat' dir='ltr'><em>hominibus</em></span> <span class='ocrx_word' id='word_1_557' title='bbox 1664 1312 1759 1340; x_wconf 90' lang='lat' dir='ltr'><em>quam</em></span> <span class='ocrx_word' id='word_1_558' title='bbox 1779 1301 1889 1333; x_wconf 90' lang='lat' dir='ltr'><em>bestiis</em></span> <span class='ocrx_word' id='word_1_559' title='bbox 1907 1302 2060 1343; x_wconf 90' lang='lat' dir='ltr'><em>quidquid</em></span> 
     </span>
     <span class='ocr_line' id='line_1_82' title="bbox 1099 1342 2060 1383; baseline 0.006 -12"><span class='ocrx_word' id='word_1_560' title='bbox 1099 1346 1185 1372; x_wconf 88' lang='lat' dir='ltr'><em>terra</em></span> <span class='ocrx_word' id='word_1_561' title='bbox 1208 1342 1387 1381; x_wconf 87' lang='lat' dir='ltr'><em>protulerit.</em></span> <span class='ocrx_word' id='word_1_562' title='bbox 1433 1342 1477 1373; x_wconf 90' lang='lat' dir='ltr'><em>Et</em></span> <span class='ocrx_word' id='word_1_563' title='bbox 1499 1342 1626 1382; x_wconf 88' lang='lat' dir='ltr'><em>obliqua</em></span> <span class='ocrx_word' id='word_1_564' title='bbox 1648 1348 1697 1374; x_wconf 90' lang='lat' dir='ltr'><em>est</em></span> <span class='ocrx_word' id='word_1_565' title='bbox 1719 1345 1913 1383; x_wconf 87' lang='lat' dir='ltr'><em>quaestionis</em></span> <span class='ocrx_word' id='word_1_566' title='bbox 1935 1345 2060 1383; x_wconf 79' lang='lat' dir='ltr'><em>solutio,</em></span> 
     </span>
     <span class='ocr_line' id='line_1_83' title="bbox 1099 1384 2060 1427; baseline 0.005 -13"><span class='ocrx_word' id='word_1_567' title='bbox 1099 1384 1172 1423; x_wconf 90' lang='lat' dir='ltr'><em>quia</em></span> <span class='ocrx_word' id='word_1_568' title='bbox 1213 1384 1302 1415; x_wconf 87' lang='lat' dir='ltr'><em>Deus</em></span> <span class='ocrx_word' id='word_1_569' title='bbox 1342 1384 1482 1415; x_wconf 89' lang='lat' dir='ltr'><em>ostendit</em></span> <span class='ocrx_word' id='word_1_570' title='bbox 1523 1385 1638 1416; x_wconf 87' lang='lat' dir='ltr'><em>herbas</em></span> <span class='ocrx_word' id='word_1_571' title='bbox 1679 1397 1743 1417; x_wconf 91' lang='lat' dir='ltr'><em>non</em></span> <span class='ocrx_word' id='word_1_572' title='bbox 1783 1397 1851 1418; x_wconf 89' lang='lat' dir='ltr'><em>esse</em></span> <span class='ocrx_word' id='word_1_573' title='bbox 1890 1388 2060 1427; x_wconf 88' lang='lat' dir='ltr'><em>perituras,</em></span> 
     </span>
     <span class='ocr_line' id='line_1_84' title="bbox 1100 1426 2061 1466; baseline 0.005 -10"><span class='ocrx_word' id='word_1_574' title='bbox 1100 1427 1248 1466; x_wconf 87' lang='lat' dir='ltr'><em>quamvis</em></span> <span class='ocrx_word' id='word_1_575' title='bbox 1271 1426 1398 1458; x_wconf 88' lang='lat' dir='ltr'><em>nullum</em></span> <span class='ocrx_word' id='word_1_576' title='bbox 1421 1427 1463 1459; x_wconf 89' lang='lat' dir='ltr'><em>sit</em></span> <span class='ocrx_word' id='word_1_577' title='bbox 1485 1427 1703 1460; x_wconf 87' lang='lat' dir='ltr'><em>foenisecium.</em></span> <span class='ocrx_word' id='word_1_578' title='bbox 1739 1429 1858 1461; x_wconf 90' lang='lat' dir='ltr'><em>Bestiis</em></span> <span class='ocrx_word' id='word_1_579' title='bbox 1881 1430 1967 1461; x_wconf 88' lang='lat' dir='ltr'><em>enim</em></span> <span class='ocrx_word' id='word_1_580' title='bbox 1987 1431 2061 1462; x_wconf 89' lang='lat' dir='ltr'><em>her-</em></span> 
     </span>
     <span class='ocr_line' id='line_1_85' title="bbox 1100 1469 2060 1512; baseline 0.006 -13"><span class='ocrx_word' id='word_1_581' title='bbox 1100 1469 1156 1500; x_wconf 87' lang='lat' dir='ltr'><em>bas</em></span> <span class='ocrx_word' id='word_1_582' title='bbox 1179 1470 1246 1500; x_wconf 89' lang='lat' dir='ltr'><em>fore</em></span> <span class='ocrx_word' id='word_1_583' title='bbox 1269 1469 1337 1500; x_wconf 90' lang='lat' dir='ltr'><em>loco</em></span> <span class='ocrx_word' id='word_1_584' title='bbox 1366 1470 1468 1507; x_wconf 83' lang='lat' dir='ltr'><em>foeni,</em></span> <span class='ocrx_word' id='word_1_585' title='bbox 1499 1475 1536 1501; x_wconf 90' lang='lat' dir='ltr'><em>ut</em></span> <span class='ocrx_word' id='word_1_586' title='bbox 1558 1472 1592 1502; x_wconf 89' lang='lat' dir='ltr'><em>in</em></span> <span class='ocrx_word' id='word_1_587' title='bbox 1616 1472 1702 1511; x_wconf 86' lang='lat' dir='ltr'><em>agris</em></span> <span class='ocrx_word' id='word_1_588' title='bbox 1724 1478 1755 1502; x_wconf 88' lang='lat' dir='ltr'><em>et</em></span> <span class='ocrx_word' id='word_1_589' title='bbox 1778 1473 1880 1512; x_wconf 89' lang='lat' dir='ltr'><em>pratis</em></span> <span class='ocrx_word' id='word_1_590' title='bbox 1903 1472 1942 1504; x_wconf 92' lang='lat' dir='ltr'><em>ad</em></span> <span class='ocrx_word' id='word_1_591' title='bbox 1965 1474 2060 1505; x_wconf 87' lang='lat' dir='ltr'><em>satie-</em></span> 
     </span>
     <span class='ocr_line' id='line_1_86' title="bbox 1099 1513 2061 1555; baseline 0.006 -14"><span class='ocrx_word' id='word_1_592' title='bbox 1099 1515 1197 1542; x_wconf 87' lang='lat' dir='ltr'><em>tatem</em></span> <span class='ocrx_word' id='word_1_593' title='bbox 1220 1517 1400 1552; x_wconf 81' lang='lat' dir='ltr'><em>pascantur.</em></span> <span class='ocrx_word' id='word_1_594' title='bbox 1445 1513 1603 1544; x_wconf 85' lang='lat' dir='ltr'><em>Exoritur</em></span> <span class='ocrx_word' id='word_1_595' title='bbox 1626 1518 1732 1545; x_wconf 90' lang='lat' dir='ltr'><em>tamen</em></span> <span class='ocrx_word' id='word_1_596' title='bbox 1757 1515 1819 1545; x_wconf 86' lang='lat' dir='ltr'><em>alia</em></span> <span class='ocrx_word' id='word_1_597' title='bbox 1850 1516 1994 1555; x_wconf 85' lang='lat' dir='ltr'><em>quaestio</em></span> <span class='ocrx_word' id='word_1_598' title='bbox 2020 1527 2061 1547; x_wconf 81' lang='lat' dir='ltr'><em>ex</em></span> 
     </span>
     <span class='ocr_line' id='line_1_87' title="bbox 1100 1554 2061 1597; baseline 0.005 -13"><span class='ocrx_word' id='word_1_599' title='bbox 1100 1554 1167 1585; x_wconf 90' lang='lat' dir='ltr'><em>loco</em></span> <span class='ocrx_word' id='word_1_600' title='bbox 1187 1555 1341 1586; x_wconf 89' lang='lat' dir='ltr'><em>Levitici:</em></span> <span class='ocrx_word' id='word_1_601' title='bbox 1376 1555 1431 1587; x_wconf 89' lang='lat' dir='ltr'><em>ubi</em></span> <span class='ocrx_word' id='word_1_602' title='bbox 1466 1556 1554 1587; x_wconf 91' lang='lat' dir='ltr'><em>Deus</em></span> <span class='ocrx_word' id='word_1_603' title='bbox 1585 1567 1736 1597; x_wconf 84' lang='lat' dir='ltr'><em>agrorum</em></span> <span class='ocrx_word' id='word_1_604' title='bbox 1766 1559 1999 1597; x_wconf 89' lang='lat' dir='ltr'><em>possessoribus</em></span> <span class='ocrx_word' id='word_1_605' title='bbox 2030 1564 2061 1589; x_wconf 90' lang='lat' dir='ltr'><em>et</em></span> 
     </span>
     <span class='ocr_line' id='line_1_88' title="bbox 1100 1597 2061 1640; baseline 0.004 -13"><span class='ocrx_word' id='word_1_606' title='bbox 1100 1608 1210 1628; x_wconf 91' lang='lat' dir='ltr'><em>eorum</em></span> <span class='ocrx_word' id='word_1_607' title='bbox 1234 1597 1364 1628; x_wconf 86' lang='lat' dir='ltr'><em>familiis</em></span> <span class='ocrx_word' id='word_1_608' title='bbox 1387 1598 1536 1638; x_wconf 81' lang='lat' dir='ltr'><em>colligere</em></span> <span class='ocrx_word' id='word_1_609' title='bbox 1559 1599 1592 1629; x_wconf 91' lang='grc'><em>111</em></span> <span class='ocrx_word' id='word_1_610' title='bbox 1617 1600 1770 1631; x_wconf 86' lang='lat' dir='ltr'><em>alimenta</em></span> <span class='ocrx_word' id='word_1_611' title='bbox 1798 1600 1956 1640; x_wconf 90' lang='lat' dir='ltr'><em>permittit</em></span> <span class='ocrx_word' id='word_1_612' title='bbox 1978 1600 2061 1640; x_wconf 91' lang='lat' dir='ltr'><em>quod</em></span> 
     </span>
     <span class='ocr_line' id='line_1_89' title="bbox 1100 1641 2062 1682; baseline 0.004 -12"><span class='ocrx_word' id='word_1_613' title='bbox 1100 1646 1176 1670; x_wconf 89' lang='lat' dir='ltr'><em>tunc</em></span> <span class='ocrx_word' id='word_1_614' title='bbox 1199 1646 1312 1680; x_wconf 87' lang='lat' dir='ltr'><em>sponte</em></span> <span class='ocrx_word' id='word_1_615' title='bbox 1335 1646 1447 1671; x_wconf 87' lang='lat' dir='ltr'><em>natum</em></span> <span class='ocrx_word' id='word_1_616' title='bbox 1470 1641 1574 1672; x_wconf 84' lang='lat' dir='ltr'><em>fuerit.</em></span> <span class='ocrx_word' id='word_1_617' title='bbox 1620 1642 1687 1673; x_wconf 83' lang='lat' dir='ltr'><em>Sed</em></span> <span class='ocrx_word' id='word_1_618' title='bbox 1710 1642 1792 1673; x_wconf 91' lang='lat' dir='ltr'><em>nihil</em></span> <span class='ocrx_word' id='word_1_619' title='bbox 1814 1643 1919 1674; x_wconf 87' lang='lat' dir='ltr'><em>obstat</em></span> <span class='ocrx_word' id='word_1_620' title='bbox 1939 1644 2062 1682; x_wconf 89' lang='lat' dir='ltr'><em>quomi-</em></span> 
     </span>
     <span class='ocr_line' id='line_1_90' title="bbox 1100 1683 2060 1724; baseline 0.003 -11"><span class='ocrx_word' id='word_1_621' title='bbox 1100 1693 1161 1713; x_wconf 90' lang='lat' dir='ltr'><em>nus</em></span> <span class='ocrx_word' id='word_1_622' title='bbox 1184 1683 1244 1722; x_wconf 91' lang='lat' dir='ltr'><em>ipsi</em></span> <span class='ocrx_word' id='word_1_623' title='bbox 1274 1693 1399 1723; x_wconf 87' lang='lat' dir='ltr'><em>quoque</em></span> <span class='ocrx_word' id='word_1_624' title='bbox 1428 1687 1581 1724; x_wconf 87' lang='lat' dir='ltr'><em>tanquam</em></span> <span class='ocrx_word' id='word_1_625' title='bbox 1609 1685 1771 1722; x_wconf 86' lang='lat' dir='ltr'><em>extranei,</em></span> <span class='ocrx_word' id='word_1_626' title='bbox 1803 1689 1834 1716; x_wconf 91' lang='lat' dir='ltr'><em>et</em></span> <span class='ocrx_word' id='word_1_627' title='bbox 1863 1696 1902 1716; x_wconf 87' lang='lat' dir='ltr'><em>ex</em></span> <span class='ocrx_word' id='word_1_628' title='bbox 1926 1685 2060 1717; x_wconf 89' lang='lat' dir='ltr'><em>aliorum</em></span> 
     </span>
     <span class='ocr_line' id='line_1_91' title="bbox 1100 1726 2061 1768; baseline 0.004 -13"><span class='ocrx_word' id='word_1_629' title='bbox 1100 1736 1250 1762; x_wconf 91' lang='lat' dir='ltr'><em>numero,</em></span> <span class='ocrx_word' id='word_1_630' title='bbox 1291 1726 1377 1757; x_wconf 86' lang='lat' dir='ltr'><em>vesci</em></span> <span class='ocrx_word' id='word_1_631' title='bbox 1411 1727 1577 1766; x_wconf 89' lang='lat' dir='ltr'><em>potuerint</em></span> <span class='ocrx_word' id='word_1_632' title='bbox 1610 1727 1756 1768; x_wconf 83' lang='lat' dir='ltr'><em>frugibus</em></span> <span class='ocrx_word' id='word_1_633' title='bbox 1796 1738 1876 1767; x_wconf 90' lang='lat' dir='ltr'><em>quae</em></span> <span class='ocrx_word' id='word_1_634' title='bbox 1916 1728 2061 1759; x_wconf 89' lang='lat' dir='ltr'><em>omnium</em></span> 
     </span>
     <span class='ocr_line' id='line_1_92' title="bbox 1099 1768 2060 1806; baseline 0.003 -8"><span class='ocrx_word' id='word_1_635' title='bbox 1099 1778 1284 1799; x_wconf 86' lang='lat' dir='ltr'><em>communes</em></span> <span class='ocrx_word' id='word_1_636' title='bbox 1306 1773 1408 1806; x_wconf 87' lang='lat' dir='ltr'><em>erant,</em></span> <span class='ocrx_word' id='word_1_637' title='bbox 1430 1768 1524 1800; x_wconf 91' lang='lat' dir='ltr'><em>modo</em></span> <span class='ocrx_word' id='word_1_638' title='bbox 1543 1780 1583 1800; x_wconf 91' lang='lat' dir='ltr'><em>ne</em></span> <span class='ocrx_word' id='word_1_639' title='bbox 1602 1781 1660 1801; x_wconf 84' lang='lat' dir='ltr'><em>sua</em></span> <span class='ocrx_word' id='word_1_640' title='bbox 1678 1770 1849 1801; x_wconf 87' lang='lat' dir='ltr'><em>tenacitate</em></span> <span class='ocrx_word' id='word_1_641' title='bbox 1872 1770 2060 1801; x_wconf 86' lang='lat' dir='ltr'><em>fraudarent</em></span> 
     </span>
     <span class='ocr_line' id='line_1_93' title="bbox 1098 1811 2059 1853; baseline 0.003 -12"><span class='ocrx_word' id='word_1_642' title='bbox 1098 1821 1266 1852; x_wconf 88' lang='lat' dir='ltr'><em>pauperes.</em></span> <span class='ocrx_word' id='word_1_643' title='bbox 1310 1811 1402 1842; x_wconf 89' lang='lat' dir='ltr'><em>Idem</em></span> <span class='ocrx_word' id='word_1_644' title='bbox 1436 1811 1531 1852; x_wconf 88' lang='lat' dir='ltr'><em>paulo</em></span> <span class='ocrx_word' id='word_1_645' title='bbox 1561 1818 1635 1853; x_wconf 89' lang='lat' dir='ltr'><em>post</em></span> <span class='ocrx_word' id='word_1_646' title='bbox 1662 1812 1830 1844; x_wconf 88' lang='lat' dir='ltr'><em>subiicitur</em></span> <span class='ocrx_word' id='word_1_647' title='bbox 1860 1813 1892 1843; x_wconf 90' lang='grc'><em>111</em></span> <span class='ocrx_word' id='word_1_648' title='bbox 1918 1812 2059 1853; x_wconf 90' lang='lat' dir='ltr'><em>descrip-</em></span> 
     </span>
     <span class='ocr_line' id='line_1_94' title="bbox 1099 1853 2061 1896; baseline 0.004 -13"><span class='ocrx_word' id='word_1_649' title='bbox 1099 1854 1185 1884; x_wconf 86' lang='lat' dir='ltr'><em>tione</em></span> <span class='ocrx_word' id='word_1_650' title='bbox 1208 1853 1362 1884; x_wconf 87' lang='lat' dir='ltr'><em>Iubilaei:</em></span> <span class='ocrx_word' id='word_1_651' title='bbox 1393 1865 1468 1885; x_wconf 88' lang='lat' dir='ltr'><em>nam</em></span> <span class='ocrx_word' id='word_1_652' title='bbox 1499 1854 1560 1886; x_wconf 89' lang='lat' dir='ltr'><em>etsi</em></span> <span class='ocrx_word' id='word_1_653' title='bbox 1591 1866 1696 1887; x_wconf 86' lang='lat' dir='ltr'><em>annus</em></span> <span class='ocrx_word' id='word_1_654' title='bbox 1726 1855 1780 1885; x_wconf 88' lang='lat' dir='ltr'><em>ille</em></span> <span class='ocrx_word' id='word_1_655' title='bbox 1802 1855 1856 1895; x_wconf 90' lang='lat' dir='ltr'><em>qui</em></span> <span class='ocrx_word' id='word_1_656' title='bbox 1880 1855 2061 1896; x_wconf 85' lang='lat' dir='ltr'><em>complebat</em></span> 
     </span>
     <span class='ocr_line' id='line_1_95' title="bbox 1099 1897 2060 1937; baseline 0.001 -10"><span class='ocrx_word' id='word_1_657' title='bbox 1099 1901 1222 1936; x_wconf 90' lang='lat' dir='ltr'><em>septem</em></span> <span class='ocrx_word' id='word_1_658' title='bbox 1245 1897 1453 1936; x_wconf 88' lang='lat' dir='ltr'><em>septenarios,</em></span> <span class='ocrx_word' id='word_1_659' title='bbox 1477 1897 1609 1937; x_wconf 89' lang='lat' dir='ltr'><em>reliquis</em></span> <span class='ocrx_word' id='word_1_660' title='bbox 1626 1904 1695 1929; x_wconf 89' lang='lat' dir='ltr'><em>erat</em></span> <span class='ocrx_word' id='word_1_661' title='bbox 1718 1898 1878 1934; x_wconf 87' lang='lat' dir='ltr'><em>celebrior,</em></span> <span class='ocrx_word' id='word_1_662' title='bbox 1902 1898 2060 1937; x_wconf 87' lang='lat' dir='ltr'><em>permittit</em></span> 
     </span>
     <span class='ocr_line' id='line_1_96' title="bbox 1100 1939 2059 1981; baseline 0.002 -11"><span class='ocrx_word' id='word_1_663' title='bbox 1100 1944 1208 1970; x_wconf 86' lang='lat' dir='ltr'><em>tamen</em></span> <span class='ocrx_word' id='word_1_664' title='bbox 1242 1939 1330 1970; x_wconf 86' lang='lat' dir='ltr'><em>Deus</em></span> <span class='ocrx_word' id='word_1_665' title='bbox 1370 1949 1482 1971; x_wconf 89' lang='lat' dir='ltr'><em>omnes</em></span> <span class='ocrx_word' id='word_1_666' title='bbox 1519 1940 1667 1980; x_wconf 87' lang='lat' dir='ltr'><em>frugibus</em></span> <span class='ocrx_word' id='word_1_667' title='bbox 1701 1945 1813 1981; x_wconf 84' lang='lat' dir='ltr'><em>sponte</em></span> <span class='ocrx_word' id='word_1_668' title='bbox 1846 1940 1930 1971; x_wconf 86' lang='lat' dir='ltr'><em>natis</em></span> <span class='ocrx_word' id='word_1_669' title='bbox 1963 1941 2059 1972; x_wconf 85' lang='lat' dir='ltr'><em>vesci.</em></span> 
     </span>
     <span class='ocr_line' id='line_1_97' title="bbox 1101 1981 2059 2023; baseline 0.002 -11"><span class='ocrx_word' id='word_1_670' title='bbox 1101 1982 1295 2013; x_wconf 88' lang='lat' dir='ltr'><em>Restrictius</em></span> <span class='ocrx_word' id='word_1_671' title='bbox 1323 1981 1464 2021; x_wconf 91' lang='lat' dir='ltr'><em>loquitur</em></span> <span class='ocrx_word' id='word_1_672' title='bbox 1493 1983 1527 2014; x_wconf 90' lang='lat' dir='ltr'><em>in</em></span> <span class='ocrx_word' id='word_1_673' title='bbox 1556 1983 1684 2021; x_wconf 87' lang='lat' dir='ltr'><em>Exodo,</em></span> <span class='ocrx_word' id='word_1_674' title='bbox 1715 1994 1775 2023; x_wconf 90' lang='lat' dir='ltr'><em>quo</em></span> <span class='ocrx_word' id='word_1_675' title='bbox 1805 1982 1907 2022; x_wconf 84' lang='lat' dir='ltr'><em>magis</em></span> <span class='ocrx_word' id='word_1_676' title='bbox 1936 1993 1989 2014; x_wconf 88' lang='lat' dir='ltr'><em>eos</em></span> <span class='ocrx_word' id='word_1_677' title='bbox 2019 1983 2059 2014; x_wconf 86' lang='lat' dir='ltr'><em>ad</em></span> 
     </span>
     <span class='ocr_line' id='line_1_98' title="bbox 1100 2024 2060 2057; baseline 0.002 -2"><span class='ocrx_word' id='word_1_678' title='bbox 1100 2024 1326 2056; x_wconf 88' lang='lat' dir='ltr'><em>liberalitatem</em></span> <span class='ocrx_word' id='word_1_679' title='bbox 1360 2024 1517 2057; x_wconf 89' lang='lat' dir='ltr'><em>hortetur.</em></span> <span class='ocrx_word' id='word_1_680' title='bbox 1573 2025 1612 2056; x_wconf 92' lang='lat' dir='ltr'><em>In</em></span> <span class='ocrx_word' id='word_1_681' title='bbox 1648 2026 1794 2057; x_wconf 87' lang='lat' dir='ltr'><em>Levitico</em></span> <span class='ocrx_word' id='word_1_682' title='bbox 1828 2029 1934 2056; x_wconf 81' lang='lat' dir='ltr'><em>autem</em></span> <span class='ocrx_word' id='word_1_683' title='bbox 1967 2024 2060 2057; x_wconf 90' lang='lat' dir='ltr'><em>docet</em></span> 
     </span>
     <span class='ocr_line' id='line_1_99' title="bbox 1101 2066 2059 2108; baseline 0.001 -10"><span class='ocrx_word' id='word_1_684' title='bbox 1101 2078 1165 2098; x_wconf 88' lang='lat' dir='ltr'><em>non</em></span> <span class='ocrx_word' id='word_1_685' title='bbox 1196 2078 1264 2098; x_wconf 86' lang='lat' dir='ltr'><em>esse</em></span> <span class='ocrx_word' id='word_1_686' title='bbox 1294 2066 1472 2107; x_wconf 90' lang='lat' dir='ltr'><em>periculum</em></span> <span class='ocrx_word' id='word_1_687' title='bbox 1504 2078 1544 2099; x_wconf 90' lang='grc'><em>110</em></span> <span class='ocrx_word' id='word_1_688' title='bbox 1571 2067 1648 2108; x_wconf 90' lang='lat' dir='ltr'><em>quid</em></span> <span class='ocrx_word' id='word_1_689' title='bbox 1678 2067 1847 2099; x_wconf 87' lang='lat' dir='ltr'><em>intercidat</em></span> <span class='ocrx_word' id='word_1_690' title='bbox 1879 2077 1919 2098; x_wconf 86' lang='lat' dir='ltr'><em>ex</em></span> <span class='ocrx_word' id='word_1_691' title='bbox 1953 2070 2059 2099; x_wconf 87' lang='lat' dir='ltr'><em>terrae</em></span> 
     </span>
     <span class='ocr_line' id='line_1_100' title="bbox 1100 2110 2060 2151; baseline 0.001 -10"><span class='ocrx_word' id='word_1_692' title='bbox 1100 2114 1278 2151; x_wconf 84' lang='lat' dir='ltr'><em>proventu:</em></span> <span class='ocrx_word' id='word_1_693' title='bbox 1307 2110 1382 2149; x_wconf 83' lang='lat' dir='ltr'><em>quia.</em></span> <span class='ocrx_word' id='word_1_694' title='bbox 1411 2114 1541 2149; x_wconf 88' lang='lat' dir='ltr'><em>praeter</em></span> <span class='ocrx_word' id='word_1_695' title='bbox 1563 2111 1778 2142; x_wconf 86' lang='lat' dir='ltr'><em>mercenarios</em></span> <span class='ocrx_word' id='word_1_696' title='bbox 1808 2114 1839 2140; x_wconf 88' lang='lat' dir='ltr'><em>et</em></span> <span class='ocrx_word' id='word_1_697' title='bbox 1862 2110 2060 2150; x_wconf 85' lang='lat' dir='ltr'><em>peregrinos,</em></span> 
     </span>
     <span class='ocr_line' id='line_1_101' title="bbox 1100 2152 2061 2193; baseline 0 -9"><span class='ocrx_word' id='word_1_698' title='bbox 1100 2153 1177 2193; x_wconf 88' lang='lat' dir='ltr'><em>ipsis</em></span> <span class='ocrx_word' id='word_1_699' title='bbox 1206 2162 1330 2192; x_wconf 90' lang='lat' dir='ltr'><em>quoque</em></span> <span class='ocrx_word' id='word_1_700' title='bbox 1359 2156 1392 2183; x_wconf 89' lang='lat' dir='ltr'><em>et</em></span> <span class='ocrx_word' id='word_1_701' title='bbox 1420 2154 1522 2185; x_wconf 89' lang='lat' dir='ltr'><em>servis</em></span> <span class='ocrx_word' id='word_1_702' title='bbox 1552 2163 1680 2191; x_wconf 89' lang='lat' dir='ltr'><em>eorum,</em></span> <span class='ocrx_word' id='word_1_703' title='bbox 1710 2159 1741 2183; x_wconf 89' lang='lat' dir='ltr'><em>et</em></span> <span class='ocrx_word' id='word_1_704' title='bbox 1768 2152 1921 2183; x_wconf 89' lang='lat' dir='ltr'><em>iumentis</em></span> <span class='ocrx_word' id='word_1_705' title='bbox 1951 2152 2061 2184; x_wconf 88' lang='lat' dir='ltr'><em>licebit</em></span> 
     </span>
     <span class='ocr_line' id='line_1_102' title="bbox 1099 2193 2060 2237; baseline 0 -10"><span class='ocrx_word' id='word_1_706' title='bbox 1099 2196 1204 2227; x_wconf 90' lang='lat' dir='ltr'><em>cibum</em></span> <span class='ocrx_word' id='word_1_707' title='bbox 1224 2204 1346 2235; x_wconf 87' lang='lat' dir='ltr'><em>capere.</em></span> <span class='ocrx_word' id='word_1_708' title='bbox 1381 2193 1491 2237; x_wconf 78' lang='lat' dir='ltr'><em>[Quod</em></span> <span class='ocrx_word' id='word_1_709' title='bbox 1506 2196 1591 2234; x_wconf 87' lang='lat' dir='ltr'><em>dicit,</em></span> <span class='ocrx_word' id='word_1_710' title='bbox 1610 2200 1723 2235; x_wconf 88' lang='lat' dir='ltr'><em>sponte</em></span> <span class='ocrx_word' id='word_1_711' title='bbox 1742 2195 1886 2236; x_wconf 87' lang='lat' dir='ltr'><em>genitum</em></span> <span class='ocrx_word' id='word_1_712' title='bbox 1906 2195 1940 2225; x_wconf 91' lang='lat' dir='ltr'><em>in</em></span> <span class='ocrx_word' id='word_1_713' title='bbox 1955 2205 2060 2227; x_wconf 87' lang='lat' dir='ltr'><em>messe</em></span> 
     </span>
     <span class='ocr_line' id='line_1_103' title="bbox 1099 2238 2061 2277; baseline 0 -8"><span class='ocrx_word' id='word_1_714' title='bbox 1099 2244 1163 2275; x_wconf 84' lang='lat' dir='ltr'><em>tua,</em></span> <span class='ocrx_word' id='word_1_715' title='bbox 1177 2238 1216 2268; x_wconf 90' lang='lat' dir='ltr'><em>de</em></span> <span class='ocrx_word' id='word_1_716' title='bbox 1228 2247 1305 2277; x_wconf 88' lang='lat' dir='ltr'><em>agro</em></span> <span class='ocrx_word' id='word_1_717' title='bbox 1317 2248 1411 2277; x_wconf 88' lang='lat' dir='ltr'><em>quem</em></span> <span class='ocrx_word' id='word_1_718' title='bbox 1424 2243 1544 2269; x_wconf 90' lang='lat' dir='ltr'><em>metere</em></span> <span class='ocrx_word' id='word_1_719' title='bbox 1563 2238 1716 2275; x_wconf 88' lang='lat' dir='ltr'><em>solebant,</em></span> <span class='ocrx_word' id='word_1_720' title='bbox 1736 2239 1945 2277; x_wconf 84' lang='lat' dir='ltr'><em>interpretor:</em></span> <span class='ocrx_word' id='word_1_721' title='bbox 1965 2238 2061 2269; x_wconf 89' lang='lat' dir='ltr'><em>sicuti</em></span> 
     </span>
     <span class='ocr_line' id='line_1_104' title="bbox 1100 2279 2060 2322; baseline 0 -10"><span class='ocrx_word' id='word_1_722' title='bbox 1100 2280 1196 2322; x_wconf 87' lang='lat' dir='ltr'><em>paulo</em></span> <span class='ocrx_word' id='word_1_723' title='bbox 1220 2284 1299 2319; x_wconf 86' lang='lat' dir='ltr'><em>post,</em></span> <span class='ocrx_word' id='word_1_724' title='bbox 1323 2281 1559 2320; x_wconf 83' lang='lat' dir='ltr'><em>separationem</em></span> <span class='ocrx_word' id='word_1_725' title='bbox 1583 2291 1695 2312; x_wconf 88' lang='lat' dir='ltr'><em>eorum</em></span> <span class='ocrx_word' id='word_1_726' title='bbox 1720 2284 1812 2311; x_wconf 84' lang='lat' dir='ltr'><em>vocat</em></span> <span class='ocrx_word' id='word_1_727' title='bbox 1829 2279 1990 2319; x_wconf 89' lang='lat' dir='ltr'><em>peculiare</em></span> <span class='ocrx_word' id='word_1_728' title='bbox 2009 2281 2060 2312; x_wconf 84' lang='lat' dir='ltr'><em>ius</em></span> 
     </span>
     <span class='ocr_line' id='line_1_105' title="bbox 1100 2321 2059 2363; baseline 0 -8"><span class='ocrx_word' id='word_1_729' title='bbox 1100 2323 1231 2355; x_wconf 89' lang='lat' dir='ltr'><em>dominii</em></span> <span class='ocrx_word' id='word_1_730' title='bbox 1262 2323 1295 2352; x_wconf 91' lang='lat' dir='ltr'><em>in</em></span> <span class='ocrx_word' id='word_1_731' title='bbox 1329 2322 1461 2355; x_wconf 89' lang='lat' dir='ltr'><em>vitibus.</em></span> <span class='ocrx_word' id='word_1_732' title='bbox 1514 2323 1671 2362; x_wconf 78' lang='lat' dir='ltr'><em>Quamvis</em></span> <span class='ocrx_word' id='word_1_733' title='bbox 1708 2333 1784 2363; x_wconf 85' lang='lat' dir='ltr'><em>ergo</em></span> <span class='ocrx_word' id='word_1_734' title='bbox 1818 2321 1956 2353; x_wconf 88' lang='lat' dir='ltr'><em>fundum</em></span> <span class='ocrx_word' id='word_1_735' title='bbox 1990 2333 2059 2355; x_wconf 86' lang='lat' dir='ltr'><em>esse</em></span> 
     </span>
     <span class='ocr_line' id='line_1_106' title="bbox 1100 2365 2059 2405; baseline 0 -8"><span class='ocrx_word' id='word_1_736' title='bbox 1100 2376 1193 2397; x_wconf 88' lang='lat' dir='ltr'><em>suum</em></span> <span class='ocrx_word' id='word_1_737' title='bbox 1224 2375 1388 2405; x_wconf 88' lang='lat' dir='ltr'><em>possessor</em></span> <span class='ocrx_word' id='word_1_738' title='bbox 1416 2366 1565 2397; x_wconf 87' lang='lat' dir='ltr'><em>iactaret:</em></span> <span class='ocrx_word' id='word_1_739' title='bbox 1602 2377 1638 2396; x_wconf 86' lang='lat' dir='ltr'><em>ac</em></span> <span class='ocrx_word' id='word_1_740' title='bbox 1667 2365 1801 2405; x_wconf 89' lang='lat' dir='ltr'><em>proinde</em></span> <span class='ocrx_word' id='word_1_741' title='bbox 1831 2374 1967 2396; x_wconf 85' lang='lat' dir='ltr'><em>messem</em></span> <span class='ocrx_word' id='word_1_742' title='bbox 1998 2365 2059 2397; x_wconf 89' lang='lat' dir='ltr'><em>sibi</em></span> 
     </span>
     <span class='ocr_line' id='line_1_107' title="bbox 1100 2407 2059 2448; baseline 0 -9"><span class='ocrx_word' id='word_1_743' title='bbox 1100 2409 1215 2440; x_wconf 85' lang='lat' dir='ltr'><em>debere</em></span> <span class='ocrx_word' id='word_1_744' title='bbox 1254 2407 1377 2439; x_wconf 86' lang='lat' dir='ltr'><em>salvam</em></span> <span class='ocrx_word' id='word_1_745' title='bbox 1417 2408 1570 2448; x_wconf 84' lang='lat' dir='ltr'><em>relinqui:</em></span> <span class='ocrx_word' id='word_1_746' title='bbox 1611 2407 1702 2439; x_wconf 89' lang='lat' dir='ltr'><em>Deus</em></span> <span class='ocrx_word' id='word_1_747' title='bbox 1733 2407 1885 2438; x_wconf 85' lang='lat' dir='ltr'><em>admonet</em></span> <span class='ocrx_word' id='word_1_748' title='bbox 1917 2408 2059 2439; x_wconf 89' lang='lat' dir='ltr'><em>fructum</em></span> 
     </span>
     <span class='ocr_line' id='line_1_108' title="bbox 1100 2449 2059 2483; baseline -0.001 0"><span class='ocrx_word' id='word_1_749' title='bbox 1100 2450 1310 2483; x_wconf 86' lang='lat' dir='ltr'><em>nihilominus</em></span> <span class='ocrx_word' id='word_1_750' title='bbox 1355 2461 1424 2482; x_wconf 91' lang='lat' dir='ltr'><em>esse</em></span> <span class='ocrx_word' id='word_1_751' title='bbox 1467 2461 1672 2482; x_wconf 87' lang='lat' dir='ltr'><em>communem</em></span> <span class='ocrx_word' id='word_1_752' title='bbox 1717 2460 1801 2480; x_wconf 89' lang='lat' dir='ltr'><em>anno</em></span> <span class='ocrx_word' id='word_1_753' title='bbox 1845 2449 2059 2482; x_wconf 87' lang='lat' dir='ltr'><em>sabbathario.</em></span> 
     </span>
     <span class='ocr_line' id='line_1_109' title="bbox 1100 2492 2061 2534; baseline -0.001 -9"><span class='ocrx_word' id='word_1_754' title='bbox 1100 2494 1215 2525; x_wconf 86' lang='lat' dir='ltr'><em>Messis</em></span> <span class='ocrx_word' id='word_1_755' title='bbox 1238 2493 1345 2532; x_wconf 90' lang='lat' dir='ltr'><em>itaque</em></span> <span class='ocrx_word' id='word_1_756' title='bbox 1368 2503 1425 2532; x_wconf 91' lang='lat' dir='ltr'><em>pro</em></span> <span class='ocrx_word' id='word_1_757' title='bbox 1448 2504 1525 2534; x_wconf 88' lang='lat' dir='ltr'><em>agro</em></span> <span class='ocrx_word' id='word_1_758' title='bbox 1548 2494 1650 2525; x_wconf 90' lang='lat' dir='ltr'><em>sativo</em></span> <span class='ocrx_word' id='word_1_759' title='bbox 1669 2493 1831 2532; x_wconf 82' lang='lat' dir='ltr'><em>accipitur,</em></span> <span class='ocrx_word' id='word_1_760' title='bbox 1854 2492 1947 2524; x_wconf 90' lang='lat' dir='ltr'><em>sicuti</em></span> <span class='ocrx_word' id='word_1_761' title='bbox 1970 2504 2061 2533; x_wconf 90' lang='lat' dir='ltr'><em>sepa-</em></span> 
     </span>
     <span class='ocr_line' id='line_1_110' title="bbox 1099 2534 2060 2576; baseline 0 -9"><span class='ocrx_word' id='word_1_762' title='bbox 1099 2537 1181 2567; x_wconf 89' lang='lat' dir='ltr'><em>ratio</em></span> <span class='ocrx_word' id='word_1_763' title='bbox 1204 2545 1261 2576; x_wconf 91' lang='lat' dir='ltr'><em>pro</em></span> <span class='ocrx_word' id='word_1_764' title='bbox 1280 2535 1346 2566; x_wconf 88' lang='lat' dir='ltr'><em>vite</em></span> <span class='ocrx_word' id='word_1_765' title='bbox 1367 2536 1503 2575; x_wconf 86' lang='lat' dir='ltr'><em>privata,</em></span> <span class='ocrx_word' id='word_1_766' title='bbox 1528 2536 1578 2568; x_wconf 85' lang='lat' dir='ltr'><em>vel</em></span> <span class='ocrx_word' id='word_1_767' title='bbox 1598 2536 1666 2566; x_wconf 88' lang='lat' dir='ltr'><em>eius</em></span> <span class='ocrx_word' id='word_1_768' title='bbox 1683 2534 1816 2576; x_wconf 67' lang='lat' dir='ltr'><em>fructu]</em></span> <span class='ocrx_word' id='word_1_769' title='bbox 1840 2535 1947 2566; x_wconf 84' lang='lat' dir='ltr'><em>Aliter</em></span> <span class='ocrx_word' id='word_1_770' title='bbox 1966 2541 2060 2567; x_wconf 87' lang='lat' dir='ltr'><em>vetus</em></span> 
     </span>
     <span class='ocr_line' id='line_1_111' title="bbox 1099 2577 2059 2618; baseline -0.002 -8"><span class='ocrx_word' id='word_1_771' title='bbox 1099 2579 1256 2618; x_wconf 88' lang='lat' dir='ltr'><em>interpres</em></span> <span class='ocrx_word' id='word_1_772' title='bbox 1280 2578 1333 2618; x_wconf 89' lang='lat' dir='ltr'><em>qui</em></span> <span class='ocrx_word' id='word_1_773' title='bbox 1364 2579 1527 2609; x_wconf 83' lang='lat' dir='ltr'><em>transtulit</em></span> <span class='ocrx_word' id='word_1_774' title='bbox 1558 2588 1636 2609; x_wconf 91' lang='lat' dir='ltr'><em>uvas</em></span> <span class='ocrx_word' id='word_1_775' title='bbox 1664 2578 1888 2618; x_wconf 89' lang='lat' dir='ltr'><em>primitiarum.</em></span> <span class='ocrx_word' id='word_1_776' title='bbox 1941 2577 1979 2609; x_wconf 78' lang='lat' dir='ltr'><em>Si</em></span> <span class='ocrx_word' id='word_1_777' title='bbox 2009 2580 2059 2609; x_wconf 90' lang='lat' dir='ltr'><em>cui</em></span> 
     </span>
     <span class='ocr_line' id='line_1_112' title="bbox 1100 2620 2060 2662; baseline 0 -10"><span class='ocrx_word' id='word_1_778' title='bbox 1100 2622 1225 2662; x_wconf 87' lang='lat' dir='ltr'><em>placeat</em></span> <span class='ocrx_word' id='word_1_779' title='bbox 1245 2620 1331 2652; x_wconf 84' lang='lat' dir='ltr'><em>hune</em></span> <span class='ocrx_word' id='word_1_780' title='bbox 1355 2631 1485 2652; x_wconf 86' lang='lat' dir='ltr'><em>sensum</em></span> <span class='ocrx_word' id='word_1_781' title='bbox 1509 2620 1671 2660; x_wconf 80' lang='lat' dir='ltr'><em>amplecti,</em></span> <span class='ocrx_word' id='word_1_782' title='bbox 1695 2620 1841 2652; x_wconf 89' lang='lat' dir='ltr'><em>consulto</em></span> <span class='ocrx_word' id='word_1_783' title='bbox 1864 2621 2060 2660; x_wconf 80' lang='lat' dir='ltr'><em>exprimeret</em></span> 
     </span>
    </p>
   </div>
  </div>
 </body>
</html>
