2304 3034
176 183 212 212 15
789 179 1155 212 COMMENTARIUS
1180 180 1224 211 IN
1248 181 1398 213 EXODI
1420 183 1517 213 GAP.
1542 178 1568 214 I.
2125 185 2163 216 16

171 283 248 309 erin„
274 280 309 305 ut
333 274 473 304 innoxiis
498 273 692 307 hominibus,
717 273 832 313 quibus
859 284 1010 304 concessa
1032 275 1139 305 fuerat

171 319 271 349 libera
285 317 449 349 habitatio,
463 327 544 345 nova
565 316 683 346 tributa
707 316 923 356 imponerent.
959 317 1039 347 Erat
1054 318 1139 348 enim

171 361 276 401 primo
295 360 363 390 loeo
382 359 649 388 01»1151110111111111111
671 370 734 398 qua
753 360 823 399 lege
842 359 979 389 fuissent
998 359 1139 391 admissi.

173 404 249 434 Fuit
274 403 372 442 igitur
395 403 458 431 iam
484 412 540 440 per
563 412 595 431 se
620 402 729 441 iniqua
753 402 893 437 exactio,
923 412 986 440 qua
1005 403 1142 433 violavit

174 447 302 477 Pharao
326 444 433 474 datam
458 444 563 479 fidem,
589 444 643 474 sed
667 445 701 474 in
720 444 786 475 fine
809 445 941 484 gravius
964 452 1140 484 peecatum,

174 488 258 528 quod
282 488 407 518 lucrum
433 497 496 516 non
527 487 716 526 simpliciter
746 488 922 526 quaesivit,
954 487 1008 518 sed
1039 489 1142 519 voluit

175 532 318 563 :ittliffere
341 540 475 559 onerum
500 530 660 565 gravitate
685 530 838 560 miserum
863 530 1028 569 populum.
1075 531 1141 562 Nee

176 584 250 603 vero
284 572 323 602 :id
358 571 562 611 pendendum
598 572 691 603 niodo
726 573 883 603 tributum
925 575 1024 603 eoacti
1066 581 1141 604 sunt

176 616 350 648 Israelis-ae.
374 615 427 645 sed
453 615 491 644 ad
516 615 649 646 serviles
672 626 802 654 operas,
835 621 871 646 ut·
894 616 1046 646 continuo
1070 623 1142 656 post

175 659 261 689 addit
290 658 402 688 Moses.
451 657 618 695 Quantum
643 658 682 688 ad
707 658 786 689 duas
808 658 901 689 urbes
924 664 1056 698 spectat,
1080 670 1142 698 quo

176 712 271 732 sensu
298 708 452 731 vocentur
476 701 672 737 Miscenoth‚
706 701 838 731 dubium
871 707 927 732 est.
976 702 1142 742 Accipitur

177 745 234 775 hoe
277 754 394 774 nomen
435 743 598 773 interdum
634 754 690 783 pro
725 744 813 774 cellis
847 751 878 773 ct
916 745 1055 782 horreis,
1092 745 1141 775 vel

176 786 398 817 recen-litoriis
437 786 581 816 omnium
623 797 730 817 rernm
772 797 851 826 qnae
893 787 930 817 ad
978 798 1141 818 annonam

177 830 376 860 necessariae
399 833 489 859 sunt:
516 839 627 859 verum
651 830 725 868 quia
753 830 923 869 aliquando
947 831 1142 861 munitiones

176 883 299 912 quoque
344 872 519 911 significat,
564 882 625 902 non
670 873 752 902 male
797 874 968 903 conveniet
1013 884 1141 904 sensns:

177 915 315 945 claustra
346 915 411 944 suis
442 914 590 945 inanibus
621 921 789 945 exstruere
818 916 922 946 iussos
953 926 1038 951 esse,
1062 926 1143 956 quae

177 968 230 989 eos
264 962 411 988 arcerent
446 957 484 987 ab
513 958 612 988 exitu.
660 958 742 988 Nam
772 959 952 989 Rbameses
982 959 1080 989 fuisse
1110 959 1142 989 111

177 1001 232 1031 illa
257 1006 346 1040 parte
371 1000 511 1037 regionis
543 1001 638 1030 sitam
671 1007 796 1031 constat
827 1013 865 1031 ex
891 1001 1035 1040 pluribus
1058 1002 1144 1039 locis,

177 1051 208 1074 et
232 1050 341 1083 postea.
365 1042 547 1073 videbimus
571 1043 651 1074 filios
672 1043 774 1074 Israel
806 1055 844 1074 ex
869 1045 1049 1075 Rhameses
1072 1055 1144 1084 pro-

177 1088 274 1118 fectos
297 1096 366 1116 esse
389 1085 486 1126 (Gen.
507 1086 557 1121 47,
580 1087 628 1117 11.
653 1087 755 1117 Exod.
778 1088 825 1125 12,
845 1088 893 1118 37.
920 1087 1014 1119 Num.
1032 1088 1082 1125 33,
1102 1088 1143 1129 3).

265 1172 312 1202 12.
352 1172 415 1210 Quo
449 1173 551 1201 autem
584 1172 685 1211 vesteis
713 1172 895 1211 premebant
928 1184 1011 1212 enm,
1044 1175 1147 1214 mayt's

178 1215 325 1246 erescebat
358 1217 385 1244 et
417 1215 599 1254 ‹iitgscbamw
630 1217 656 1245 et
697 1216 851 1246 (Mirietate
890 1217 1043 1247 constricti
1076 1219 1147 1247 sunt

173 1260 300 1298 proptr
327 1257 409 1295 filia>¹
434 1257 545 1288 Israel.
593 1257 640 1288 13.
666 1258 777 1297 Itaque
807 1259 974 1299 adegerunt
999 1260 1031 1289 in
1052 1260 1146 1290 serci-

178 1304 269 1331 tntem
289 1301 373 1339 filios
396 1300 500 1331 Israel
522 1311 590 1331 eum
612 1301 753 1332 saevitia.
802 1301 849 1332 14.
877 1302 1014 1333 Proinde
1036 1313 1146 1333 amara

180 1344 245 1374 illis
262 1343 323 1382 fait
349 1343 410 1373 rita
432 1343 570 1382 ipsoram
594 1344 627 1374 in
649 1345 794 1374 servitute
816 1345 907 1379 dama,
932 1346 965 1375 in.
987 1348 1144 1381 caemento,

179 1388 212 1417 in
231 1385 386 1419 lateribus.
411 1388 437 1415 et
459 1386 493 1416 in
516 1387 600 1416 omni
623 1397 710 1425 opere
733 1388 863 1426 ayresti:
887 1388 963 1426 quia
986 1389 1147 1419 servitium

179 1439 264 1459 omne
287 1438 391 1459 eoram
413 1438 471 1467 quo
494 1429 664 1460 serviebant
687 1429 760 1466 fillis,
785 1433 851 1461 erat
873 1441 941 1462 cam
963 1432 1102 1462 saevitia.

266 1515 314 1545 12.
343 1514 408 1553 Quo
432 1517 533 1545 autem
555 1515 665 1554 maqis.
700 1514 894 1547 Conflietum
917 1522 1027 1547 narrat
1039 1516 1147 1547 Moses

180 1559 264 1588 inter
289 1557 349 1587 Dei
380 1557 517 1597 gratiam
551 1563 582 1588 et
614 1557 839 1589 crudelitatem
870 1561 956 1600 regis
983 1560 1146 1600 Aegyptii.

181 1600 288 1639 Quum
314 1611 390 1639 ergo
414 1600 582 1640 tyrannice
605 1607 806 1632 vexarentur
836 1603 947 1633 miseri
971 1602 1147 1641 Israelitae‚

181 1644 287 1674 Deum
321 1643 386 1673 illis
410 1643 602 1682 opitulatum
637 1644 735 1675 fnisse
765 1645 858 1683 dicit,
890 1651 921 1676 et
952 1645 1081 1685 quidem
1105 1646 1149 1676 ita

181 1691 327 1726 potenter
351 1692 387 1716 ut
410 1686 627 1725 praevaluerit
650 1687 719 1718 eius
739 1687 906 1719 auxilium.
943 1689 993 1719 Ita
1012 1688 1149 1719 frustra-

181 1735 234 1759 tus
258 1735 306 1759 est
329 1728 512 1768 improbum
536 1729 617 1760 illud
637 1735 669 1760 et
694 1730 937 1762 fraudulentum
964 1731 1148 1762 consilium:

181 1771 263 1811 quod
284 1772 322 1802 de
345 1771 478 1802 eeclesia
502 1772 639 1803 delenda
658 1773 742 1803 inter
760 1783 794 1804 se
810 1774 963 1815 Aegyptii
986 1778 1148 1814 ceperant.

181 1814 275 1845 Unde
306 1823 337 1844 et
367 1825 438 1853 spes
468 1815 560 1845 nobis
590 1816 800 1855 concipienda
829 1823 892 1854 est.
924 1817 1079 1857 quidquid
1115 1817 1149 1847 in

182 1868 240 1887 nos
263 1857 440 1888 moliantur
464 1858 567 1897 impii.
593 1860 660 1889 fore
684 1859 829 1897 irritum,
854 1861 927 1900 qnia
951 1861 1096 1899 superior
1119 1866 1150 1890 et

182 1900 299 1930 victrix
323 1900 384 1930 erit
404 1900 464 1930 Dei
490 1912 614 1931 manus.
661 1901 725 1932 Sed
751 1902 841 1933 nobis
865 1903 1025 1942 patienter
1048 1903 1150 1932 feren-

183 1943 240 1973 dae
264 1948 341 1973 sunt
365 1943 570 1979 afflictiones,
594 1944 668 1983 quia
689 1945 777 1975 Deus
803 1956 860 1976 nos
889 1951 1001 1977 eontra
1025 1945 1150 1985 pondus

182 1985 273 2016 nobis
296 1986 480 2025 impositum
506 1986 576 2017 vult
599 1987 676 2017 eniti
697 1993 727 2017 et
751 1998 929 2028 assurgere.
966 1988 1051 2027 Quia
1075 1999 1150 2018 vero

182 2029 346 2068 proprium
372 2029 432 2059 Dei
457 2040 575 2060 munus
599 2036 648 2060 est
672 2041 705 2061 se
733 2041 895 2070 opponere
924 2032 1052 2061 iniustis
1075 2042 1148 2062 eon-

183 2071 272 2108 siliis,
296 2077 330 2101 111
349 2082 500 2102 successu
524 2079 664 2109 careant,
690 2073 850 2104 diseamus
869 2075 908 2104 ab
928 2075 1014 2104 omni
1038 2073 1149 2104 fraude

185 2121 213 2143 et
246 2114 399 2144 violentia
434 2125 491 2145 nos
522 2115 701 2152 abstinere,
737 2127 775 2146 110
810 2117 916 2147 Deum
950 2117 1041 2156 quasi
1076 2117 1150 2147 data

185 2167 281 2195 opera
322 2167 540 2196 provocemus.
601 2157 666 2188 Sed
700 2158 751 2188 hic
787 2158 874 2190 loeus
908 2159 1077 2199 praecipue
1111 2160 1149 2190 ad

187 2200 312 2238 piorum
337 2200 585 2230 consolationem
619 2200 719 2238 valet,
745 2207 779 2231 111
808 2202 957 2241 aequiore
981 2203 1087 2232 animo
1111 2202 1149 2232 ad

188 2243 291 2272 crucis
315 2243 519 2273 tolerantiam
551 2244 616 2273 sint
648 2244 765 2282 parati:
796 2245 871 2283 quia
896 2245 1071 2276 instructus
1103 2250 1151 2275 est

190 2285 278 2315 Deus
301 2285 339 2315 ad
363 2285 511 2316 ferendas
534 2287 709 2325 suppetias
733 2287 848 2326 quibus
872 2287 1043 2326 impiorum
1069 2288 1151 2319 furo-

188 2337 254 2357 rem
269 2327 397 2358 demum
410 2328 523 2359 cedere
542 2339 671 2359 neeesse
691 2330 759 2360 erit.
796 2329 889 2368 Quod
910 2330 991 2361 dixit
1010 2331 1151 2361 secunda

189 2378 278 2408 parte
314 2381 439 2405 versus,
475 2372 588 2401 anxios
628 2372 727 2402 fuisse
763 2373 957 2413 Aegyptios,
992 2374 1153 2414 significat

190 2414 291 2451 magis
330 2413 483 2445 sollicitos
523 2415 636 2451 fuisse,
677 2425 775 2454 quum
817 2416 898 2446 nihil
932 2428 965 2447 se
1000 2417 1152 2455 proficere

191 2454 352 2490 viderent,
378 2457 449 2495 quia
474 2457 640 2497 inopinata
664 2457 888 2497 multiplicatio
912 2459 1015 2489 maius
1039 2459 1150 2490 discri-

189 2507 263 2527 men
288 2498 507 2530 minitabatur.
554 2500 635 2530 Nam
661 2511 759 2539 quum
783 2512 836 2531 eos
860 2502 947 2540 prius
970 2506 1153 2533 metuerent

190 2541 303 2578 quibus
328 2541 406 2572 nihil
438 2543 580 2573 fecerant
608 2543 759 2579 iniuriae,
792 2555 854 2574 non
887 2545 1004 2574 mirum
1029 2551 1076 2575 est
1099 2556 1152 2576 eos

191 2584 351 2622 trepidare
376 2595 414 2613 ne
439 2585 577 2616 lacessiti
604 2587 703 2617 vicem
724 2586 912 2626 rependant.
948 2589 1052 2627 Atque
1078 2588 1152 2619 hinc

190 2626 278 2656 utiLis
298 2626 458 2665 colligitur
477 2628 630 2664 doctrina,
650 2629 725 2659 (lum
747 2639 804 2669 per
825 2630 982 2660 horrenda
995 2630 1152 2662 maleficia

1194 282 1386 315 grassantur
1409 276 1565 313 scelerati,
1590 287 1652 316 quo
1676 277 1737 307 sibi
1762 277 2029 316 tranquillitatem
2053 279 2163 319 aequi-

1195 324 1277 356 rant,
1302 319 1384 349 hanc
1409 319 1539 349 demum
1562 320 1771 350 iustissimam
1791 320 1855 350 illis
1875 320 2054 351 mercedem
2079 321 2162 353 divi-

1196 362 1281 391 nitus
1316 361 1463 400 rependi,
1499 366 1534 392 ut
1567 363 1668 393 maior
1708 373 1762 393 cos
1800 363 1948 393 anxietas
1988 365 2161 396 excruciet.

1195 403 1336 442 Quidam
1368 410 1518 434 vertunt:
1549 405 1727 446 Aegyptios
1756 405 1956 436 abominatos
1985 406 2083 437 fuisse
2106 417 2162 446 po-

1195 447 1306 485 pulum
1327 447 1557 478 Israelitieum:
1581 454 1614 478 ot
1636 449 1679 478 ita
1702 448 1787 488 apud
1808 448 1975 479 Hebraeos
1998 449 2161 480 interdum

1194 489 1334 519 sumitur
1374 489 1509 520 verbum
1550 496 1616 535 γῚΡῑ
1653 501 1766 521 verum
1810 491 2054 522 circumstantia
2101 492 2161 523 loei

1194 542 1323 562 sensnm
1349 543 1442 571 quem
1463 533 1585 564 reddidi
1609 534 1759 573 postulat.

1281 575 1329 605 13.
1360 575 1471 614 Itaque
1506 576 1671 615 adeqerant
1704 577 1738 607 in
1767 577 1868 607 servit.
1922 576 2026 607 Docet
2052 577 2161 608 Moses

1195 617 1273 648 adeo
1286 623 1375 648 metu
1395 628 1461 648 11011
1480 619 1578 649 fuisse
1600 619 1639 650 ad
1659 619 1862 650 elementiam
1881 620 1990 657 flexos,
2010 624 2046 649 ut
2057 620 2161 660 magis

1196 660 1408 691 obduruerint
1431 666 1463 691 et
1486 661 1642 692 stimulati
1665 662 1788 693 fuerint
1811 661 1851 693 ad
1871 662 2022 692 maiorem
2046 662 2162 693 imma·

1197 703 1342 734 nitatem.
1400 704 1512 743 Neque
1545 705 1630 735 enim
1668 706 1813 735 sentiunt
1846 705 1952 744 impii,
1988 704 2064 735 dum
2098 705 2161 736 illis

1196 745 1368 777 infeliciter
1391 746 1511 777 cedunt
1533 748 1676 786 perversi
1704 757 1853 784 conatus,
1878 748 1984 778 Deum
2007 748 2068 779 sibi
2092 758 2161 779 esse

1197 788 1385 819 adversum:
1410 794 1449 825 et,
1475 791 1500 821 si
1525 790 1652 829 quando
1678 796 1853 830 tangantur
1876 790 1937 822 hae
1959 791 2163 831 cogitatione,

1196 842 1310 862 caecus
1335 838 1442 862 tamen
1466 833 1628 863 amentiae
1651 833 1792 872 impetus
1814 843 1867 864 eos
1890 838 2011 873 raptat,
2041 840 2076 864 ut
2099 843 2164 864 non

1198 874 1360 911 dubitent,
1396 875 1444 905 vel
1486 881 1687 916 repugnante
1724 876 1791 906 Deo
1832 875 1993 906 obstinata
2032 876 2165 907 libidine

1197 928 1423 957 perrumpere:
1462 918 1545 949 sieut
1579 930 1620 949 cx
1655 918 1808 949 historiae
1842 929 2013 958 progressu
2050 919 2164 951 melius

1199 960 1341 999 liquebit.
1387 961 1490 1001 Rigor
1521 962 1726 992 exactionum
1760 962 1969 1001 exprimitur,
2000 961 2054 992 ubi
2088 962 2165 993 dicit

1198 1005 1359 1042 oppressis
1378 1014 1520 1034 amaram
1542 1005 1641 1035 fuisse
1661 1005 1770 1040 vitam,
1790 1015 1851 1043 qua
1865 1004 1946 1034 nihil
1959 1011 2008 1034 est
2028 1004 2162 1036 dulcius.

1200 1046 1374 1077 Extremas
1415 1047 1515 1087 igitur
1552 1052 1585 1078 et
1623 1047 1841 1078 intolerabiles
1882 1047 2027 1077 miserias
2067 1048 2166 1079 tuisse

1200 1096 1340 1128 apparet,
1363 1100 1443 1129 quae
1466 1090 1597 1121 vivendi
1621 1090 1761 1121 taedium
1781 1090 1957 1121 attulerint.
1991 1090 2062 1121 Hoc
2082 1091 2166 1121 idem

1199 1132 1269 1162 aliis
1294 1132 1400 1162 verbis
1422 1134 1607 1163 confirmat:
1638 1134 1760 1172 speeies
1788 1135 1882 1164 etiam
1914 1143 2048 1163 onerum
2078 1144 2165 1164 com-

1199 1183 1366 1209 memorat,
1387 1176 1470 1215 quod
1488 1176 1649 1206 miscendo
1668 1183 1841 1213 caemento,
1860 1176 2066 1207 conficiendis
2085 1176 2164 1207 late-

1199 1217 1299 1254 ribus,
1318 1218 1452 1257 aliisque
1471 1219 1629 1250 similibus
1648 1219 1790 1249 servitiis
1809 1218 1927 1250 addicti
1947 1218 2075 1249 fuerint.
2107 1219 2165 1249 Bis

1199 1265 1307 1290 autem
1334 1262 1465 1300 repetit,
1498 1262 1595 1292 fnisse
1626 1267 1779 1293 tractatos
1809 1272 1880 1293 eum
1905 1261 2054 1292 saevitia:
2079 1260 2163 1302 quod

1201 1303 1391 1333 tantundem
1416 1304 1503 1334 valet
1525 1315 1561 1336 ae
1585 1304 1719 1335 duriter.

1287 1389 1335 1419 15.
1360 1389 1453 1420 Densa
1471 1390 1562 1420 etiam
1577 1390 1704 1422 Pharao
1723 1400 1777 1421 rex
1789 1390 1921 1429 Aeysspti
1939 1389 1980 1420 ad
1998 1389 2166 1421 obstetrices

1201 1431 1368 1467 Hebraeas,
1393 1442 1526 1471 quaram
1548 1433 1644 1464 zazius
1666 1443 1774 1464 nomen
1791 1435 1855 1464 erat
1869 1432 2013 1471 Sepbera,
2038 1432 2167 1463 alterius

1203 1473 1304 1504 Puah.
1344 1475 1392 1506 16.
1419 1474 1471 1506 Sic
1492 1475 1589 1506 dizit:
1616 1476 1744 1515 Quando
1766 1475 1956 1507 adiuvabitis
1979 1475 2020 1506 ad
2037 1477 2168 1514 partam

1202 1517 1375 1555 Hebraeas,
1411 1520 1437 1549 et
1469 1518 1612 1549 videbitis
1644 1519 1679 1549 in
1711 1519 1779 1550 illis
1812 1518 1893 1558 quod
1925 1518 1967 1549 sit
1999 1517 2166 1555 mascalas,

1201 1559 1360 1598 interficite
1382 1570 1466 1591 euni:
1487 1561 1516 1591 si
1539 1564 1639 1592 autem
1661 1562 1703 1592 sit
1727 1561 1861 1601 femina,
1893 1561 1985 1591 vivat.
2034 1560 2082 1591 17.
2116 1560 2169 1592 Ti-

1202 1606 1344 1634 maei-ant
1373 1614 1443 1634 vero
1476 1603 1645 1635 obstetrices
1679 1603 1799 1641 Deum,
1833 1613 1885 1635 uec
1921 1603 2059 1642 fecerant
2090 1603 2169 1634 sieut

1197 1649 1395 1685 praeceperat
1422 1646 1488 1677 »illis
1516 1657 1572 1677 rea:
1601 1647 1749 1687 Aeyypti:
1782 1649 2060 1686 conservorumque
2085 1655 2168 1677 mas-

1202 1689 1285 1720 culos
1308 1690 1341 1719 m
1364 1690 1436 1719 vita.
1474 1690 1521 1720 18.
1547 1690 1589 1720 Et
1606 1700 1717 1721 vocans
1738 1689 1864 1720 Pharao
1887 1689 2064 1727 obstetrices,
2087 1689 2170 1720 dixit

1202 1731 1283 1762 illis:
1312 1732 1413 1771 Quare
1434 1732 1553 1771 fecistis
1574 1743 1638 1763 rem
1660 1732 1752 1769 hane,
1776 1735 1802 1763 et
1824 1732 1971 1763 servastis
1988 1731 2166 1763 masculos?

1205 1774 1253 1805 19.
1273 1774 1508 1813 Responderunt
1526 1775 1694 1807 obstetrices
1708 1775 1888 1807 Pharaoni.-
1914 1775 1996 1814 Quia
2016 1785 2073 1806 non
2097 1776 2169 1806 sunt

1204 1817 1364 1848 Hebraeae
1385 1817 1530 1849 mutieres
1547 1821 1580 1849 at
1598 1818 1783 1858 Aeqqgsptiae:
1805 1821 1877 1849 sant
1898 1818 1980 1848 enim
1998 1820 2122 1857 vegetae,
2141 1820 2170 1848 et

1198 1861 1387 1900 priusquam
1406 1861 1507 1891 veniat
1524 1861 1565 1891 ad
1582 1872 1636 1892 eas
1653 1861 1807 1898 obstetrix,
1822 1861 1966 1901 pariunt.
2000 1861 2050 1892 20.
2071 1860 2168 1892 Bene-

1201 1903 1273 1943 feeit
1295 1914 1363 1943 erqo
1387 1903 1475 1934 Dens
1498 1904 1721 1935 obstetricibus:
1749 1907 1776 1934 et
1805 1903 2029 1942 multiplicatus
2050 1906 2095 1935 est
2110 1913 2168 1942 po-

1198 1946 1312 1986 palus„
1344 1948 1369 1977 et
1399 1946 1532 1977 roborati
1561 1949 1633 1977 sant
1662 1947 1857 1978 vehementer.
1904 1947 1954 1977 21.
1980 1946 2023 1977 Et
2050 1946 2167 1986 factum

1203 1991 1254 2026 est,
1278 1989 1352 2028 qaia
1375 1989 1532 2020 tinnierunt
1553 1990 1722 2021 obstetrices
1741 1989 1853 2027 Deum,
1875 1990 1947 2030 feeit
1968 1989 2033 2020 illis
2054 1989 2166 2020 domos.

1203 2032 1253 2062 22.
1282 2032 1367 2062 Tune
1383 2033 1540 2071 praecepa
1562 2032 1687 2064 Pharao
1709 2036 1811 2064 caneto
1828 2033 1943 2073 populo
1960 2041 2025 2070 suo,
2048 2032 2168 2063 dicens:

1207 2075 1334 2105 Otmzem
1357 2077 1463 2105 natam
1487 2076 1660 2106 masculum
1682 2076 1716 2106 ‘iri
1735 2076 1849 2114 stamen
1866 2075 2024 2116 proiicite:
2052 2084 2168 2105 omnem

1203 2128 1270 2147 rsero
1293 2118 1442 2156 feminam
1466 2119 1567 2149 vivam
1589 2118 1761 2150 servabitis.

1291 2202 1338 2234 15.
1364 2203 1459 2234 Dicit
1485 2204 1578 2234 etiam
1611 2204 1745 2235 Pharao.
1792 2205 1822 2235 A
1852 2203 1881 2233 vi
1913 2209 1943 2233 et
1974 2202 2168 2234 truculentia

1205 2252 1325 2286 aperta,
1348 2257 1428 2285 quae
1452 2247 1533 2276 nihil
1559 2247 1687 2286 profuit,
1712 2257 1795 2277 nunc
1822 2245 1985 2276 descendit
2008 2250 2167 2285 tyrannus

1205 2289 1243 2319 ad
1275 2289 1416 2320 occultas
1447 2290 1576 2320 fraudes
1604 2296 1636 2320 et
1667 2289 1809 2319 insidias.
1862 2289 1981 2319 Foetus
2010 2288 2097 2318 enim
2129 2298 2168 2319 ex

1206 2336 1297 2362 utero
1322 2332 1517 2371 prodeuntes
1541 2332 1629 2363 iubet
1652 2332 1731 2363 elam
1756 2332 1908 2362 interfici:
1938 2337 2033 2370 atque
2063 2331 2167 2362 obste-

1206 2375 1338 2405 tricibus
1359 2375 1489 2405 mandat
1510 2379 1544 2405 ut
1566 2381 1630 2405 tam
1645 2374 1732 2405 dirae
1751 2379 1782 2404 et
1803 2374 1954 2404 barbarae
1966 2373 2168 2405 crudelitatis

1206 2418 1270 2447 sint
1291 2418 1466 2448 ministrae.
1503 2417 1635 2448 Nullum
1657 2424 1719 2447 tam
1741 2416 1930 2447 detestabile
1946 2417 2127 2447 severitatis
2146 2416 2167 2457 ¹)

1207 2461 1392 2500 exemplum
1432 2471 1449 2490 a
1493 2460 1610 2490 mundo
1652 2459 1780 2490 condito
1823 2460 1948 2500 legitur.
2011 2459 2167 2500 Contigit,

1207 2503 1316 2540 fateor,
1342 2514 1404 2533 non
1430 2503 1536 2537 semel,
1563 2509 1599 2532 ut
1622 2503 1760 2533 victores
1779 2503 1857 2533 urbe
1877 2502 1982 2542 aliqua
2005 2509 2106 2542 capta,
2127 2513 2167 2533 ne

1206 2547 1312 2585 pneris
1343 2545 1470 2585 quidem
1500 2552 1530 2576 et
1564 2545 1740 2575 infantibus
1770 2551 1953 2585 parcerent:
1990 2556 2105 2585 nempe
2133 2545 2167 2576 in

1274 2640 1301 2672 1)
1319 2640 1402 2672 Leqe:
1419 2639 1541 2664 feritatis.
