2304 3034
176 184 238 215 635

262 277 331 308 Hac
362 276 457 306 etiam
486 273 558 313 lege
589 284 663 303 suos
691 272 841 303 hortatur
870 270 960 301 Deus
984 271 1024 302 ad
1052 282 1143 311 prae-

174 320 289 353 standa
327 317 536 348 humanitatis
565 316 670 346 officia
700 314 803 345 brutis
837 313 1049 352 animalibus,
1082 325 1144 354 quo

174 364 276 400 magis
300 362 363 392 sint
386 359 424 390 ad
449 358 566 389 fratres
589 369 662 389 suos
687 356 846 388 iuvandos
870 356 1029 396 propensi.
1074 357 1145 388 Me-

174 402 276 437 moria
295 403 381 434 enim
402 400 579 432 tenendum
596 400 743 440 estquod
759 400 852 430 docet
864 399 987 430 Paulus
1006 398 1048 440 (1.
1071 399 1144 431 Cor.

173 450 202 485 9,
226 447 266 489 9),
292 446 344 476 ubi
372 444 458 475 Deus
483 444 579 475 boves
603 443 767 474 sublevari
791 442 894 479 iubet,
929 452 991 473 non
1016 448 1082 473 tam
1106 442 1144 474 de

173 492 250 531 ipsis
273 499 343 520 esse
367 487 540 518 sollicitum
574 497 672 526 quam
703 486 874 516 hominum
904 495 1015 516 curam
1043 485 1144 517 susci·

173 544 256 574 pere.
304 531 390 562 Alibi
424 529 582 569 praecipit
617 529 707 559 Deus
737 528 852 568 utqui
884 527 1002 558 viderit
1032 527 1144 559 fratris

171 577 221 608 sui
246 575 359 605 bovem
383 573 432 604 vel
457 573 603 608 asinum,
635 571 777 611 adeoque
800 571 937 607 inimici,
969 577 1143 608 errantem,

171 618 303 654 colligat
317 622 349 647 et
362 616 512 646 restituat
532 614 677 645 domino:
696 625 808 645 verum
824 614 874 645 hic
888 613 970 644 alius
983 614 1057 644 finis
1071 624 1144 654 pro-

172 661 295 702 positus
316 660 384 695 fuit,
406 664 440 689 ut
460 663 620 689 testentur
641 657 750 688 fideles
769 668 803 687 se
816 656 954 687 inimicis
968 657 1144 697 ignoscere,

172 705 246 735 dum
274 713 351 742 erga
381 712 492 731 eorum
528 700 680 731 animalia
713 704 791 731 sunt
826 699 1060 730 misericordes.
1107 699 1144 730 Si

171 748 291 778 dictum
317 744 507 784 simpliciter
531 744 662 781 fuisset,
697 742 858 773 iuvandos
888 752 958 773 esse
987 742 1142 779 inimicos,

172 796 203 821 et
235 788 399 819 beneficiis
433 787 622 818 certandum
647 796 718 817 esse
741 784 780 816 ad
810 784 1002 816 vincendam
1033 795 1144 816 eorum

171 832 345 867 malitiam,
381 830 459 861 satis
496 829 649 860 damnata
672 829 786 859 fuisset
819 828 926 858 omnis
956 827 1142 865 crudelitas,

172 876 259 915 atqui
284 874 336 904 ubi
362 872 452 903 Deus
472 883 536 903 non
558 872 653 902 modo
673 871 812 902 inimicis
834 881 1022 902 succurrere
1046 871 1143 908 iubet,

172 916 355 949 errantibus
384 917 470 947 viam
500 920 770 952 commonstrare,
800 917 832 944 et
855 913 962 954 lapsos
984 913 1144 953 colligere,

172 961 227 993 sed
252 960 300 990 his
324 958 473 990 omnibus
499 957 662 988 beneficiis
693 957 764 988 vult
790 957 945 987 animalia
974 956 1142 996 prosequi:

172 1003 275 1044 magis
299 1001 479 1042 emphatice
503 1006 535 1031 et
564 1000 792 1031 vehementius
826 999 981 1039 exprimit
1009 1004 1143 1039 quanto-

172 1058 248 1087 pere
268 1046 307 1076 ab
327 1045 400 1075 odio
419 1051 449 1075 et
470 1043 632 1074 vindictae
656 1042 790 1074 libidine
815 1047 956 1073 remotos
975 1052 1044 1073 esse
1064 1042 1144 1073 velit

170 1090 253 1120 filios
277 1098 360 1119 suos.
405 1086 500 1126 Quod
525 1097 601 1127 ergo
625 1092 736 1125 postea
759 1085 927 1125 discipulis
957 1085 1023 1116 suis
1053 1095 1143 1124 prae—

170 1133 256 1172 cepit
279 1131 445 1172 Cbristus‚
479 1129 660 1161 videbimus
689 1129 723 1159 in
758 1129 829 1169 lege
860 1129 958 1159 fuisse
987 1127 1143 1158 traditum

172 1181 207 1206 ut
225 1174 374 1205 inimicos
396 1178 523 1203 nostros
543 1172 717 1212 diligamus
738 1171 871 1212 (Matth.
892 1171 921 1209 5,
941 1170 1005 1212 44).
1032 1170 1144 1210 Neque

171 1219 257 1249 enim
294 1217 345 1247 hic
381 1222 506 1246 tantum
541 1215 757 1255 compescitur
789 1213 964 1245 ulciscendi
998 1214 1141 1251 affectus,

171 1260 225 1292 scd
251 1260 322 1300 plus
346 1258 466 1298 aliquid
490 1259 648 1298 exigitur,
673 1264 709 1288 ut
728 1257 864 1288 vincant
886 1256 998 1288 fideles
1023 1256 1141 1287 benefi-

170 1304 229 1335 eiis
254 1303 395 1333 bostium
420 1312 555 1332 suorum
581 1301 755 1331 malitiam:
784 1300 940 1331 reducere
970 1299 1057 1331 enim
1088 1299 1141 1330 bo-

170 1357 243 1378 vem
269 1346 317 1377 vel
343 1346 469 1375 asinum
493 1344 677 1381 erraticum,
700 1343 923 1374 testimouium
947 1347 995 1374 est
1024 1342 1142 1373 sinceri

171 1389 299 1420 amoris.
348 1388 470 1418 Verum
495 1387 546 1418 his
569 1386 692 1417 duobus
714 1386 791 1417 locis
825 1386 928 1425 magis
959 1384 999 1416 ad
1030 1385 1141 1416 Vivum

171 1436 436 1472 repraesentatur
455 1430 538 1470 quod
557 1430 597 1460 ad
617 1435 745 1460 sextum
762 1433 970 1469 praeceptum
990 1428 1140 1468 pertinet,

171 1481 209 1506 ut
243 1474 401 1505 auxilium
434 1474 556 1504 feratur
587 1472 660 1503 bovi
691 1472 744 1503 vel
773 1472 864 1502 asino
894 1471 1051 1501 laboranti
1082 1471 1140 1502 sub

170 1528 275 1549 onere.
319 1517 358 1547 In
396 1516 505 1547 verbis
539 1526 603 1546 non
638 1515 849 1546 consentiunt
882 1515 1093 1554 interpretes,
1123 1524 1141 1544 a

171 1561 288 1601 quibus
320 1560 415 1600 longe
456 1559 602 1589 discessit
642 1558 876 1598 Hieronymus.
928 1557 994 1588 Alii
1034 1562 1140 1588 autem

171 1604 226 1643 qui
257 1603 383 1634 fidelius
415 1602 547 1632 reddere
578 1602 727 1641 cupiunt,
757 1601 991 1640 interrogative
1015 1600 1139 1639 legunt:

172 1646 208 1678 Si
229 1646 350 1676 videris
374 1645 494 1675 animal
518 1645 578 1675 sub
607 1655 705 1675 onere
736 1654 810 1678 suo,
842 1649 900 1674 ctc.
934 1653 974 1674 an
1003 1642 1141 1674 cessabis

172 1688 346 1720 auxiliari?
378 1688 516 1718 Videtur
547 1687 629 1718 alter
658 1697 773 1718 sensus
804 1687 923 1725 aptior:
955 1685 992 1717 Si
1023 1685 1141 1716 videris

172 1738 203 1763 et
232 1731 407 1763 cessaveris·
441 1730 608 1767 auxiliari,
642 1730 801 1760 auxiliare
831 1733 950 1760 tamen.
997 1727 1143 1768 Occupat

172 1783 279 1806 autem
304 1775 363 1805 boc
382 1773 476 1804 modo
504 1774 600 1810 Deus,
621 1773 647 1803 si
668 1774 748 1803 forte
769 1772 929 1812 quispiam
948 1771 1051 1811 primo
1071 1770 1142 1802 odio

173 1818 332 1857 impulsus
356 1823 511 1857 gravetur
535 1816 703 1847 inimicum
734 1825 828 1846 suum
853 1816 981 1850 iuvare,
1008 1820 1041 1845 et
1064 1818 1140 1845 tunc

172 1871 363 1900 perversum
395 1860 544 1890 affectum
576 1859 737 1898 corrigere
767 1858 865 1889 iubet.
913 1857 1036 1888 Sensus
1067 1867 1142 1896 ergo

172 1906 248 1941 erit,
273 1904 299 1934 si
322 1909 472 1943 aspectus
500 1902 624 1933 inimici
644 1908 674 1932 te
700 1906 842 1932 moretur
872 1901 1042 1940 quominus
1074 1899 1140 1930 ani-

174 1946 239 1977 mal
270 1946 339 1977 eius
369 1946 534 1979 subleves,
568 1945 712 1984 deposita
743 1943 973 1974 malevolentia
1002 1953 1076 1974 cum
1107 1952 1143 1972 eo

174 1996 204 2019 tc
228 1989 406 2028 coniunge,
431 1994 465 2019 ut
489 1988 584 2019 simul
611 1987 744 2018 humani
769 1992 801 2017 et
823 1985 1047 2017 misericordes
1073 1984 1143 2015 sitis

174 2043 249 2069 erga
274 2033 426 2062 miserum
459 2031 588 2061 animal.
636 2030 690 2061 Sic
721 2029 795 2060 data
827 2029 886 2060 fuit
917 2029 1052 2059 materia
1082 2027 1142 2057 ini-

172 2075 264 2105 micis
289 2081 323 2105 ut
347 2086 380 2105 se
412 2080 523 2104 mutuo
558 2073 815 2104 reconciliarent.
863 2072 950 2109 [Alia
982 2076 1029 2102 est
1060 2070 1143 2100 diffi-

172 2118 274 2148 cultas
306 2118 338 2147 in
364 2117 460 2147 verbo
486 2123 548 2152 Ξῑν,
577 2115 661 2156 quod
685 2116 743 2146 etsi
770 2115 951 2154 relinquere
970 2113 1142 2153 significat,

173 2161 224 2191 hic
255 2169 363 2190 tumen
395 2170 464 2190 meo
499 2160 615 2191 iudicio
647 2159 786 2189 sumitur
820 2168 878 2198 pro
910 2157 1059 2188 auxiliari
1092 2154 1142 2187 vel

172 2214 264 2242 opem
289 2203 388 2233 ferre:
411 2213 594 2242 quanquam
616 2213 678 2232 non
702 2201 787 2232 male
807 2201 955 2237 vertitur,
980 2199 1143 2230 dimittere

174 2246 224 2276 vel
249 2246 385 2276 solvere:
410 2246 469 2276 nisi
504 2247 582 2276 forte
614 2245 716 2285 inagis
747 2244 859 2282 libeat,
887 2243 1051 2274 roborare:
1080 2251 1142 2281 quo

173 2299 267 2319 sensu
292 2288 454 2319 interdum
480 2289 663 2328 reperitur].

441 2459 505 2489 EX
530 2458 702 2490 NUMER.
727 2457 873 2489 XXXV.

259 2544 286 2574 9.
316 2544 354 2575 Et
384 2545 524 2584 loquutus
554 2547 596 2574 cst
628 2544 739 2575 Ichova
770 2543 812 2575 ad
842 2542 968 2578 Mosen,
999 2539 1142 2571 dicendo:

177 2587 224 2617 10.
252 2588 413 2626 .·llloqm›7·1f
432 2588 514 2626 filios
537 2587 646 2622 Israel,
670 2590 696 2617 et
719 2588 806 2618 dicas
828 2586 889 2617 eis:
916 2585 1015 2623 chum
1037 2585 1140 2613 trans-

175 2630 274 2659 ieritis
299 2630 462 2661 'lm-dmiem
495 2631 527 2661 in
550 2634 633 2661 terra
660 2630 820 2667 Chanaanff.
871 2629 917 2659 11.
945 2625 1140 2657 Constituetis

910 176 1100 209 SEXTUM
1124 177 1445 210 PRAEGEPTUM.

2108 179 2171 211 636

1197 272 1279 303 vobis
1315 272 1422 303 urbes:
1454 272 1544 304 urbes
1576 275 1677 304 autem
1704 271 1821 311 refuyii
1857 275 1946 302 erunt
1974 273 2072 311 vobis,
2110 282 2168 312 quo

1195 314 1294 355 fuqiet
1316 315 1471 346 homicida
1493 316 1546 355 qui
1570 315 1759 354 percusserit
1787 314 1920 353 aliquem
1938 325 1998 354 per
2023 325 2166 347 errorem.

1200 358 1246 388 12.
1271 357 1313 389 Et
1336 361 1425 389 erunt
1447 358 1531 389 vobis
1552 358 1644 389 urbes
1666 357 1738 388 illae
1760 357 1794 388 in
1825 357 1981 397 refuyium
2002 367 2022 388 a
2039 359 2168 398 propin-

1196 411 1262 439 quo,
1286 403 1314 431 ct
1335 411 1394 432 non
1411 402 1561 432 morietur
1580 400 1741 437 homicida,
1764 399 1855 430 donec
1877 400 1994 431 steterit
2011 400 2077 439 ipse
2097 403 2168 432 ante

1196 444 1457 483 conqreyationcm
1479 444 1521 475 ad
1544 444 1702 475 indicium.
1752 442 1799 473 13.
1825 441 1868 473 Et
1889 452 1927 473 ex
1945 442 2073 474 urbibus
2090 453 2168 482 quas

1195 486 1318 523 dabitis,
1340 496 1393 517 sex
1416 486 1505 517 urbes
1527 487 1643 526 refuyii
1663 488 1752 516 erunt
1772 484 1864 516 vobis.
1909 485 1957 516 14.
1984 485 2061 517 Tres
2078 486 2168 518 urbes

1195 529 1311 560 dabitis
1333 529 1412 560 citra
1436 529 1617 565 Iordanem,
1640 531 1667 559 et
1689 531 1751 559 tres
1772 527 1862 559 urbes
1884 528 2000 559 dabitis
2022 529 2055 558 in
2083 531 2168 561 terra

1199 571 1365 602 Chanaan:
1387 572 1477 603 urbes
1499 572 1615 612 refuqii
1638 573 1734 602 crunt.
1782 570 1831 602 15.
1865 570 1961 602 Filiis
1992 570 2112 609 Israel,
2140 574 2168 603 ct

1193 614 1364 655 pemqrino,
1387 617 1413 645 et
1435 615 1548 645 incolae
1570 615 1603 645 in
1626 614 1726 644 medio
1750 623 1864 651 eorum,
1889 616 1979 645 erunt
2000 624 2054 644 sex
2076 614 2167 646 urbes

1196 656 1268 688 illac
1285 657 1320 687 in
1338 657 1502 697 rcfuqium,
1527 660 1561 688 ut
1577 657 1680 696 faeiat
1700 656 1772 687 illuc
1791 657 1962 696 quicunque
1975 657 2167 696 percusserit

1195 699 1327 739 aliquem
1347 711 1404 739 per
1424 710 1565 731 errorem.
1613 700 1661 730 16,
1688 698 1724 729 Si
1747 700 1951 731 instrumento
1975 700 2075 739 ferreo
2092 710 2166 739 per-

1195 743 1326 773 cusserit
1345 754 1423 779 eum,
1443 746 1469 773 et
1484 745 1622 774 mortuus
1639 742 1745 781 fuerit,
1765 741 1918 773 homicida
1933 745 1993 774 est.-
2010 743 2167 774 moriendo

1195 786 1341 816 morietur
1362 785 1524 817 homicida.
1573 786 1620 816 17.
1652 784 1688 815 Si
1718 794 1787 816 vero
1818 784 1920 824 lapide
1948 795 2076 822 manus,
2107 796 2167 825 quo

1195 828 1360 866 moriatur,
1387 829 1577 867 percusserit
1599 838 1680 865 eum,
1706 830 1733 858 et
1755 830 1895 858 mortuus
1917 828 2028 867 fucrit,
2068 827 2165 859 homi-

1194 871 1265 901 cida
1288 874 1348 901 est:
1369 871 1521 902 moriendo
1555 871 1703 901 morietur
1732 870 1894 901 homicida.
1943 870 1991 902 18.
2024 871 2090 902 Aut
2119 871 2166 902 in-

1193 916 1357 945 strumento
1375 914 1474 953 liqnco
1491 924 1613 949 manus,
1632 924 1691 953 quo
1704 913 1864 949 moriatur,
1878 914 2070 952 percusserit
2087 923 2165 953 eum,

1195 959 1221 987 et
1238 957 1400 994 moriatur,
1419 956 1574 988 homicida
1589 959 1650 986 cst:
1667 956 1826 987 moriendo
1844 957 1993 987 morietur
2003 956 2164 988 homicida.

1196 999 1243 1030 19.
1268 999 1466 1038 Propinquus
1488 999 1653 1039 sanquinis
1674 999 1741 1037 ipse
1770 998 1933 1038 interficiet
1961 999 2163 1030 homicidam:

1194 1052 1288 1081 quum
1307 1043 1372 1081 ipse
1390 1042 1556 1073 obviaverit
1584 1041 1641 1078 illi,
1670 1042 1736 1080 ipse
1765 1041 1924 1081 interficiet
1941 1052 2016 1073 eum.
2051 1042 2101 1074 20.
2128 1042 2166 1074 Si

1188 1095 1248 1124 per
1270 1086 1382 1121 odium,
1407 1086 1544 1123 inquam,
1568 1084 1728 1123 impulerit
1746 1094 1823 1123 eum,
1847 1087 1902 1115 aut
1918 1085 2086 1124 proiecerit
2107 1085 2164 1117 ali-

1194 1128 1269 1167 quid
1293 1129 1324 1158 in
1346 1138 1415 1158 eum
1431 1138 1492 1166 per
1513 1128 1657 1165 insidias,
1681 1130 1707 1158 et
1728 1130 1868 1159 mortuus
1884 1127 1989 1167 fuerit,
2023 1128 2073 1159 21.
2099 1128 2166 1160 Aut

1189 1181 1250 1210 per
1271 1171 1470 1201 inimicit-iam
1487 1170 1676 1209 percusserit
1698 1180 1768 1201 eum
1791 1181 1886 1201 manu
1908 1181 1981 1207 sua,
2010 1174 2165 1203 mortuus-

1194 1224 1251 1253 que
1267 1213 1380 1252 fuerit:
1402 1214 1556 1244 moriendo
1574 1213 1723 1244 morietur
1734 1223 1910 1253 percussor,
1933 1213 2086 1245 homicida
2104 1217 2164 1246 cst:

1189 1257 1386 1295 propinquus
1409 1257 1574 1296 sanquinis
1597 1255 1756 1294 interficiet
1777 1256 1962 1287 homicidam
1981 1267 2076 1296 quum
2099 1257 2165 1296 ipse

1194 1299 1360 1330 occurrerit
1382 1299 1438 1329 illi.
1485 1299 1533 1329 22.
1561 1298 1597 1329 Si
1621 1301 1722 1330 autem
1743 1309 1819 1330 casu
1846 1299 1958 1338 absque
1988 1299 2164 1331 inimicitiis

1195 1341 1352 1380 impulerit
1374 1352 1459 1379 cum,
1488 1342 1534 1372 vel
1550 1342 1716 1380 proiecerit
1738 1342 1772 1373 in
1794 1352 1862 1372 eum
1892 1342 2023 1381 quodvis
2045 1343 2163 1374 instru-

1193 1387 1326 1415 mentum
1357 1384 1470 1423 absque
1500 1385 1636 1421 insidiis,
1682 1384 1732 1415 23.
1763 1385 1831 1415 Aut
1859 1385 1996 1424 quemvis
2025 1384 2164 1427 lapidem

1194 1438 1252 1466 quo
1275 1428 1427 1458 moriatur
1449 1438 1537 1466 quem
1564 1428 1656 1466 prius
1685 1438 1746 1458 non
1774 1427 1907 1463 videbaty
1937 1430 1965 1459 et
1985 1428 2092 1459 cadere
2119 1428 2165 1468 fe-

1193 1471 1266 1502 cerit
1289 1480 1383 1508 super
1401 1470 1490 1501 illum
1512 1473 1708 1509 mortuusque
1729 1470 1842 1510 fuerit,
1872 1473 1900 1501 et
1928 1471 1995 1510 ipse
2017 1481 2076 1502 non
2098 1473 2164 1502 erat

1196 1514 1223 1544 ei
1244 1513 1407 1549 inimicus,
1440 1523 1534 1552 neque
1557 1513 1721 1552 quaerebat
1743 1513 1861 1544 malum
1880 1513 1955 1552 eius,
1999 1513 2050 1544 24.
2077 1514 2164 1546 Tunc

1193 1555 1344 1587 iudicabit
1366 1556 1555 1596 coiiqreqcztio
1579 1557 1657 1587 inter
1674 1566 1888 1596 percussorem
1909 1559 1937 1587 et
1950 1557 2164 1596 propinquum

1193 1599 1360 1637 sanquinis
1381 1599 1547 1629 secandum
1569 1599 1688 1630 iudicia
1717 1600 1788 1630 ista.
1835 1599 1885 1630 25.
1915 1597 1957 1630 Et
1986 1602 2068 1631 eruet
2097 1609 2164 1631 con-

1192 1642 1328 1681 yreqatio
1356 1640 1541 1672 homicidam
1563 1652 1578 1672 e
1607 1651 1702 1672 manu
1729 1642 1901 1682 propinqui
1929 1642 2108 1683 sanyuinis,
2137 1644 2164 1674 et

1193 1685 1307 1715 reverti
1327 1684 1418 1722 faciet
1449 1695 1517 1715 cum
1546 1686 1736 1725 conqueyatio
1765 1686 1807 1716 ad
1835 1685 1938 1716 urbem
1967 1685 2084 1726 refuyii
2111 1685 2162 1717 sui

1193 1728 1235 1759 ad
1258 1737 1351 1766 quam
1377 1727 1569 1767 confuqerat:
1593 1727 1805 1767 habitabitque
1824 1728 1858 1759 in
1881 1737 1917 1759 ea
1942 1727 2032 1759 donec
2050 1728 2163 1759 moria-

1193 1773 1244 1801 tur
1266 1769 1408 1800 sacerdos
1437 1781 1568 1809 maqnus
1600 1771 1655 1809 qui
1688 1774 1799 1802 unctus
1821 1773 1863 1801 est
1890 1770 1951 1802 oleo
1978 1771 2161 1802 sanctitatis.

1194 1813 1244 1844 26.
1272 1813 1358 1851 Quod
1380 1813 1409 1843 si
1430 1813 1608 1852 eqrediendo
1632 1823 1772 1853 eqressus
1799 1813 1896 1853 fuerit
1921 1813 2074 1845 homicida
2103 1816 2161 1845 ter-

1194 1856 1313 1886 minum
1336 1855 1424 1886 urbis
1447 1856 1563 1895 refugiit
1586 1857 1638 1887 sui
1660 1857 1701 1887 ad
1723 1867 1817 1896 quam
1836 1856 2027 1897 confuyerat:
2050 1856 2100 1888 27.
2119 1856 2162 1887 Et

1194 1898 1343 1929 invenerit
1383 1908 1451 1928 cum
1487 1900 1686 1938 propinquus
1725 1900 1891 1939 sanquinis
1929 1901 2017 1930 eoetra
2055 1899 2161 1930 termi-

1194 1951 1269 1972 num
1291 1941 1379 1971 urbis
1400 1941 1515 1981 refuqii
1538 1942 1595 1978 sui,
1622 1945 1711 1981 atque
1734 1942 1875 1974 occiderit
1892 1942 2090 1982 propinquus
2109 1942 2162 1974 ille

1194 1984 1396 2014 homicidam:
1418 1994 1477 2014 non
1500 1985 1557 2015 erit
1579 1984 1726 2016 ommatius
1748 1986 1850 2015 morti.
1896 1984 1946 2015 28.
1972 1984 2013 2016 In
2041 1985 2162 2016 civitate

1194 2027 1274 2057 enim
1304 2026 1419 2066 refu—aii
1447 2027 1498 2057 sui
1528 2027 1677 2058 habitabit
1712 2028 1806 2059 donec
1839 2028 1992 2059 moriatur
2020 2027 2163 2058 sacerdos

1194 2079 1338 2108 maqnus:
1368 2072 1569 2109 posteaquam
1596 2073 1698 2101 autem
1726 2073 1865 2101 mortuus
1889 2070 1985 2110 fuerit
2017 2070 2161 2101 sacerdos

1194 2122 1333 2151 maqnus,
1366 2115 1530 2143 revertetur
1563 2113 1717 2144 homicida
1750 2113 1784 2144 in
1811 2116 1926 2144 terram
1955 2113 2161 2151 possessionis

1194 2165 1278 2185 suae.
1323 2154 1372 2185 29.
1406 2155 1446 2185 Et
1475 2158 1563 2186 erunt
1589 2156 1651 2186 ista
1679 2155 1763 2186 vobis
1799 2156 1832 2186 in
1867 2157 2013 2186 statutum
2049 2155 2161 2186 iudicii

1190 2208 1249 2237 per
1277 2198 1483 2236 qvizerationcs
1518 2201 1652 2232 vestras,
1681 2199 1715 2229 in
1745 2198 1885 2229 omnibus
1919 2198 2160 2229 habitationibus

1194 2241 1312 2271 vestris.
1359 2240 1408 2271 30,
1436 2242 1612 2281 Quicunque
1633 2241 1820 2280 percusserit
1849 2241 1996 2280 aliquem,
2020 2241 2062 2272 ad
2091 2251 2159 2272 ver-

1194 2283 1265 2313 bum
1287 2284 1409 2313 tes-tium
1431 2284 1541 2315 occidet
1562 2284 1762 2315 homicidam:
1787 2283 1870 2315 solus
1892 2284 1973 2314 enim
1995 2284 2081 2315 testis
2100 2294 2160 2315 non

1901 2326 1951 2357 31.
1984 2326 2089 2365 Neque
2112 2336 2160 2358 ac-

1193 2368 1313 2406 cipietis
1332 2369 1465 2406 prelium
1490 2380 1549 2408 pro
1582 2370 1689 2400 anima
1718 2369 1887 2400 homicidae
1914 2369 1969 2409 qui
1999 2372 2042 2400 est
2069 2369 2158 2401 scele-

1193 2413 1296 2447 ratiis,
1319 2413 1350 2440 ut
1375 2412 1525 2442 moriatur
1534 2425 1541 2442 .·
1569 2413 1623 2443 sed
1648 2412 1802 2443 moriendo
1824 2412 1980 2443 morietur.
2022 2412 2073 2443 32.
2100 2411 2160 2443 Sed

1192 2464 1245 2484 nec
1267 2454 1422 2491 accipietis
1439 2456 1577 2492 pretium
1599 2458 1632 2485 ut
1653 2455 1754 2494 fuqiat
1776 2455 1816 2485 ad
1839 2455 1943 2486 urbem
1960 2455 2076 2495 rcfuyii
2098 2455 2157 2491 sui,

1193 2498 1227 2526 ut
1249 2499 1415 2527 revertatur
1438 2497 1577 2529 habitare
1597 2499 1629 2528 in
1651 2508 1686 2528 ca
1709 2500 1791 2528 terra
1813 2498 1904 2529 donec
1933 2498 2086 2529 moriatur
2107 2507 2158 2529 sa-

1191 2539 1301 2570 cerdos.
1335 2539 1383 2569 33.
1409 2539 1451 2570 Ji!
1481 2551 1539 2571 non
1562 2541 1707 2580 polluetis
1736 2543 1851 2571 terram
1880 2541 1913 2571 in
1936 2550 1998 2579 qua
2023 2540 2158 2580 fueritis,

1192 2582 1267 2620 quia
1283 2583 1412 2620 sanquis
1427 2583 1481 2612 'iste
1497 2584 1613 2621 polluet
1631 2586 1742 2615 terrani
1752 2595 1759 2613 :
1778 2593 1872 2622 neque
1886 2586 1968 2614 terra
1981 2582 2159 2622 expiabitur

1187 2626 1314 2662 propter
1347 2626 1526 2664 san-quinem
1560 2627 1612 2665 qui
1646 2627 1762 2665 effusas
1795 2628 1837 2656 est
1871 2627 1905 2657 in
1941 2636 1975 2657 ea
2010 2626 2074 2657 nisi
2099 2635 2158 2665 per

1194 2325 1403 2363 testificabitur
1425 2326 1458 2356 in
1481 2328 1619 2357 animam
1641 2329 1674 2357 ut
1695 2327 1855 2357 moriatur.
