2304 3034
104 234 168 265 413

104 327 247 358 micaret.
292 326 371 358 Ideo
393 327 479 358 enim
502 326 605 358 voluit
627 326 718 357 Deus
746 324 913 355 lucernam
936 322 1068 354 accendi

105 375 218 400 eontra
251 369 381 407 faeiem,
415 369 469 401 vel
496 379 513 400 e
540 369 672 408 regione
701 366 902 403 candelabri,
932 369 969 396 ut
998 365 1068 404 ipsa

104 411 238 443 luminis
256 412 375 443 fultura
395 422 490 442 suum
514 411 611 442 decus
639 410 802 441 retineret.
837 408 948 446 Porro,
971 414 1007 438 ut
1029 406 1069 437 do

104 465 140 485 re
162 454 297 485 minime
319 453 509 494 spernenda,
533 452 743 492 exprimitur,
766 451 900 482 Aharon
923 450 1069 490 paruisse

104 496 167 527 Dei
190 497 340 537 imperio,
369 497 461 527 sicuti
485 505 503 526 a
526 495 617 526 Mose
647 498 823 534 acceperat.
869 491 942 531 Quo
972 492 1067 523 etiam

103 539 245 580 pertinet
268 539 352 579 quod
375 539 520 579 proxime
543 537 705 576 sequitur,
735 535 947 576 compositum
971 534 1069 565 fuisse

104 581 144 613 ad
171 582 336 622 exemplar
359 580 442 621 quod
476 579 602 611 viderat
624 579 732 610 Moses
755 579 788 609 in
817 582 936 609 monte.
981 577 1068 608 Illud

103 629 212 655 autem
246 624 309 655 fuit
341 623 389 665 (ut
417 627 492 653 ante
520 621 676 663 exposui),
707 621 814 652 Deum
845 631 914 652 esse
944 625 1068 660 patrem

102 666 280 704 luminum,
315 666 367 706 qui
401 665 516 704 spiritu
552 675 610 695 suo
644 663 810 695 eeclesiam
840 663 998 700 illustrat,
1028 673 1068 693 ne

103 709 231 740 oberret
253 709 287 739 in
311 707 466 744 tenebris,
497 712 593 746 atque
621 707 666 737 ita
687 717 784 747 quum
808 711 944 745 occupat
965 705 1068 745 caligo

103 756 208 783 totum
230 751 397 789 mundum,
421 749 569 780 fidelibus
592 749 658 780 suis
682 759 751 780 esse
774 759 832 789 pro
855 748 921 779 sole
940 752 971 779 et
989 747 1068 778 luna

103 794 137 825 in
161 795 265 825 lucem
288 797 477 833 perpetuam
501 798 537 823 ut
560 792 637 823 dicit
659 791 762 823 Isaiae
785 791 848 833 (60,
872 790 934 832 19).

390 961 454 992 EX
477 960 626 993 EXODI
650 961 779 992 XXVI.

188 1048 214 1078 1.
242 1047 486 1078 Tabernaculum
514 1056 586 1077 cero
612 1046 710 1085 facies
733 1056 748 1077 e
775 1047 873 1078 decem
902 1047 1030 1078 cortinis
1052 1057 1067 1077 e

102 1090 189 1131 bysso
211 1092 341 1129 retorta,
371 1092 397 1120 et
419 1089 579 1129 hyacintho
608 1092 636 1120 et
659 1100 820 1129 purpura,
849 1092 876 1119 et
903 1089 1066 1120 vermiculo

101 1133 194 1164 cocci:
215 1132 375 1163 Cherubim
394 1142 482 1171 opere
495 1132 697 1171 plirggionico
713 1133 819 1172 facies.
850 1132 878 1162 2.
894 1132 1066 1172 Longitudo

101 1175 235 1207 cortinae
252 1175 348 1205 unius
366 1176 424 1205 erit
441 1177 502 1206 octo
520 1177 547 1205 et
564 1175 673 1213 viginti
689 1175 874 1206 cubitorum:
892 1178 919 1205 et
936 1174 1065 1206 latitudo

101 1218 235 1249 cortinae
257 1218 367 1255 unius,
389 1220 520 1256 quatuor
542 1216 727 1248 cubitorum:
753 1227 901 1248 mensura
922 1228 987 1248 una
1009 1217 1066 1248 crit

101 1260 241 1292 omnibus
258 1261 393 1291 cortinis.
425 1260 453 1291 3.
476 1260 616 1298 Quinque
633 1261 769 1290 cortinae
786 1263 874 1290 erunt
891 1260 1065 1291 coniunctae

100 1302 197 1334 altera
220 1312 288 1333 cum
311 1302 416 1339 altera,
440 1305 466 1333 et
483 1303 616 1341 quinque
634 1302 717 1333 aliae
735 1303 868 1334 cortinae
886 1303 1064 1334 coniunctae

101 1345 199 1376 altera
222 1355 289 1375 cum
313 1345 418 1376 altera.
463 1345 492 1376 4.
523 1344 635 1376 Facies
664 1355 781 1384 quoque
808 1345 960 1384 laqucolos
987 1345 1062 1385 liga-

100 1387 255 1419 cintbinos
276 1388 310 1418 in
339 1398 396 1418 ora
423 1388 557 1419 cortinae
585 1388 681 1419 unius
710 1388 741 1418 in
772 1390 902 1419 ertremo
930 1389 965 1418 in
994 1398 1061 1418 con-

100 1431 268 1461 iunctione.-
301 1433 327 1461 et
359 1431 404 1460 sic
431 1431 530 1470 facies
558 1431 591 1461 in
619 1440 674 1461 ora
703 1431 837 1461 cortinae
866 1432 1000 1462 extrema
1030 1432 1063 1461 in

101 1473 306 1504 coniunctione
351 1474 494 1504 secunda.
556 1473 585 1504 5.
637 1473 868 1513 Quinquaginta
911 1473 1064 1512 laqueolos

100 1516 198 1555 facies
217 1515 251 1546 in
276 1516 394 1546 cortina
412 1526 484 1553 una,
510 1518 536 1546 et
553 1516 780 1555 quinquaginta
799 1516 950 1555 laqueolos
965 1516 1063 1555 facies

101 1559 136 1589 in
158 1561 288 1589 eatremo
310 1559 444 1589 cortinae
471 1568 549 1598 quae
570 1561 614 1589 est
635 1559 669 1589 in
691 1559 899 1589 coniunctione
918 1559 1062 1595 secunda,

101 1601 232 1640 oppositi
261 1604 349 1631 erunt
378 1600 510 1640 laqueoli
540 1600 617 1631 alter
646 1602 743 1632 alteri.
789 1601 817 1632 6.
850 1601 962 1632 Facies
991 1602 1063 1632 item

99 1644 327 1683 quinquaginta
347 1644 475 1674 uncinos
497 1654 616 1679 aureos,
639 1647 665 1674 et
687 1644 732 1674 ita
750 1645 913 1683 coniunges
930 1645 1064 1675 cortinas

101 1686 231 1717 alteram
253 1695 322 1716 cum
344 1686 442 1717 altera
458 1696 519 1726 per
540 1687 684 1717 uncinos:
715 1689 805 1726 atque
827 1687 872 1717 ita
891 1688 943 1726 siet
964 1687 1062 1717 taber-

100 1728 246 1760 naculum
274 1739 380 1759 unum.
427 1729 454 1759 7.
485 1728 597 1760 Facies
624 1730 753 1768 insuper
781 1730 916 1760 cortinas
945 1740 960 1759 e
982 1729 1064 1768 pilis

99 1781 269 1810 caprarum
291 1772 326 1802 in
347 1772 508 1802 tentorium
529 1782 622 1811 super
651 1771 898 1803 tabernaculum:
924 1772 1065 1803 undecim

99 1815 235 1846 cortinas
254 1814 352 1853 facies
374 1824 435 1845 eas.
481 1815 509 1845 8.
534 1814 706 1855 Longitudo
728 1815 859 1846 cortinae
881 1815 986 1852 unius,
1009 1815 1064 1845 tri-

98 1857 185 1897 ginta
205 1856 390 1888 cubitorum.-
419 1859 446 1887 et
474 1857 603 1888 latitudo
630 1858 762 1888 cortinae
790 1858 901 1894 unius,
932 1860 1064 1896 quatuor

99 1899 284 1931 cubitorum.-
306 1910 452 1930 mensura
476 1911 540 1931 una
557 1900 615 1931 erit
632 1901 773 1931 undecim
790 1901 934 1931 cortinis:
967 1900 996 1931 9.
1022 1900 1064 1931 Et

100 1942 261 1982 coniunges
290 1943 424 1981 quinque
446 1943 580 1974 cortinas
607 1953 763 1980 seorsum,
792 1945 820 1973 et
845 1953 901 1974 sex
929 1944 1063 1974 cortinas

100 1995 255 2016 seorsum:
284 1988 311 2015 et
339 1985 566 2025 conduplicabis
595 1986 744 2016 cortinam
766 1988 885 2016 sextam
907 1996 921 2015 e
942 1986 1064 2026 regione

100 2027 192 2067 faciei
210 2028 339 2058 tentorii.
376 2028 424 2058 10.
450 2027 560 2059 Facies
579 2031 679 2058 autem
697 2029 922 2068 quinquaqinta
941 2028 1063 2068 laqueo-

102 2070 146 2101 los
167 2071 199 2100 in
223 2080 278 2101 ora
300 2071 435 2101 cortinae
457 2071 552 2101 unius
574 2072 608 2102 in
629 2074 760 2102 extremo
783 2072 817 2101 in
845 2072 1062 2108 coniunctione,

103 2115 129 2143 et
150 2113 375 2154 quinquaqinta
397 2113 552 2152 laqucolos
570 2114 603 2144 in
622 2123 677 2144 ora
695 2114 827 2145 cortinae
844 2114 1065 2144 coniunctionis

104 2156 260 2186 secundae.
307 2157 355 2186 11.
388 2156 500 2187 Facies
523 2157 593 2187 item
622 2157 751 2187 uncinos
777 2166 881 2187 aereos
909 2157 1063 2195 quinqua-

102 2197 195 2236 ginta,
216 2208 291 2236 quos
303 2199 428 2229 induces
446 2200 477 2229 in
498 2198 659 2238 laquwlos,
679 2202 705 2229 et
722 2199 885 2239 coniunges
903 2199 1064 2230 tentorium

105 2241 131 2286 et
151 2241 208 2270 erit
228 2251 333 2271 unum.
380 2241 428 2272 12.
460 2241 668 2280 Superfluitas
689 2244 791 2272 autem
812 2251 892 2281 quae
914 2242 1065 2273 redundat

105 2291 139 2311 in
160 2283 283 2313 cortinis
302 2285 436 2321 tentorii,
468 2294 571 2324 nempe
598 2285 765 2316 dimidium
792 2285 926 2315 cortinae
955 2285 1065 2315 redun-

107 2324 218 2362 dantis,
239 2327 403 2364 superfluet
424 2338 444 2357 a
466 2330 548 2367 tergo
570 2327 769 2358 tabernaculi.
805 2327 853 2357 13.
881 2327 1065 2366 Cubitusque

107 2365 191 2403 lzinc,
221 2369 246 2397 et
274 2368 392 2399 cubitus
420 2369 522 2406 illinc,
553 2370 608 2409 qui
636 2370 787 2400 redundat
814 2370 848 2400 in
878 2370 1065 2409 longitudine

108 2409 293 2440 cortinarum
310 2411 439 2449 tentorii,
459 2412 640 2443 redundabit
658 2422 754 2451 super
766 2413 863 2443 latera
875 2412 1064 2443 tabernaculi

108 2451 177 2481 hinc
199 2453 226 2480 ct
247 2451 329 2489 inde,
360 2456 392 2483 ut
418 2456 495 2494 tegat
522 2455 609 2486 illud.
657 2455 705 2485 14.
742 2454 853 2486 Facies
874 2455 946 2485 itcm
969 2455 1065 2494 operi-

108 2495 242 2524 mentum
263 2495 387 2540 tentorio
408 2506 423 2526 e
440 2497 572 2535 pellibus
599 2498 734 2528 arietum
755 2498 939 2536 rubefactis:
967 2498 1065 2536 operi-

109 2538 242 2566 mentum
264 2538 333 2565 item
354 2547 368 2567 c
384 2538 518 2575 pellibus
539 2542 680 2570 taxorum
703 2550 842 2579 superne.
879 2540 927 2570 15.
953 2540 1065 2571 Facies

110 2581 136 2608 et
148 2577 269 2609 tabulas
280 2577 471 2611 tabernaculo
483 2591 497 2611 e
515 2581 608 2621 lignis
626 2583 722 2613 sittim
737 2585 859 2613 stantes.
886 2583 934 2613 16.
953 2582 1065 2614 Decem

109 2620 279 2651 cubitorum
312 2620 463 2660 longitudo
495 2623 632 2655 tabulae.-
661 2625 754 2655 cubiti
781 2635 852 2656 vero
880 2628 907 2655 ct
939 2625 1066 2656 dimidii

109 2663 239 2694 latitudo
257 2662 374 2693 tabulae
391 2664 492 2695 unius,
527 2666 574 2696 17.
595 2667 667 2698 Duo
684 2668 824 2699 cardines
841 2671 928 2698 erunt
945 2667 1067 2698 tabulae

800 229 1052 262 SECUNDUM
1074 229 1395 262 PRAEGEPTUM.

2021 230 2085 260 414

1120 323 1185 361 uni,
1207 323 1309 354 instar
1328 323 1484 364 graduum
1511 323 1613 354 scalae
1642 323 1802 362 dispositi,
1829 322 1905 354 alter
1927 333 1942 353 e
1963 323 2083 362 regione

1121 364 1269 402 alterius,
1317 367 1363 397 sic
1403 366 1501 405 facies
1543 365 1683 397 omnibus
1726 364 1839 396 tabulis
1881 364 2080 397 tabernaculi.

1123 407 1171 438 18.
1196 407 1306 439 Facies
1328 411 1429 439 autem
1450 408 1571 439 tabulas
1593 407 1801 445 tabernaculo,
1829 408 1938 448 viginti
1962 407 2083 439 tabulas

1121 450 1163 480 ad
1186 449 1268 481 latus
1296 451 1502 482 meridianum
1530 451 1570 482 ad
1598 453 1750 482 austrum.
1797 450 1846 481 19.
1875 449 1918 481 Et
1945 450 2081 489 quadra-

1119 492 1207 531 ginta
1230 492 1317 524 bases
1339 496 1496 533 argenteas
1515 493 1614 533 facies
1634 492 1690 524 sub
1711 493 1823 533 viginti
1845 492 1974 530 tabulis,
2002 493 2082 523 duas

1121 534 1209 565 bases
1230 535 1286 565 sub
1308 546 1370 566 una
1392 535 1504 572 tabula,
1522 546 1582 575 pro
1603 535 1721 567 duobus
1742 534 1922 567 cardinibus
1951 535 2032 566 eius.-
2054 537 2082 566 et

1121 576 1202 607 duas
1223 577 1311 609 bases
1331 578 1387 609 sub
1408 578 1513 609 tabula
1535 578 1649 616 altera,
1671 587 1732 617 pro
1760 577 1877 609 duobus
1901 577 2081 608 cardinibus

1121 620 1195 650 eius.
1240 619 1291 650 20.
1314 620 1356 651 In
1378 621 1470 652 latere
1491 631 1560 652 vero
1583 620 1769 651 tabernaculi
1791 620 1923 651 secundo
1947 620 1988 650 ad
2005 620 2077 659 pla-

1118 671 1191 701 gam
1214 662 1384 701 aquilonis,
1412 664 1522 702 viginti
1543 662 1671 694 tabulas.
1716 663 1766 693 21.
1798 662 1840 693 Et
1869 662 2080 701 quadraginta

1120 703 1207 735 bases
1229 714 1336 735 earum
1353 708 1520 745 argenteas,
1543 705 1624 736 duas
1646 705 1732 736 bases
1752 705 1809 736 sub
1831 715 1895 736 una
1918 705 2030 741 tabula,
2054 707 2081 736 et

1119 747 1200 777 duas
1229 746 1315 778 bases
1342 748 1398 778 sub
1427 748 1530 779 tabula
1558 748 1665 779 altera.
1718 747 1768 778 22.
1802 747 1900 778 Porro
1926 747 1960 777 in
1987 747 2080 778 latere

1120 789 1307 820 tabernaculi
1329 791 1370 821 ad
1392 791 1569 821 occidentem
1590 791 1687 829 facies
1706 800 1761 821 sea:
1781 789 1910 821 tabulas.
1956 789 2006 820 23.
2036 789 2080 820 Et

1119 831 1200 862 duas
1223 832 1345 863 tabulas
1365 832 1461 872 facies
1483 833 1607 872 angulis
1629 832 1818 864 tabernaculi
1840 833 1873 863 in
1896 832 1988 863 latere
2007 832 2080 863 occi-

1119 874 1249 905 dentali:
1293 875 1342 905 24.
1376 875 1461 914 Quae
1488 878 1578 906 erunt
1603 875 1695 914 quasi
1720 875 1864 915 gemellae
1892 875 2023 914 inferne,
2053 877 2080 905 et

1118 917 1214 947 simul
1229 920 1316 948 erunt
1334 918 1425 956 quasi
1440 918 1584 957 gemellae
1602 919 1635 948 in
1651 917 1779 957 fastigio
1797 918 1863 948 eius
1881 918 1914 948 in
1932 917 2079 948 circulum

1118 969 1228 989 unum:
1245 961 1290 990 sic
1307 960 1364 990 erit
1382 960 1417 990 de
1435 960 1554 991 duabus
1572 960 1652 991 illis:
1670 960 1703 990 in
1715 960 1830 991 duobus
1843 960 1966 1000 angulis
1984 961 2079 990 erunt.

1119 1001 1169 1032 25.
1188 1001 1293 1033 Erunt
1310 1003 1406 1042 igitur
1425 1005 1484 1033 octo
1502 1003 1631 1038 tabulae.
1650 1005 1677 1034 et
1694 1002 1780 1033 bases
1792 1012 1900 1033 earum
1911 1005 2079 1042 argenteae,

1117 1045 1268 1076 seraccini
1296 1045 1396 1076 bases:
1423 1046 1502 1076 duae
1530 1046 1616 1076 bases
1645 1048 1732 1075 crunt
1752 1045 1809 1076 sub
1832 1045 1936 1076 tabula
1958 1054 2031 1083 una,
2054 1047 2080 1075 et

1117 1087 1197 1118 duae
1220 1087 1306 1118 bases
1329 1087 1384 1118 sub
1407 1087 1512 1119 tabula
1534 1088 1639 1118 altera.
1679 1088 1720 1118 26
1739 1087 1850 1119 Facies
1872 1088 1964 1118 etiam
1985 1090 2079 1118 vectes

1119 1140 1133 1160 e
1156 1130 1250 1169 lignis
1273 1131 1385 1167 sittim,
1409 1131 1540 1169 quinque
1563 1131 1673 1161 tabulis
1696 1141 1755 1170 pro
1777 1130 1870 1161 latere
1891 1130 2079 1161 tabernaculi

1117 1182 1185 1203 uno.
1231 1172 1281 1203 27.
1306 1173 1348 1203 Et
1370 1174 1501 1212 quinque
1528 1175 1619 1204 vectes
1645 1173 1759 1203 tabulis
1780 1183 1841 1212 pro
1868 1173 1961 1203 latere
1982 1172 2079 1203 taber-

1117 1215 1222 1246 naculi
1240 1216 1349 1246 altero:
1367 1219 1392 1246 et
1411 1217 1544 1255 qzu'nqac
1563 1218 1654 1246 vectes
1671 1215 1783 1246 tabulis
1795 1225 1857 1254 pro
1875 1215 1966 1246 latere
1983 1215 2078 1245 taber

1116 1258 1236 1295 naculi,
1262 1269 1322 1297 pro
1347 1259 1441 1289 latere
1474 1259 1604 1297 inquam
1634 1262 1787 1297 vergente
1817 1258 1858 1288 ad
1890 1257 2076 1289 occidentem.

1117 1300 1166 1331 28.
1198 1301 1295 1332 Vectis
1307 1304 1405 1332 autem
1416 1301 1602 1339 niediusper
1618 1301 1751 1331 medium
1770 1299 1948 1331 tabularum
1966 1300 2079 1331 transi-

1117 1343 1157 1374 bit
1180 1344 1218 1374 ab
1241 1346 1369 1374 astrenzo
1388 1344 1429 1374 ad
1454 1346 1628 1374 extremuni.
1668 1343 1717 1373 29.
1748 1343 1884 1373 Tabulas
1907 1353 1976 1373 vero
2000 1344 2078 1382 teges

1117 1396 1203 1421 auro,
1227 1389 1316 1425 atque
1339 1387 1470 1417 annulos
1491 1396 1597 1417 carum
1623 1386 1719 1425 facies
1742 1396 1778 1416 ei
1800 1395 1894 1423 auro,
1919 1395 1978 1424 per
2003 1395 2079 1424 quos

1115 1429 1313 1459 traiicientur
1343 1432 1450 1465 vectes,
1489 1429 1696 1468 cooperiesque
1729 1430 1823 1459 vectes
1863 1428 1950 1466 ipsos
1988 1437 2076 1458 auro.

1117 1471 1165 1502 30.
1187 1471 1230 1502 Et
1248 1472 1291 1502 ita
1309 1472 1407 1511 eriges
1424 1471 1653 1502 tabernaculum
1667 1471 1834 1502 secundum
1845 1470 2077 1509 dispositionem

1117 1515 1198 1551 eius,
1227 1524 1305 1553 quae
1333 1514 1389 1545 tibi
1416 1517 1533 1545 ostensa
1555 1516 1597 1545 est
1619 1515 1652 1544 in.
1681 1515 1787 1543 monte.
1832 1512 1881 1543 31.
1920 1512 2029 1543 Facies
2051 1514 2078 1543 et

1116 1558 1218 1588 velum
1241 1568 1278 1587 car
1300 1557 1470 1596 hyacintho,
1494 1560 1519 1587 et
1536 1567 1693 1595 purpura,
1715 1558 1740 1586 et
1761 1555 1925 1586 vermiculo
1946 1555 2031 1592 cocci,
2049 1557 2077 1585 et

1117 1600 1204 1639 bysso
1216 1602 1338 1637 retorta,
1352 1610 1440 1638 opere
1456 1599 1654 1639 phrygionico
1671 1599 1767 1637 facies
1788 1598 1866 1628 illud
1883 1608 1950 1628 cum
1964 1597 2077 1638 figuris

1119 1642 1289 1674 Cherubim.
1324 1643 1374 1673 32.
1395 1642 1437 1673 Et
1449 1652 1545 1681 pones
1566 1642 1642 1672 illud
1663 1651 1755 1681 super
1772 1643 1902 1679 quatuor
1918 1640 2078 1671 columnas

1116 1686 1214 1716 sittim
1236 1685 1377 1717 obductas
1400 1695 1478 1716 <iuro
1500 1684 1619 1725 (uncini
1641 1694 1747 1715 earnm
1769 1682 1871 1724 aurei)
1893 1693 1985 1722 super
2003 1692 2077 1721 qua-

1115 1731 1183 1758 tuor
1201 1729 1289 1759 bases
1306 1730 1473 1768 argenteas.
1508 1727 1557 1757 33.
1584 1726 1739 1765 Ponesquc
1756 1725 1853 1756 celum
1870 1725 1926 1755 sub
1943 1725 2075 1761 uncinis,

1116 1774 1141 1802 et
1164 1772 1336 1802 introduces
1360 1770 1430 1801 illuc
1448 1771 1531 1801 intra
1557 1770 1654 1800 celum
1672 1779 1777 1799 arcam
1795 1768 1973 1805 testimonii,
1995 1767 2076 1798 divi-

1116 1814 1222 1852 detque
1250 1814 1351 1845 celum
1380 1814 1460 1844 illud
1489 1812 1572 1843 vobis
1600 1813 1678 1842 intcr
1715 1814 1853 1842 sanctum
1889 1813 1914 1840 ct
1941 1812 2080 1841 sanctum

1116 1860 1302 1887 sanctoruni.
1348 1857 1398 1887 34.
1433 1856 1533 1887 Pones
1560 1856 1689 1893 insuper
1712 1853 1965 1892 propitiatorium
1986 1862 2080 1891 super

1117 1910 1222 1931 arcani
1259 1900 1425 1930 testimonii
1454 1899 1487 1929 in
1516 1900 1618 1928 sancto
1653 1899 1836 1927 sanctorum.
1894 1895 1944 1926 35.
1981 1894 2080 1926 Pones

1116 1952 1235 1981 quoque
1256 1952 1392 1973 mensam
1414 1941 1502 1972 illanc
1524 1944 1609 1971 extra
1631 1939 1744 1977 velum,
1778 1942 1804 1969 ct
1826 1938 2042 1969 candelabrum
2065 1947 2080 1968 e

1116 1986 1238 2025 regione
1259 1995 1382 2016 mensae
1404 1985 1436 2014 in
1459 1984 1554 2014 latere
1581 1981 1769 2013 tabernaculi
1792 1981 1831 2012 ad
1853 1980 2028 2017 meridiem,
2052 1982 2080 2010 et

1116 2038 1254 2059 mensam
1289 2038 1388 2066 pones
1423 2028 1455 2058 in
1488 2027 1579 2057 latcrc
1614 2025 1777 2064 aquilonis.
1830 2023 1879 2053 36.
1915 2022 1958 2053 Et
1983 2023 2080 2062 facies

1117 2071 1216 2102 velum
1235 2071 1276 2101 ad
1297 2071 1408 2101 ostium
1428 2069 1614 2100 tabernaculi
1636 2078 1672 2097 ca:
1687 2066 1855 2106 hyacintho,
1879 2068 1905 2095 et
1923 2075 2078 2105 purpura,

1118 2116 1144 2145 et
1173 2113 1336 2144 vermiculo
1366 2113 1456 2149 cocci,
1489 2114 1514 2143 et
1535 2112 1622 2151 bysso
1645 2112 1755 2140 retorta
1775 2119 1862 2147 opere
1885 2108 2078 2147 acupictorz's.

1117 2156 1168 2187 37.
1206 2156 1276 2187 Velo
1305 2158 1405 2187 autem
1431 2155 1528 2195 facies
1556 2154 1689 2193 quinque
1717 2152 1874 2182 columnas
1903 2160 1940 2180 cx
1973 2150 2078 2187 sittim,

1117 2210 1197 2238 quas
1219 2201 1297 2239 teges
1320 2209 1406 2234 aure,
1430 2200 1456 2228 et
1476 2197 1582 2228 uncini
1601 2205 1706 2226 earam
1725 2194 1822 2231 aurei,
1843 2193 2013 2233 fundesque
2035 2193 2079 2222 eis

1116 2242 1249 2281 quinque
1271 2241 1357 2272 bases
1380 2250 1494 2272 aereas.

1206 2328 1232 2357 1.
1261 2326 1504 2357 Tabernaculuni
1526 2334 1595 2356 vero
1615 2324 1720 2362 facies.
1765 2321 1805 2351 In
1825 2324 1891 2351 tota
1914 2323 2078 2351 structura

1117 2369 1318 2401 tabernaculi
1342 2368 1518 2400 tenendum
1541 2371 1590 2398 est
1612 2365 1696 2406 quod
1720 2369 1794 2394 ante
1814 2363 1962 2400 vidimus,
1985 2362 2078 2393 edoc-

1118 2418 1167 2443 tos
1191 2412 1290 2443 fuisse
1312 2412 1478 2443 Israelitas
1500 2410 1558 2441 sub
1582 2408 1724 2440 externis
1746 2406 1868 2447 figuris,
1892 2416 1986 2445 quam
2008 2415 2080 2445 pre-

1117 2455 1201 2485 tiosa
1220 2466 1270 2486 res
1289 2459 1374 2486 esset
1393 2453 1498 2485 cultus
1518 2451 1750 2490 Dei2'ideoque
1769 2449 1879 2480 sedulo
1898 2447 2078 2479 cavendum

1117 2508 1197 2535 esse,
1218 2509 1257 2529 ne
1276 2498 1351 2528 ullis
1370 2496 1518 2527 sordibus
1537 2494 1771 2533 inquinaretur.
1802 2492 1887 2522 Nam
1906 2490 2079 2531 magnifiee.

1117 2540 1174 2571 illa
1196 2547 1330 2571 ornatus
1354 2540 1493 2579 dignitas
1516 2537 1663 2567 sordibus
1686 2534 1831 2574 opposita
1851 2534 1921 2564 fuit.
1957 2532 2078 2564 Admo-

1118 2583 1178 2613 niti
1202 2583 1300 2614 etiam
1324 2583 1465 2617 fuerunt,
1489 2581 1514 2611 si
1538 2579 1662 2611 censeri
1685 2577 1806 2608 vellent
1829 2576 1901 2616 puri
1926 2576 1987 2606 Dei
2010 2576 2077 2606 cul-

1118 2629 1221 2664 tores,
1251 2624 1430 2656 cavendum
1461 2633 1529 2654 esse
1560 2621 1598 2653 ab
1631 2620 1718 2651 omni
1748 2618 1973 2655 immunditie
2003 2628 2077 2649 nam

1119 2669 1271 2700 ecclesiae
1294 2669 1401 2708 imago
1425 2664 1667 2697 tabernaculum
1686 2663 1756 2694 fuit.
1792 2661 1845 2692 Ita
1865 2672 1921 2701 per
1944 2666 2080 2693 externa
