2304 3034
188 166 249 197 255
914 163 1178 195 PRAEFArio
1204 164 1250 194 IN
1272 164 1444 196 LEGEM.

187 259 313 291 ludium
338 258 395 288 fuit
421 256 556 287 Dar-idi<
581 257 731 295 potentia,
767 255 845 286 dum
869 255 929 286 sibi
953 261 1057 287 terrae
1081 268 1153 296 pro-

188 303 306 333 missae
330 300 505 331 dominium
532 299 677 329 asseruit.
714 297 901 329 Absurdum
926 304 1033 329 autem
1054 299 1155 330 videri

189 356 253 376 non
278 343 385 380 debet,
420 341 538 381 aliquid
571 342 670 372 veteri
702 341 821 381 populo
846 341 943 372 fuisse
975 338 1182 373 detractum'

190 399 228 418 ex
254 384 450 417 haereditate
474 394 554 424 quae
579 384 642 415 illis
677 395 715 414 ex
740 383 868 413 foedere
892 384 1050 423 speranda
1072 390 1154 416 erat:

190 430 264 469 quin
291 429 396 468 potius
425 428 457 456 111
489 437 525 457 eo
558 427 679 457 relucet
706 426 906 457 incredibilis
932 427 992 457 Dei
1021 427 1155 466 bouitas,
1181 437 1183 449 ‘v

190 471 271 511 quod
295 481 391 510 quum
411 480 445 499 se
464 480 596 509 prorsus
616 469 827 505 abdicassent,
854 469 942 499 Deus
955 474 1062 500 tamen
1083 481 1155 501 eum
1182 472 1183 478 ¹

189 515 317 545 illorum
348 513 506 552 pravitate
537 518 665 542 certans
693 523 758 542 non
790 511 950 542 destiterit
973 523 1006 543 se
1029 513 1157 544 fidelem

190 568 224 587 re
247 556 316 595 ipsa
341 555 486 595 probare.
512 554 602 585 Idem
627 561 659 585 et
683 557 714 585 in
739 555 885 594 gentium
907 555 1072 586 vocatione
1092 567 1157 587 eer-

190 610 266 629 nere
286 598 370 634 licet,
392 608 465 628 nam
486 598 512 628 si
533 598 565 627 iu
587 597 648 628 fide
669 597 837 628 stetissent
857 597 977 635 Iudaei,
1006 599 1158 629 coniunc-

191 648 240 672 tae
262 641 326 672 illis
347 641 481 671 fuissent
503 646 631 680 gentes:
656 641 739 671 sieut
766 640 886 670 dietum
911 645 988 671 erat.
1034 640 1156 681 Appre-

191 684 334 715 hendent
360 684 393 713 in
426 683 479 713 illa
513 683 563 713 die
594 683 702 714 decem
734 682 882 713 homines
912 683 1071 714 fimbriam
1095 684 1158 715 viri

190 726 425 767 Iudaeifflaeh.
446 726 473 763 S,
493 725 554 766 23).
580 726 672 757 Fecit
697 732 804 757 autem
829 736 938 756 eorum
963 725 1098 757 defectio
1122 732 1158 757 ut

192 777 320 800 tantum
344 768 504 809 primitias
529 769 680 800 eeclesiae
704 768 779 799 inde
803 768 968 809 collegerit
998 769 1095 805 Deus,
1127 775 1158 800 et

192 819 302 853 postea
326 813 357 842 in
381 821 519 842 vacuum
539 811 645 842 locum
672 818 784 852 gentes
810 811 1005 842 substitutae
1029 812 1156 843 fuerint.

193 856 264 886 Hoc
285 854 376 885 modo
405 865 507 893 neque
534 855 669 894 grauium
695 865 789 885 suum
809 854 914 884 tenuit
934 855 1072 894 populus
1095 855 1157 891 ille,

192 898 266 938 quia
287 909 303 928 a
329 897 582 937 primogenitura
606 897 741 928 excidit:
767 902 797 928 et
825 903 933 927 tamen
953 898 1046 928 firma
1071 898 1159 928 stetit

192 942 253 971 Dei
272 941 408 971 veritas:
429 940 523 970 sicuti
544 939 649 971 fusius
665 940 809 980 disputat
822 940 945 971 Paulus
960 940 997 970 11
1013 941 1051 971 ad
1066 941 1158 972 Rom.

191 991 302 1023 capite.

490 1153 552 1183 Ex
577 1153 709 1184 DEUT.
734 1152 866 1184 XXIX.

279 1239 319 1269 ‘29
336 1238 365 1280 ¹).
393 1237 514 1270 Secreta
544 1240 617 1269 sunt
640 1237 769 1269 sehet-ae
792 1237 860 1269 Deo
884 1241 999 1279 nostro,
1030 1240 1161 1271 revelata

194 1284 295 1313 autem
327 1281 412 1312 nobis
439 1284 464 1311 el
492 1280 572 1319 filiis
602 1281 715 1311 nostris
743 1291 838 1320 usque
869 1282 899 1312 ’111
924 1282 1094 1321 saeculum,
1130 1287 1162 1314 ut

192 1326 347 1365 faciamus
371 1324 474 1355 omnia
499 1324 588 1355 rerba
611 1324 685 1364 leyis
709 1323 812 1355 huius.

503 1495 567 1526 EX
590 1495 724 1527 DEUT.
748 1495 863 1527 XXX.

283 1581 330 1611 11.
364 1579 564 1619 Praeceptum
594 1581 646 1611 7106
682 1582 762 1620 quod
789 1582 951 1621 praecipio
984 1582 1038 1613 tihi
1067 1582 1162 1621 hodie,

195 1634 255 1655 ozon
278 1626 321 1654 est
332 1623 571 1655 abscondituma
591 1626 625 1661 tc,
649 1634 702 1655 nec
711 1625 820 1663 procul
832 1628 988 1657 remotmn.
1022 1625 1070 1656 12.
1092 1625 1163 1657 Non

196 1670 239 1697 est
264 1668 295 1697 in
319 1666 407 1697 coelis
430 1669 463 1696 ut
486 1667 590 1697 rideas:
629 1667 705 1706 Quis
727 1667 813 1698 uobis
835 1669 974 1699 ascendet
997 1668 1031 1699 in
1053 1668 1164 1699 coelum

195 1712 227 1740 ut
250 1710 371 1749 deferat
395 1709 473 1739 illud
496 1709 537 1739 ad
561 1719 622 1746 1103,
646 1712 672 1739 et
696 1711 858 1741 (zintzmcict
880 1711 975 1748 nobis,
1006 1714 1039 1741 ut
1061 1712 1165 1750 ipsum

194 1752 378 1792 faciamus?
427 1752 473 1782 13.
501 1752 565 1783 Nec
595 1755 637 1783 est
660 1752 743 1783 ultra
767 1764 867 1791 vacue,
899 1756 928 1784 at
951 1754 1055 1785 dicas:
1089 1754 1165 1793 Quis

196 1796 281 1826 nobis
304 1795 437 1826 traiiffl'et
461 1806 547 1826 mare
571 1798 602 1825 at
620 1795 739 1834 deferat
757 1796 837 1826 illud
855 1797 896 1828 ad
916 1807 978 1833 nos,
1002 1799 1027 1827 et
1045 1807 1165 1828 annun-

197 1839 251 1869 ciet
272 1837 367 1868 vohis.
392 1840 424 1868 ut
449 1838 549 1877 ipsam
567 1838 750 1877 faciamus?
795 1839 842 1870 14.
870 1839 953 1870 Certe
981 1839 1069 1871 valde
1095 1850 1165 1879 pro-

192 1881 334 1919 pinquus
357 1883 399 1910 est
418 1880 475 1911 tibi
497 1890 596 1911 sermo
618 1881 651 1911 ia
674 1892 724 1912 ore
748 1884 806 1919 tuo,
831 1885 857 1913 et
880 1883 913 1912 ia
935 1882 1022 1913 corde
1043 1885 1102 1921 tuo,
1135 1885 1166 1913 ut

196 1925 298 1963 facias·
323 1924 433 1963 ipsunt.

285 2009 418 2039 Denter.
443 2008 493 2045 29,
511 2008 560 2039 29.
594 2008 712 2040 Secreta
735 2013 815 2041 sunl.
848 2011 1046 2051 Ambiguum
1071 2010 1165 2041 huius

200 2052 258 2083 loci
289 2062 418 2082 sensum
449 2052 522 2081 feeit
556 2052 683 2083 concisa
715 2053 865 2084 brevitas.
917 2054 1028 2093 Neque
1058 2058 1164 2084 tamen

200 2095 343 2135 singulas
365 2094 581 2133 expositiones
605 2106 733 2126 neeesse
757 2102 807 2127 cst
830 2096 1003 2127 discutere:
1039 2100 1165 2127 tantum

200 2138 342 2168 breviter
371 2142 529 2177 attingam
565 2148 646 2177 quae
680 2139 784 2179 magis
819 2145 966 2179 receptae
997 2144 1089 2178 sunt,
1124 2149 1165 2169 ne

200 2180 326 2211 fallant.
379 2180 535 2211 Coactum
567 2186 614 2210 est
645 2180 728 2220 quod
763 2182 902 2213 afferunt
937 2182 1065 2222 quidam
1101 2182 1165 2212 He-

202 2224 304 2260 braei,
337 2223 493 2253 scelerum
522 2233 603 2262 quae
628 2229 702 2254 sunt
726 2225 913 2256 abscondita
938 2226 1041 2255 Deum
1061 2225 1164 2255 solum

203 2276 270 2296 esse
301 2265 476 2296 vindicem:
508 2276 729 2307 quaecumque
756 2279 832 2299 vero
862 2269 895 2299 in
919 2268 1084 2299 hominum
1109 2278 1162 2297 no-

203 2309 305 2339 titiam
336 2308 495 2348 prodeunt
525 2311 813 2349 transgressiones,
849 2322 901 2342 eas
930 2321 999 2341 esse
1031 2311 1164 2350 punien-

204 2351 259 2382 das
288 2362 305 2381 a
336 2351 493 2382 iudicibus
522 2353 668 2383 terrenis.
716 2353 827 2393 Neque
862 2354 946 2384 enim
980 2353 1017 2383 de
1051 2364 1166 2392 poena-

203 2405 274 2424 rum
299 2395 532 2433 exsequutioue
552 2394 602 2426 hie
622 2396 744 2435 agitur:
770 2396 825 2427 sed
850 2397 955 2427 Moses
979 2396 1168 2435 simpliciter
1192 2390 1194 2399 '

204 2447 300 2467 usum
320 2437 400 2476 legis
420 2436 584 2467 doetrinae
604 2439 818 2470 commendat.
865 2439 1063 2469 probabilior
1084 2444 1168 2468 esset

207 2490 316 2510 eorum
336 2481 495 2510 sententia
514 2481 568 2520 qui
594 2480 673 2521 legis
692 2482 915 2513 excellentiam
940 2481 1092 2513 celebrari
1114 2492 1169 2511 vo-

207 2522 292 2560 lunt,
317 2522 400 2562 quod
424 2522 488 2553 illic
512 2534 628 2554 areana
651 2535 708 2555 sua
732 2525 879 2565 patefecit
902 2525 1003 2555 Deus:
1030 2524 1091 2554 nisi
1115 2524 1167 2554 ob-

278 2617 303 2648 1)
322 2616 404 2641 Hebr.
423 2616 463 2641 ΞΝ.

2115 167 2178 198 256

1208 262 1309 288 staret
1337 258 1567 298 grammaticae
1599 258 1688 288 ratio.
1743 257 1855 297 Neque
1888 258 1972 289 enim
2004 270 2067 290 uno
2101 270 2177 292 eon-

1208 305 1301 331 textu
1331 301 1407 332 haee
1438 300 1573 341 legenda
1603 305 1694 330 sunt:
1731 299 1864 331 Secreta
1893 300 1956 332 Dei
1987 302 2078 334 nobis
2107 314 2176 334 esse

1208 343 1363 374 revelata:
1390 344 1464 383 quia
1488 343 1520 373 id
1545 353 1607 373 non
1632 343 1755 382 patitur
1778 349 1798 374 Π
1822 343 1944 384 agcdia,
1970 344 2018 374 vel
2044 345 2176 376 demon-

1207 386 1381 416 strativum
1406 396 1583 426 pronomen
1608 385 1691 424 quod
1716 386 1842 424 utrique
1866 385 2029 425 adiicitur,
2061 387 2176 420 deinde

1208 439 1289 468 quae
1313 429 1530 468 interponitur
1560 428 1683 467 copula.
1731 427 1814 458 Mihi
1846 439 1919 458 vero
1949 428 2080 460 dubium
2112 442 2175 462 non

1209 477 1266 509 est,
1290 471 1341 502 hie
1366 482 1421 510 per
1445 470 1622 501 antithesin
1654 471 1793 501 conferri
1824 471 2016 510 patefactam
2049 473 2083 503 in
2106 473 2176 514 lege

1210 514 1388 545 doctrinam
1424 524 1496 544 eum
1532 513 1656 544 occulto
1692 518 1724 544 et
1759 514 2075 553 incomprehensibili
2116 516 2176 547 Dei

1210 557 1355 593 consilio,
1386 555 1424 586 de
1448 566 1510 595 quo
1534 555 1673 587 siscitari
1696 555 1744 586 fas
1769 566 1832 586 non
1857 561 1913 587 est.
1960 556 2069 595 Quare
2093 556 2176 599 (meo

1211 599 1341 640 indicio)
1365 599 1477 638 copula
1502 599 1571 629 vice
1595 598 1820 629 adversativae
1844 599 2021 639 particulae
2040 602 2175 640 eapitur,

1210 653 1245 673 ac
1269 643 1295 673 51
1319 642 1441 672 dictum
1466 646 1559 678 esset,
1590 640 1678 672 Deus
1701 641 1830 681 quidem
1855 641 1939 681 apud
1971 652 2004 673 se
2034 644 2177 674 continet

1210 689 1332 715 secreta
1355 694 1435 724 quae
1459 684 1541 715 seire
1561 689 1672 714 nostra
1692 684 1771 714 nihil
1792 684 1935 723 interest,
1956 695 2059 724 neque
2079 686 2176 717 etiam

1211 727 1348 767 expedit,
1373 733 1403 757 ct
1427 738 1506 766 quac
1530 737 1661 757 sensum
1683 731 1826 757 nostrum
1853 728 2119 759 transscendunt:
2145 733 2177 759 at

1211 770 1289 800 baec
1309 780 1387 808 quae
1408 769 1499 799 nobis
1520 769 1747 809 promulgavit,
1768 771 1807 799 ad
1828 780 1885 800 nos
1905 775 1937 800 et
1955 770 2037 801 filios
2051 776 2177 803 nostros

1210 813 1383 852 pertinent.
1409 813 1516 843 Locus
1540 812 1677 852 insignis
1701 819 1732 843 et
1751 811 1924 843 observatu
1944 814 2088 852 apprime
2108 813 2177 854 dig-

1212 866 1288 893 nus,
1320 866 1382 895 quo
1413 861 1476 885 tam
1510 855 1641 885 audacia
1672 861 1703 885 et
1727 855 1826 885 nimia
1850 855 2020 886 curiositas
2043 855 2177 888 damna-

1212 904 1273 934 tur,
1298 909 1393 938 quam
1418 898 1601 927 excitantur
1625 897 1695 937 piae
1720 898 1846 928 animae
1870 898 1909 928 ad
1934 897 2078 930 discendi
2109 904 2176 930 stu-

1212 940 1310 971 dium.
1343 941 1472 971 b'eimus
1496 951 1591 979 quam
1616 940 1729 980 cupide
1753 946 1907 980 appetant
1929 941 2011 972 scire
2029 941 2178 974 homines

1212 994 1347 1023 quorum
1373 994 1430 1014 nce
1454 983 1595 1023 cognitio
1618 983 1793 1022 quidquam
1819 983 1965 1023 prodest,
1989 990 2021 1014 et
2044 985 2177 1016 iuvesti-

1213 1027 1298 1065 gatio
1330 1026 1427 1056 etiam
1460 1031 1506 1055 est
1543 1025 1648 1056 noxia.
1701 1026 1832 1056 Vellent
1866 1036 1977 1058 omnes
2011 1037 2081 1058 esse
2116 1027 2178 1059 Dei

1212 1069 1401 1107 consiliarii,
1433 1075 1464 1098 et
1488 1069 1519 1098 in
1545 1069 1658 1099 ultima
1682 1070 1843 1100 coelorum
1867 1069 1966 1109 adyta
1989 1076 2176 1109 penetrare:

1212 1112 1277 1142 imo
1301 1112 1437 1142 libenter
1464 1117 1654 1142 excuterent
1684 1112 1804 1142 i'orulos
1828 1122 1949 1142 omnes.
1993 1112 2088 1144 Unde
2112 1123 2178 1144 me·

1214 1154 1275 1185 rito
1289 1154 1370 1184 dixit
1383 1154 1535 1193 profanus
1558 1154 1612 1184 ille
1626 1159 1732 1193 poeta:
1756 1154 1806 1184 Nil
1830 1155 2020 1186 mortalibus
2039 1155 2177 1187 arduum

1214 1202 1274 1228 est:
1300 1197 1433 1228 Coelum
1458 1197 1562 1236 ipsum
1582 1197 1721 1236 petimus
1741 1197 1887 1228 stultitia.
1933 1197 2069 1228 Interim
2094 1198 2179 1238 quod

1216 1240 1306 1270 nobis
1334 1239 1422 1270 Deus
1458 1244 1568 1279 aperte
1600 1239 1767 1280 proponit,
1804 1244 1834 1270 et
1872 1239 1942 1271 vult
1973 1239 2179 1272 familiariter

1217 1288 1330 1313 notum
1348 1293 1425 1319 esse,
1450 1283 1499 1313 vel
1524 1283 1709 1322 negligitur,
1733 1283 1784 1313 vel
1805 1282 1931 1313 fastidio
1951 1282 2097 1320 habetur,
2118 1283 2178 1322 vel,

1218 1332 1370 1364 tanquam
1396 1326 1492 1355 nimis
1515 1326 1702 1363 obscurum,
1734 1325 1842 1365 procul
1867 1325 2019 1357 reiicitur.
2066 1326 2179 1358 Priore

1217 1368 1317 1408 igitur
1340 1367 1484 1399 membro
1507 1368 1648 1400 breviter
1677 1368 1813 1408 castigat
1836 1369 1959 1405 Moses,
1991 1374 2023 1399 et
2052 1369 2180 1400 cohibet

1216 1411 1306 1441 illam
1340 1411 1563 1449 temeritatem,
1598 1421 1680 1451 quae
1714 1411 1872 1442 transsilit
1902 1415 2003 1442 metas
2027 1411 2182 1444 divinitus

1217 1455 1307 1485 fixas.
1355 1454 1464 1484 Altero
1488 1459 1595 1484 autem
1620 1454 1768 1485 hortatur
1792 1454 1829 1484 ad
1856 1453 2104 1493 amplexandam
2136 1454 2181 1485 le-

1217 1499 1265 1537 gis
1290 1497 1476 1533 doctrinam,
1501 1497 1533 1527 in
1558 1507 1621 1536 qua
1645 1497 1734 1527 nobis
1758 1498 1903 1536 exposita
1922 1502 1971 1528 est
1986 1497 2047 1528 Dei
2067 1497 2181 1528 volun-

1217 1544 1283 1577 tas,
1315 1549 1350 1569 ae
1374 1540 1399 1570 si
1431 1550 1537 1571 eoram
1567 1539 1733 1571 nobiscum
1757 1539 1951 1579 loqueretur.
1997 1540 2106 1580 Atque
2135 1540 2182 1571 ita

1218 1583 1356 1613 occurrit
1390 1593 1499 1613 eorum
1533 1582 1673 1613 malitiae
1705 1582 1759 1622 qui
1791 1583 1894 1614 lucem
1926 1581 2064 1613 oblatam
2096 1583 2181 1614 refu-

1217 1626 1318 1664 giunt,
1339 1631 1368 1655 ct
1383 1636 1550 1665 perperam
1564 1625 1769 1656 obscuritatis
1782 1625 1974 1656 insimulant
1993 1625 2181 1665 doctrinam,

1216 1669 1249 1698 in
1274 1679 1335 1708 qna
1359 1680 1391 1699 se
1412 1669 1500 1699 Deus
1524 1668 1562 1699 ad
1589 1668 1752 1699 modulum
1777 1668 1898 1708 ingenii
1923 1669 2025 1699 nostri
2044 1667 2182 1700 demisit.

1217 1711 1254 1741 In
1275 1722 1399 1742 summa
1421 1711 1622 1751 pronunciat,
1637 1712 1742 1742 Deum
1763 1711 1911 1742 omnibus
1924 1711 1978 1751 qui
1996 1722 2030 1742 se
2043 1711 2181 1752 discipu—

1216 1753 1263 1785 los
1287 1755 1315 1784 ei
1339 1754 1479 1784 offerunt
1502 1754 1660 1793 optimum
1686 1765 1755 1785 esse
1779 1754 1984 1795 magistrum:
2009 1754 2083 1794 quia
2107 1754 2182 1786 fide-

1217 1797 1290 1827 liter
1312 1802 1343 1827 et
1365 1797 1449 1827 clare
1473 1796 1626 1836 quidquid
1651 1797 1729 1827 utile
1752 1802 1801 1828 est
1819 1797 1952 1837 cognitu
1971 1796 2180 1836 demonstret,

1217 1839 1378 1870 doctrinae
1402 1851 1527 1880 quoque
1550 1840 1750 1880 perpetuitas
1771 1840 1942 1877 asseritur,
1973 1850 2014 1870 ne
2039 1850 2182 1880 unquam

1217 1882 1401 1919 intercidat,
1434 1888 1489 1913 aut
1519 1887 1677 1913 vetustate
1702 1881 1885 1914 obsolescat.
1933 1882 2105 1921 Quatenus
2128 1893 2182 1914 au·-

1218 1932 1280 1955 tem
1306 1926 1356 1955 lex
1381 1926 1422 1955 sit
1446 1931 1618 1965 perpetua,
1643 1924 1715 1955 libri
1739 1925 1767 1956 2.
1792 1925 2012 1956 Institutionis
2036 1936 2104 1965 cap.
2132 1926 2181 1963 11,

1218 1969 1318 1999 fusius
1342 1968 1485 1999 disserui.
1533 1968 1607 2007 Ipsa
1642 1967 1771 2007 quidem
1803 1968 1854 2008 pie
1881 1968 2028 2008 iusteque
2051 1968 2182 1999 vivendi

1218 2011 1327 2051 regula
1341 2011 1438 2042 etiam
1457 2011 1551 2042 hodie
1567 2011 1713 2050 vigorem
1733 2020 1827 2041 suum
1849 2012 1975 2047 retinet,
1997 2021 2182 2050 quanquam

1218 2054 1290 2094 iugo
1314 2054 1479 2085 servitutis
1503 2058 1534 2084 et
1558 2053 1782 2084 maledictione
1806 2064 1916 2084 sumus
1945 2053 2050 2084 soluti.
2104 2054 2181 2085 Cae-

1217 2097 1368 2127 rcmoniis
1388 2101 1495 2127 antem
1515 2097 1559 2127 sie
1586 2097 1680 2127 finem
1705 2096 1857 2135 imposuit
1877 2095 1999 2127 Christi
2022 2096 2182 2127 adventus

1218 2144 1253 2169 nt
1278 2140 1345 2179 ipso
1368 2140 1483 2170 effectu
1508 2150 1572 2169 non
1594 2139 1707 2169 inanes
1731 2138 1783 2169 vel
1807 2138 1995 2169 umbratiles
2023 2138 2182 2170 duntaxat

1218 2182 1315 2212 fuisse
1338 2183 1456 2213 certius
1480 2182 1673 2221 probaverit.
1719 2181 1886 2212 Postremo
1916 2181 2131 2212 obedientiam
2163 2192 2182 2213 a

1218 2225 1331 2264 populo
1366 2226 1490 2265 flagitat
1519 2225 1639 2256 Moses:
1668 2223 1800 2264 ideoque
1835 2224 1941 2254 datam
1976 2235 2045 2255 esse
2079 2224 2182 2264 legem

1217 2267 1365 2298 admonet
1391 2280 1452 2298 non
1478 2273 1603 2298 tantum
1629 2272 1664 2298 ut
1687 2268 1790 2298 sciant
1813 2266 1980 2297 Israelitae
2011 2266 2086 2306 quid
2118 2278 2181 2299 rec-

1218 2316 1285 2340 111111
1318 2311 1375 2347 sit,
1415 2310 1468 2341 sed
1500 2309 1654 2350 quidquid
1686 2310 1847 2349 praecepit
1880 2309 1969 2340 Deus
1999 2309 2180 2341 observent.

1219 2353 1343 2383 Verum
1367 2353 1495 2393 quidem
1515 2358 1563 2384 est
1586 2364 1648 2383 non
1669 2363 1760 2392 posse
1775 2352 1923 2384 omnibus
1943 2353 2010 2383 eius
2029 2362 2181 2393 praecep-

1221 2396 1260 2425 tis
1285 2396 1316 2425 in
1339 2396 1477 2426 solidum
1501 2397 1664 2426 satisfieri:
1689 2395 1743 2425 sed
1759 2395 1909 2434 perfectio
1929 2406 2009 2435 quae
2029 2395 2180 2436 exigitur,

1220 2438 1258 2468 ad
1286 2439 1410 2469 veniam
1442 2438 1614 2478 petendam
1644 2438 1730 2477 cogit>
1759 2448 1812 2468 eos
1835 2438 1889 2477 qui
1913 2449 1946 2469 se
1976 2437 2095 2478 alioqui
2119 2438 2182 2470 Dei

1221 2480 1337 2511 iudicio
1368 2482 1521 2512 obnoxios
1551 2481 1711 2512 sentiunt:
1743 2485 1779 2510 ut
1808 2491 1881 2511 mox
1911 2481 2079 2512 dicendum
2110 2482 2180 2512 erit.

1223 2523 1347 2554 Deinde
1371 2525 1546 2554 notandum
1571 2528 1633 2561 est,
1665 2523 1727 2554 hue
1758 2528 1902 2563 spectare
1933 2523 2113 2555 doctrinam
2143 2523 2182 2556 de

1196 2601 1197 2610 ἵ
1223 2571 1287 2596 tota
1312 2566 1379 2605 lege
1403 2567 1578 2604 servanda,
1610 2578 1648 2597 ne
1678 2572 1827 2606 separent
1856 2566 2000 2598 homines
2029 2577 2182 2607 praecep-

1224 2615 1290 2639 tum
1317 2620 1414 2640 11111111]
1439 2610 1478 2641 ab
1502 2610 1588 2648 aliis,
1620 2614 1651 2640 ct
1673 2620 1706 2640 ee
1730 2609 1836 2649 aliqua
1859 2614 1986 2640 tantum
2011 2614 2100 2650 parte
2128 2609 2182 2641 de-
