2304 3034
75 219 134 251 637

75 314 256 354 sanquinem
277 312 364 343 illius
385 312 439 351 qui
461 310 568 349 effudit
589 308 686 339 illum.
731 307 781 338 34.
808 306 855 338 Ne
877 316 947 346 erqo
967 305 1037 344 pot-

76 357 171 388 luatis
193 359 309 387 terram
330 355 364 385 in
386 364 447 393 qua
468 351 628 386 habitatis,
653 353 680 381 et
699 350 733 380 in
755 350 843 380 cuius
866 348 963 379 medio
985 358 1037 387 090

75 399 195 430 habito:
228 408 279 438 eqo
312 397 394 429 enim
427 395 540 426 Ielcova
571 392 672 424 habito
705 393 736 423 in
770 392 870 423 medio
900 391 1038 429 filiorum

76 441 187 473 Israel.

386 605 450 637 EX
473 604 605 637 DEUT.
630 603 726 635 XIX.

162 696 189 726 1.
216 694 315 733 Quum
338 691 483 722 exciderit
506 689 619 721 Ieliova
643 689 730 720 Deus
747 690 818 719 tuus
839 690 940 728 qentes
962 697 1036 726 qua-

75 748 145 769 rum
165 738 231 775 ipse
249 735 361 766 Iehova
382 733 470 764 Deus
492 735 565 763 tuus
587 732 641 763 dat
662 732 718 762 tibi
740 733 862 766 terram,
885 733 912 761 et
928 739 1035 768 posse-

75 781 157 812 deris
179 789 238 816 eas,
261 776 504 814 habitaverisque
526 775 561 805 in
590 774 717 805 urbibus
747 783 854 803 earum
876 776 902 803 cl
930 773 964 802 in
987 772 1037 802 do-

75 822 176 854 mibus
198 829 312 857 earum,
357 818 385 849 2.
413 819 489 849 Tres
511 817 601 848 urbes
623 816 786 856 separabis
808 815 863 846 tibi
885 816 917 845 in
938 814 1037 845 medio

74 867 170 896 terrae
192 865 262 894 tuac
283 871 375 901 quam
398 860 512 892 Ielzova
535 859 625 891 Deus
646 862 718 890 tuus
736 859 788 889 dat
811 858 867 889 tibi
888 860 922 888 ut
934 857 1036 896 possi-

74 907 146 938 deas
168 915 242 936 eam.
285 904 313 935 3.
336 903 546 942 Praeparabz's
564 902 621 932 tibi
638 903 760 937 itinera,
785 904 812 931 et
830 901 864 931 in
883 903 945 931 tres
961 910 1037 938 par-

73 952 116 980 tes
137 948 255 979 divides
276 947 440 978 terminum
463 948 563 976 terrae
586 947 666 981 tuae,
688 953 781 983 quam
803 944 836 974 in
865 942 1037 973 baeredita-

72 994 129 1023 tem
157 990 288 1021 daturus
319 992 363 1020 est
394 988 450 1019 tibi
479 987 592 1019 Ielzova
624 987 711 1018 Deus
744 989 829 1017 tuus:
865 986 981 1024 eritque
1004 986 1037 1015 ut

71 1033 172 1073 fuqiat
193 1032 266 1063 illuc
289 1032 389 1062 omnis
411 1030 572 1061 homicida.
617 1030 646 1060 4.
671 1029 757 1060 Haec
787 1031 888 1060 autem
916 1030 960 1058 est
987 1037 1037 1058 res

72 1075 242 1106 homicidae
275 1074 329 1113 qui
360 1074 458 1114 fuqiet
479 1073 561 1108 illuc,
590 1074 617 1103 et
648 1072 738 1103 vivet:
767 1071 821 1110 qui
849 1070 1038 1110 percusserit

68 1118 249 1158 proximum
289 1127 379 1147 suum
419 1117 601 1155 iqnoranter,
636 1125 729 1154 neque
761 1114 866 1144 oderat
900 1123 967 1144 eum
1000 1112 1037 1143 ab

71 1160 137 1191 heri
174 1163 200 1190 et
239 1159 475 1190 nudiustertius.

67 1203 213 1243 proximo
232 1212 287 1232 suo
306 1203 339 1233 in
362 1201 480 1241 sylvam
503 1201 544 1232 ad
566 1200 718 1231 caedenda
736 1199 831 1239 liqna,
856 1201 881 1229 et
902 1199 1038 1238 impulsu

69 1245 166 1285 fuerit
187 1255 300 1276 manus
326 1245 393 1275 eius
416 1244 449 1274 in
472 1243 603 1274 securim
625 1243 667 1274 ad
695 1242 880 1273 caedendum
908 1241 1036 1280 Ziynum,

71 1288 207 1328 elapsum
241 1290 341 1318 autem
373 1286 469 1325 fuerit
500 1285 622 1325 ferrum
654 1296 668 1316 e
698 1285 794 1325 tiyno,
830 1284 1037 1323 inveneritque

64 1331 248 1371 proximum
280 1339 389 1367 suum,
423 1331 451 1360 et
483 1329 653 1359 moriatur:
676 1328 705 1358 is
735 1327 833 1366 fuqiet
865 1327 906 1357 ad
940 1337 1037 1358 unam

71 1373 194 1404 urbium
216 1373 365 1409 istarum,
387 1373 415 1402 et
435 1372 531 1402 vivet:
554 1371 583 1401 6.
609 1371 657 1401 Nc
674 1371 883 1409 persequatur
906 1369 1037 1409 propin·
1062 1367 1064 1396 l

71 1426 151 1456 quus
172 1415 337 1456 sanquinis
359 1413 545 1445 homicidam
568 1413 666 1449 illum,
690 1422 785 1453 quum
807 1412 970 1443 incaluerit
988 1421 1038 1443 cor

72 1459 154 1495 eius,
183 1461 209 1489 et
232 1459 414 1497 assequatur
437 1467 519 1493 eum,
546 1456 627 1495 quod
645 1455 762 1496 lonqior
789 1455 886 1494 fuerit
916 1455 983 1485 via:
1013 1457 1039 1485 et

66 1501 221 1541 percutiat
242 1511 309 1531 eum
333 1500 454 1537 anima,
482 1509 577 1538 quum
600 1501 701 1529 tamen
723 1508 782 1529 non
803 1497 844 1528 sit
866 1508 938 1528 reus
959 1507 1036 1527 mor-

71 1544 127 1581 tis,
156 1543 235 1582 quod
256 1553 318 1574 non
350 1542 462 1573 odisset
494 1552 562 1572 euni
596 1541 634 1572 ab
659 1541 724 1571 lieri
747 1543 774 1571 et
798 1540 1038 1571 nudiustertius:

74 1586 101 1617 7.
131 1585 252 1617 Idcirco
276 1596 327 1625 eqo
350 1585 512 1624 praecipio
535 1584 600 1621 tibi,
623 1583 763 1615 dicendo:
796 1583 872 1613 Tres
900 1583 1038 1613 civitates

71 1628 231 1668 separabis
253 1628 317 1659 tibi.
362 1627 390 1658 8.
428 1627 515 1666 Quod
544 1627 574 1657 si
600 1626 776 1657 dilataverit
808 1625 921 1656 Ielzova
951 1625 1039 1656 Deus

71 1674 142 1702 tuus
163 1671 329 1702 terminum
354 1672 441 1701 tuum
468 1669 723 1708 quemadmodum
752 1669 869 1699 iuravit
890 1668 1038 1707 patribus

71 1715 147 1751 tuis,
177 1716 204 1745 et
226 1713 342 1744 dederit
365 1713 420 1743 tibi
442 1713 620 1743 universam
642 1714 755 1742 terram
774 1721 867 1750 quam
885 1711 968 1742 dixit
984 1721 1039 1752 pa-

70 1756 169 1788 tribus
198 1757 260 1787 tuis
281 1766 314 1786 se
336 1755 496 1786 daturum:
526 1755 555 1786 9.
590 1755 690 1794 Quum
719 1754 902 1785 custodieris
931 1754 1038 1784 omnia

66 1801 230 1839 praecepta
253 1799 331 1835 ista,
361 1801 393 1829 ut
417 1798 520 1836 facias
550 1808 585 1827 ea
613 1807 691 1836 quae
720 1808 771 1836 eqo
797 1797 957 1836 praecipio
984 1796 1039 1827 tibi
1062 1832 1063 1839 ἵ

71 1841 174 1879 hodie,
197 1851 302 1880 nempe
324 1843 357 1872 ut
378 1840 493 1881 diliqas
516 1840 662 1871 Iehovam
691 1839 794 1871 Deum
817 1842 903 1870 tuum
925 1841 952 1869 et
974 1849 1038 1869 am·
1062 1842 1064 1880 ξ

71 1884 153 1915 butes
180 1885 213 1915 in
242 1884 304 1915 viis
334 1884 401 1915 eius
430 1883 571 1913 omnibus
603 1882 726 1914 diebus:
758 1885 829 1913 tunc
858 1882 952 1913 addes
983 1882 1038 1912 tibi
1062 1881 1063 1918 i

72 1927 171 1958 adhuc
189 1929 249 1957 tres
266 1926 356 1957 urbes
378 1926 460 1957 ultra
478 1929 540 1957 tres
559 1926 654 1956 istas:
679 1925 726 1955 10.
758 1924 795 1956 Ut
815 1935 876 1955 non
899 1925 1037 1963 effunda—
1062 1922 1063 1957 Ῐ

72 1972 122 2001 tur
142 1970 272 2009 sanquis
294 1969 439 2000 innocens
461 1969 495 1999 in
517 1968 616 1999 medio
638 1970 737 1998 terrae
767 1970 836 1998 tuac
865 1977 958 2006 quam
990 1967 1038 1998 Ie-

72 2011 150 2043 }zova
172 2011 261 2043 Deus
289 2014 361 2043 tuus
388 2012 441 2043 dat
469 2011 523 2042 tibi
552 2012 584 2042 in
615 2010 844 2047 haereditatem,
875 2020 946 2040 neve
976 2010 1037 2040 sint
1062 2036 1063 2044 ,

73 2064 163 2094 super
190 2057 216 2085 te
249 2055 422 2094 sanquines.
469 2054 517 2085 11.
553 2054 596 2084 At
630 2063 725 2092 quum
755 2053 849 2091 fuerit
881 2053 1038 2091 quispiam

73 2098 125 2135 qui
155 2097 253 2128 oderit
276 2098 456 2137 proximum
484 2106 591 2133 suum,
621 2098 647 2126 et
676 2096 848 2127 insidiatus
875 2096 970 2134 fuerit
999 2095 1036 2132 ei,

74 2139 335 2179 insurrexeritque
356 2140 389 2170 in
412 2149 495 2177 eum,
518 2142 545 2170 et
561 2139 749 2177 percusserit
774 2148 842 2169 eum
865 2139 988 2176 anima,
1011 2140 1037 2169 ct

75 2184 212 2213 mortuus
232 2183 338 2222 fucrit,
360 2182 476 2222 fuqerit
498 2184 599 2213 autem
622 2181 664 2212 ad
693 2191 789 2212 unam
811 2180 935 2211 urbium
965 2181 1037 2211 ista-

75 2232 160 2254 rum:
204 2225 252 2255 12.
281 2225 365 2256 Tunc
385 2226 502 2256 mittent
523 2224 660 2255 seniores
682 2224 769 2254 urbis
790 2223 895 2261 illius,
918 2226 944 2254 et
967 2223 1036 2254 abs-

75 2265 188 2297 trahent
209 2277 276 2298 eum
303 2267 388 2305 inde,
416 2267 589 2306 dabuntque
611 2276 678 2297 eum
698 2267 731 2297 in
749 2276 843 2297 manu
861 2266 1037 2305 propinqui

76 2309 252 2354 sanquini3‚
276 2313 302 2340 et
324 2311 480 2341 morietur.
528 2310 576 2340 13.
608 2308 681 2339 Non
706 2311 811 2347 parcet
842 2309 946 2340 ocutus
964 2311 1036 2339 tuus

75 2359 112 2422 ΞΖ,
142 2352 168 2380 et
194 2352 313 2390 auferes
342 2353 525 2393 sanquinem
554 2353 741 2383 innocentem
774 2361 811 2382 ec
846 2351 977 2390 Israete,
1011 2353 1037 2382 ct

93 2401 146 2422 ene
167 2394 224 2423 erit
246 2394 309 2426 tibi.

161 2476 290 2524 Numer.
312 2479 362 2517 35,
386 2481 434 2511 10.
481 2479 642 2518 Attoquere
662 2478 746 2517 filios
775 2479 885 2510 Israel.
930 2479 1035 2511 Urbes

75 2518 191 2567 refugli
223 2522 384 2553 constituit
417 2523 507 2554 Deus
542 2532 606 2552 non
641 2522 736 2552 modo
769 2526 806 2552 ut
839 2522 1037 2553 discerneret

76 2566 161 2609 inter
181 2562 284 2593 scelus
308 2569 340 2594 et
362 2576 518 2601 errorem,
549 2565 604 2596 sed
628 2575 668 2595 ne
698 2569 817 2595 temere
846 2564 1036 2596 funderetur

78 2605 228 2652 innoxius
257 2608 395 2646 sanguis.
439 2608 606 2639 Hactenus
629 2607 769 2638 vidimus
794 2617 891 2646 quam
922 2618 1035 2639 severe

75 2646 248 2678 homlcldia
269 2649 373 2687 puniri
394 2651 538 2682 voluerit.
567 2650 631 2681 Sed
653 2650 727 2689 quia
746 2649 880 2681 minime
898 2660 1034 2690 aequum

793 213 982 245 SEXTUM
1005 211 1323 244 PRAECEPTUM.

539 1157 567 1189 5.
607 1158 785 1196 Quicunque
823 1156 932 1187 abierit
969 1165 1064 1186 cum.

1063 1497 1064 1512 ³
1091 1498 1173 1538 quod
1196 1502 1270 1528 ante
1296 1498 1401 1528 visum
1425 1502 1473 1528 est
1496 1508 1609 1528 rui-sus
1634 1497 1783 1528 inculcat.

1990 211 2051 243 638

1062 312 1063 319 ¹
1088 305 1212 343 fuisset,
1237 306 1290 346 qui
1313 316 1378 337 non
1403 309 1532 346 sponte,
1562 304 1618 336 sed
1642 305 1771 336 fortuito
1795 305 1977 345 proximum
2001 313 2052 335 oc-

1088 348 1222 386 ciderat,
1253 349 1321 388 rapi
1345 348 1384 379 ad
1407 347 1541 379 eandem
1564 357 1702 387 poenam
1726 348 1777 378 cui
1800 347 2053 378 subiiciebantur

1088 390 1265 422 homicidae
1288 391 1478 428 voluntarii,
1507 391 1652 430 exceptio
1679 401 1764 421 nunc
1786 390 1927 427 additur,
1952 395 1987 420 ut
2010 389 2053 420 sit

1088 438 1180 464 extra
1203 444 1320 464 noxam
1344 434 1398 473 qui
1421 433 1567 464 nesciens
1591 437 1622 464 et
1645 438 1773 472 praeter
1795 433 1895 463 animi
1922 436 2052 463 senten—

1088 476 1164 506 tiam
1192 476 1373 516 quempiam
1411 476 1571 507 occiderit.
1617 475 1811 514 Quanquam
1839 475 1969 514 longius
2002 485 2052 505 re-

1089 519 1195 558 spexit
1218 519 1307 550 Deus
1331 518 1381 560 (ut
1404 518 1524 549 dictum
1548 518 1610 560 est)
1633 528 1674 548 ne
1704 517 1818 549 caedes
1847 518 1927 547 aliae
1956 527 2054 557 super

1088 561 1166 591 alias
1200 562 1329 596 fierent,
1374 567 1470 600 atque
1510 562 1554 591 ita
1587 560 1784 601 pollueretur
1818 565 1912 590 terra.
1958 559 2053 590 Nunc

1087 603 1199 634 ordine
1222 603 1351 643 singula
1373 604 1584 634 excutiamus.
1630 603 1772 633 Tametsi
1802 602 1895 633 initio
1923 602 2053 633 nonnisi

1088 645 1127 676 de
1150 646 1282 677 urbibus
1300 651 1392 677 trans
1415 646 1586 676 Iordanem
1611 646 1682 677 sitis
1714 645 1877 681 meminit,
1909 655 1948 675 ex
1981 655 2052 684 pro-

1089 699 1200 728 gressu
1231 694 1339 719 tamen
1375 688 1552 728 colligitur,
1583 698 1640 719 sex
1668 688 1701 719 in
1733 699 1805 718 eum
1836 697 1929 718 usum
1953 687 2053 718 fuisse

1089 731 1248 769 delectas,
1276 741 1412 771 quarum
1444 737 1509 761 tres
1539 735 1633 762 erant
1664 731 1709 762 cis
1743 730 1926 761 Iordanem.
1972 729 2054 760 Vult

1089 779 1196 804 autem
1220 774 1265 804 ita
1289 784 1358 804 esse
1383 773 1553 813 dispositas
1576 780 1612 804 ut
1636 773 1782 814 singulae
1813 772 1952 813 regionis
1983 783 2055 812 par-

1088 821 1136 847 tes
1159 817 1299 856 aliquam
1324 826 1363 846 ex
1386 816 1464 855 ipsis
1498 816 1639 847 vicinam
1674 816 1827 853 habeant,
1857 825 1897 845 ne
1927 815 2054 846 miseris

1087 860 1140 898 qui
1165 864 1257 889 extra
1279 858 1407 898 culpam
1431 863 1524 895 sunt,
1549 859 1673 890 tristius
1695 859 1738 889 sit
1760 858 1911 889 exsilium
1936 857 1976 887 ob
2001 857 2054 887 iti-

1087 901 1174 932 neris
1198 901 1395 932 distantiam.
1441 901 1543 931 Porro
1567 907 1641 932 ante
1665 902 1840 941 attigimus,
1864 900 1959 931 urbes
1982 899 2054 930 illas

1087 944 1186 975 fuisse
1209 944 1243 974 111
1267 950 1352 974 sorte
1376 943 1477 974 tribus
1501 944 1664 979 leviticae,
1694 950 1729 974 ut
1751 942 1920 974 sacerdotii
1948 942 2053 982 digni-

1088 992 1137 1017 tas
1150 987 1277 1017 exsules
1297 986 1412 1017 melius
1435 991 1627 1026 protegeret,
1648 986 1770 1024 deinde,
1793 986 1868 1026 quia.
1891 984 2054 1025 probabile

1088 1034 1157 1060 erat
1186 1029 1258 1069 plus
1289 1029 1323 1059 in
1346 1028 1474 1059 Levitis
1505 1028 1693 1068 prudentiae
1713 1033 1745 1059 et
1778 1028 1947 1069 gravitatis
1977 1029 2054 1065 fore,

1089 1083 1127 1102 ne
1155 1072 1338 1111 perfugium
1361 1070 1544 1102 insontibus
1574 1082 1759 1102 concessum
1784 1071 1955 1102 sceleratos
1978 1080 2053 1110 quo-

1088 1126 1148 1154 que
1172 1115 1337 1154 reciperet.

1176 1158 1223 1187 16.
1250 1156 1286 1187 Si
1306 1157 1550 1187 instrumentum.
1580 1156 1720 1187 Videtur
1739 1156 1834 1195 paulo
1858 1160 1928 1195 post
1946 1165 2055 1186 secum

1089 1210 1236 1240 pugnare
1268 1198 1375 1235 Deus,
1405 1198 1460 1229 ubi
1484 1198 1662 1229 homicidas
1688 1198 1827 1229 absolvit
1849 1209 1911 1229 non
1942 1197 2055 1228 volun-

1090 1243 1204 1279 tarios,
1229 1241 1378 1281 quamvis
1397 1241 1481 1272 ferro
1506 1241 1555 1272 vel
1579 1241 1684 1281 lapide
1715 1241 1832 1271 vulnus
1860 1240 2055 1271 inflixerint:

1091 1285 1142 1316 hic
1172 1290 1279 1315 autem
1311 1283 1499 1324 simpliciter
1528 1294 1601 1315 reos
1632 1294 1700 1314 esse
1724 1284 1835 1314 mortis
1863 1283 2056 1323 pronunciat

1089 1329 1270 1367 quicunque
1293 1327 1390 1366 ligno,
1414 1326 1467 1358 vel
1492 1326 1589 1365 ferro,
1614 1327 1663 1357 vel
1688 1326 1793 1365 lapide
1816 1326 1975 1356 fel-ierint:
2000 1325 2055 1356 sed

1090 1370 1191 1401 facilis
1225 1369 1341 1401 solutio
1375 1374 1423 1400 est
1456 1369 1483 1399 si
1517 1369 1556 1399 ad
1592 1369 1652 1400 Dei
1693 1368 1861 1400 consilium
1896 1367 2054 1399 attendas.

1090 1413 1264 1452 Postquam
1298 1412 1384 1442 enim
1419 1413 1521 1443 errori
1556 1411 1643 1443 dedit
1671 1412 1814 1448 veniam,
1845 1421 1886 1441 ne
1914 1411 1985 1450 quis
2015 1409 2055 1441 ad

1091 1455 1235 1487 criminis
1260 1454 1484 1494 impunitatem
1510 1454 1670 1491 traheret,
1701 1459 1828 1485 mature
1851 1453 2001 1489 occurrit,
2025 1457 2057 1483 et

1829 1495 1923 1535 Quod
1947 1500 2055 1526 autem

1091 1542 1182 1577 ferri,
1214 1540 1310 1580 ligni,
1335 1544 1365 1570 et
1388 1539 1504 1579 lapidis
1528 1541 1563 1570 fit
1593 1540 1731 1577 mentio,
1760 1539 1821 1570 hac
1851 1539 2057 1569 distinetione

1091 1584 1208 1614 clarius
1242 1583 1395 1622 explicat,
1437 1582 1536 1613 nullis
1570 1582 1721 1614 caedibus
1758 1581 1951 1612 voluntariis
1985 1591 2057 1612 esse

1091 1626 1336 1667 ignoscendum:
1361 1625 1492 1664 alioqui,
1516 1630 1551 1656 ut
1574 1625 1678 1656 solent
1700 1625 1798 1656 variis
1821 1624 1945 1655 cavillis
1968 1623 2056 1664 leges

1090 1669 1186 1706 eludi,
1211 1669 1407 1708 restringere
1431 1668 1511 1698 forte
1534 1672 1716 1699 tentassent
1735 1667 1774 1698 ad
1794 1667 1932 1707 speciem
1956 1677 2055 1697 unam

1090 1711 1174 1752 quod
1203 1711 1241 1741 de
1272 1721 1375 1750 poena
1406 1710 1640 1742 homicidarum
1669 1711 1788 1741 dictum
1820 1709 1899 1740 fuit:
1929 1719 2054 1748 nempe,

1089 1755 1115 1786 si
1139 1755 1210 1793 quis
1223 1753 1330 1794 gladio
1343 1763 1514 1793 percussus
1533 1753 1624 1784 foret.
1655 1753 1728 1784 Non
1746 1753 1801 1784 abs
1815 1763 1850 1783 re
1873 1762 1949 1792 ergo
1965 1751 2055 1782 Deus

1090 1797 1185 1828 morti
1209 1796 1326 1827 addicit
1350 1796 1524 1835 quemlibet
1554 1795 1661 1827 caedis
1685 1800 1844 1831 autorem,
1883 1795 1951 1825 sive
1981 1794 2054 1830 telo,

1089 1841 1156 1871 sive
1179 1838 1285 1878 lapide
1308 1839 1458 1878 proiecto,
1481 1839 1549 1869 sive
1571 1838 1656 1870 fuste
1681 1838 1887 1878 percusserit:
1916 1837 1991 1877 quia
2013 1836 2054 1867 ad

1090 1892 1225 1923 poenam
1257 1881 1376 1912 sufficit
1408 1886 1601 1921 conceptum
1634 1892 1703 1912 esse
1738 1880 1941 1911 maleficium.
1988 1879 2054 1917 Qui

1089 1926 1187 1956 telum
1212 1924 1388 1964 gestaverit
1409 1924 1549 1955 hominis
1568 1923 1732 1955 occidendi
1758 1933 1854 1954 causa
1873 1932 1962 1953 reum
1982 1922 2054 1962 lege

1089 1968 1240 1999 Cornelia
1252 1966 1352 1997 fuisse
1364 1971 1486 1998 certum
1502 1972 1564 1997 est:
1589 1972 1621 1997 et
1633 1967 1710 1997 citat
1722 1966 1905 1996 Martianus
1919 1975 2054 2004 respon-

1089 2021 1160 2042 sum
1184 2010 1337 2040 Adriani:
1369 2008 1435 2047 Qui
1459 2009 1622 2039 hominem
1653 2009 1820 2045 occiderit,
1844 2009 1869 2039 si
1893 2007 1952 2038 hoc
1974 2008 2055 2038 fece-

1089 2054 1132 2084 rit
1154 2064 1217 2083 non
1248 2051 1413 2083 occidendi
1438 2052 1545 2083 animo
1577 2052 1697 2083 absolvi
1720 2060 1826 2091 posse:
1858 2055 1889 2081 et
1919 2051 1972 2090 qui
1996 2050 2052 2080 ho-

1089 2097 1208 2127 minem
1238 2105 1302 2125 non
1334 2094 1501 2132 occiderit,
1531 2094 1587 2126 sed
1618 2094 1838 2125 vulneraverit
1858 2098 1894 2123 ut
1921 2092 2053 2130 occidat,

1089 2149 1146 2179 pro
1188 2136 1350 2168 homicida
1391 2136 1627 2167 damnandum:
1670 2137 1763 2168 sicuti
1802 2137 1897 2166 etiam
1932 2135 2054 2166 Paulus

1089 2181 1179 2212 docet
1198 2181 1231 2210 in
1251 2179 1361 2210 eadem
1378 2179 1448 2220 lege
1467 2179 1619 2210 Cornelia
1638 2179 1744 2210 dolum
1766 2189 1822 2219 pro
1841 2179 1924 2209 facto
1942 2178 2052 2218 accipi.

1088 2224 1131 2255 Et
1151 2223 1355 2254 verissimum
1368 2227 1417 2253 est
1435 2222 1515 2253 illud
1528 2222 1665 2253 Adriani
1685 2232 1884 2262 responsum,
1900 2221 1934 2251 in
1953 2221 2053 2251 male-

1088 2267 1168 2297 ficiis
1198 2266 1399 2296 voluntatem
1430 2275 1496 2295 non
1526 2266 1650 2296 exitum
1683 2264 1828 2304 spectari.
1874 2263 1967 2294 Unde
1998 2263 2054 2294 illa

1089 2309 1221 2349 Ulpiani
1254 2309 1428 2338 sententia:
1463 2307 1552 2338 Nihil
1586 2309 1722 2338 interest
1751 2305 1874 2338 occidat
1907 2306 1980 2345 quis
2012 2316 2053 2336 an

1088 2362 1216 2382 eausam
1247 2350 1360 2380 mortis
1391 2351 1550 2389 praebeat.
1596 2350 1660 2381 Hie
1689 2360 1766 2380 eruo
1793 2359 1856 2379 non
1881 2348 1968 2379 aliud
1991 2348 2053 2379 fuit

1061 2395 1149 2425 =Dei
1189 2393 1357 2424 consilium
1397 2403 1492 2432 quam
1526 2403 1638 2423 omnes
1679 2391 1916 2432 tergiversandi
1957 2400 2053 2422 311535

1087 2436 1255 2468 homicidis
1287 2435 1486 2474 praecidere,
1524 2435 1684 2475 siquidem
1718 2435 1834 2473 impiae
1876 2433 2053 2464 voluntatis

1087 2478 1227 2511 convicti
1250 2482 1373 2512 essent,
1396 2478 1585 2517 praesertim
1611 2477 1663 2508 ubi
1687 2477 1821 2507 effectus
1844 2476 1895 2507 vel
1919 2482 2052 2507 conatus

1087 2525 1278 2554 accesserat:
1314 2520 1388 2560 quia
1418 2520 1498 2551 nihil
1529 2521 1665 2551 interest
1694 2519 1842 2560 gladione
1865 2529 1906 2549 an
1937 2519 2052 2550 malleo

1088 2565 1138 2596 vel
1163 2563 1278 2603 lapidis
1301 2563 1395 2593 iactu.

1174 2607 1221 2637 19.
1245 2605 1444 2644 Propinquus
1461 2606 1631 2646 sanquinis.
1666 2604 1774 2643 Quum
1799 2604 1935 2635 interfici
1959 2604 2052 2635 iussit

1088 2648 1279 2686 homicidas,
1311 2648 1414 2679 voluit
1443 2659 1461 2679 a
1492 2647 1650 2679 iudicibus
1676 2657 1772 2678 causa
1802 2647 1932 2687 cognita
1962 2646 2050 2677 dam-
