2304 3034
134 148 195 180 221

136 243 290 274 fruuntur
322 254 441 283 omnes,
476 249 531 275 aut
564 244 740 280 vilescunt,
771 246 826 272 aut
858 246 943 271 certe
979 240 1097 271 iustam

136 285 270 326 gloriam
304 298 368 317 non
403 287 564 317 obtinent:
598 286 680 325 quod
709 289 815 315 autem
847 282 1011 322 singulare
1040 287 1097 320 est,

136 328 240 368 magis
263 335 310 359 est
340 330 557 368 conspicuum.
603 328 702 358 Porro
731 337 789 365 pro
819 326 965 356 confesso
1000 324 1098 355 sumit

137 371 254 408 Moses,
278 372 469 402 naturaliter
493 370 574 401 nihil
604 370 702 400 fuisse
732 370 764 398 in
789 368 906 407 populo
930 367 1002 404 illo,
1035 377 1097 406 quo

136 413 242 453 potior
265 419 349 445 esset
371 414 438 444 eius
461 412 597 443 conditio
617 412 666 441 vel
686 410 837 441 nobilior:
861 421 900 440 ex
920 420 981 449 quo
1000 410 1098 439 infert

137 455 207 486 Deo
230 467 292 486 non
315 456 410 486 aliam
447 456 541 485 fuisse
571 464 698 485 causam
733 464 791 484 cur
824 453 910 491 ipsos
943 451 1098 491 deligeret

136 509 231 538 quam
265 509 385 529 meram
423 497 635 527 dilectionem.

137 541 196 572 hoe
219 551 326 571 amore
349 539 472 570 excludi
496 539 546 569 vel
569 538 730 569 exinaniri
754 537 905 577 quidquid
926 548 944 567 a
963 548 997 567 se
1020 537 1098 576 ipsis

137 583 252 614 afferre
276 582 394 613 vellent
417 581 572 612 homines.
620 580 713 612 Unde
736 581 896 619 sequitur,
929 590 1095 619 nunquam

136 627 214 656 satis
236 630 343 665 gratos
367 623 437 654 Deo
460 624 527 654 fore
551 623 732 659 Israelitas,
764 623 818 662 qui
847 627 976 662 praeter
1000 623 1095 652 meri-

136 674 205 698 tum
229 673 292 697 tam
312 666 487 697 liberaliter
509 665 548 696 ab
571 676 608 696 eo
631 671 706 697 sunt
729 666 867 696 tractati.

221 710 316 740 Deut.
338 708 365 746 7,
386 709 413 739 8.
441 708 598 740 Custodire
620 708 733 739 volebat
755 708 970 739 iuramentum.
996 709 1095 737 Amo-

134 763 203 783 rem
227 752 287 782 Dei
312 762 329 782 a
352 752 426 782 filiis
445 752 484 782 ad
511 757 617 791 patres
641 750 780 782 deducit.
824 750 910 781 Suae
935 750 1018 780 enim
1044 760 1095 779 ae-

135 795 211 825 tatis
236 794 382 825 homines
405 793 637 833 alloquebatur,
669 804 767 833 quum
792 793 912 824 diceret
934 793 1004 823 ideo
1027 792 1096 822 the-

133 847 263 868 saurum
293 846 362 867 6556
386 837 445 867 Dei
475 837 549 876 quia
579 837 663 875 ipsos
687 836 857 866 dilexerat:
892 845 978 866 nunc
1008 835 1097 865 addit

133 889 196 910 non
220 879 361 918 coepisse
385 890 470 910 nunc
494 880 632 918 primum
658 889 710 909 eos
734 878 834 918 diligi,
859 878 914 908 scd
939 878 1096 917 originem

132 922 251 952 amoris
275 932 293 952 a
317 921 462 961 patribus
484 922 633 957 fluxisse,
658 931 698 951 ex
722 932 783 960 quo
809 920 898 951 Deus
918 920 1095 956 Abraham,

132 963 225 995 Isaac
248 970 278 994 et
304 964 399 994 Iacob
422 964 573 1004 adoptare
607 964 716 994 voluit.
764 963 957 1002 Quanquam
989 968 1094 993 autem

132 1006 209 1037 inde
228 1007 347 1037 clarius
365 1007 493 1044 evincit,
514 1012 658 1046 posteros
674 1006 822 1036 Abrahae
842 1006 923 1036 nihil
943 1005 1007 1036 tale
1027 1015 1096 1036 esse

133 1050 340 1089 promeritos,
374 1050 448 1088 quia
471 1055 596 1079 tantum
620 1050 689 1080 iure
714 1048 921 1079 haereditatis
945 1048 1011 1078 sint
1035 1048 1095 1078 Dei

132 1091 309 1131 peculium:
330 1092 427 1122 simul
441 1097 546 1122 tamen
565 1092 740 1122 notandum
761 1097 818 1125 est,
835 1102 898 1121 non
920 1091 983 1121 alia
1002 1100 1096 1122 eausa

133 1133 306 1165 adductum
337 1135 433 1165 fuisse
457 1135 560 1165 Deum
586 1145 682 1174 quam
707 1145 796 1164 mera
821 1134 1026 1171 liberalitate,
1062 1137 1097 1163 ut
1122 1131 1124 1163 ἶ

132 1176 286 1207 Abrahae
309 1184 392 1208 esset
414 1178 578 1217 propitius.
622 1177 698 1207 Ideo
717 1177 813 1217 paulo
838 1183 907 1216 post
931 1177 1022 1213 dicet,
1042 1186 1095 1206 eos

133 1220 187 1259 qui
216 1226 293 1250 tunc
323 1226 416 1250 erant,
445 1221 654 1260 superstites,
687 1230 777 1250 caros
808 1230 876 1249 esse
901 1219 985 1255 Deo,
1020 1219 1095 1258 quia

131 1262 322 1301 iampridem
347 1263 502 1293 dilexerat
525 1273 634 1293 eorum
658 1268 776 1302 patres.
802 1262 865 1293 Sed
890 1273 975 1292 nunc
1000 1262 1095 1292 bene-

131 1305 294 1336 ficentiam
316 1306 375 1336 Dei
398 1316 437 1335 ex
461 1316 496 1335 eo
520 1305 623 1345 magis
646 1305 858 1341 commendat,
883 1304 964 1344 quod
986 1304 1095 1335 foedus

131 1358 226 1378 suum
250 1359 268 1378 a
291 1348 435 1387 patribus
456 1349 495 1378 ad
516 1348 598 1378 filios
618 1348 842 1381 transmiserit,
867 1353 902 1377 ut
921 1358 955 1377 se
975 1347 1006 1377 in
1027 1357 1096 1386 pro-

131 1390 239 1420 missis
263 1390 362 1421 fidum
385 1400 421 1421 ac
444 1401 589 1421 veracem
610 1390 801 1421 ostenderet.
831 1390 870 1420 In
895 1391 959 1420 fine
983 1400 1095 1420 versus

131 1431 353 1463 liberationem
394 1433 500 1472 populi
539 1433 662 1473 gratiae
697 1433 782 1464 illius
816 1438 847 1463 et
881 1433 1029 1463 effectum
1065 1437 1093 1462 et
1122 1463 1123 1466 Ἴ

131 1476 351 1506 testimonium
376 1486 444 1506 esse
468 1476 566 1506 docet.

217 1519 314 1549 Deut.
340 1518 387 1556 10,
414 1518 461 1549 14.
492 1518 729 1555 Ecce,Ielzovae.
760 1518 908 1549 Gratiam
929 1529 990 1557 qua
1016 1518 1095 1547 vidi·
1121 1528 1123 1552 ς

130 1570 203 1591 111115
230 1561 383 1600 populum
405 1562 473 1592 Deo
500 1572 568 1592 esse
589 1561 775 1592 devinctum
803 1572 916 1591 rursus
939 1560 1093 1591 inculcat:
1121 1572 1122 1584 ³

130 1604 205 1642 quia
230 1603 307 1634 hacc
331 1604 472 1634 maxime
499 1604 612 1635 efficax
639 1610 707 1635 erat
737 1604 918 1634 observatio
945 1602 985 1633 ad
1008 1603 1094 1642 ipsos

129 1646 313 1681 movendos,
337 1653 373 1677 ut
392 1657 425 1677 se
444 1647 638 1686 redemptori
658 1647 864 1686 subiicerent,
889 1646 939 1677 cui
959 1657 992 1676 se
1012 1651 1095 1675 totos
1120 1673 1122 1678 ,

129 1692 161 1718 et
173 1690 282 1719 omnia
293 1700 351 1719 sua
372 1689 485 1720 debere
505 1689 769 1720 admonebantur.
794 1689 904 1719 Primo
923 1689 1023 1728 igitur
1040 1688 1094 1718 ad-

128 1736 247 1767 monet,
279 1742 333 1762 eos
356 1743 419 1762 non
444 1733 572 1772 propria
596 1732 752 1772 dignitate
777 1737 831 1762 aut
856 1733 982 1771 generis
1006 1742 1095 1771 prae-

129 1774 252 1804 stantia
272 1785 289 1804 a
308 1774 440 1814 reliquis
460 1775 598 1813 differre,
621 1775 676 1806 scd
700 1776 773 1815 quia
788 1775 856 1805 Deo
872 1775 1026 1813 placuerit
1041 1785 1093 1805 605
1119 1777 1121 1794 ³

129 1817 301 1856 praeferre,
336 1828 434 1856 quum
470 1828 507 1847 cx
543 1828 643 1857 aequo
676 1818 826 1848 omnibus
862 1817 1120 1855 dominaretur]

129 1858 181 1889 Ad
206 1860 337 1890 verbum
367 1867 431 1890 est:
466 1860 664 1900 Concupivit
694 1861 816 1891 Iehova.
844 1860 883 1890 ad
919 1860 1092 1890 amandum

128 1907 238 1941 patres
262 1907 402 1933 vestros:
433 1913 496 1942 qua
518 1903 702 1943 loquutione
727 1903 811 1933 haud
837 1903 930 1933 dubie
963 1908 1093 1933 notatur

128 1954 308 1984 propensus
338 1946 370 1975 in
403 1956 543 1976 amorem
580 1946 727 1977 affectus:
764 1946 846 1985 quod
876 1956 913 1975 ex
944 1945 1093 1985 pluribus

129 1987 226 2018 etiam
249 1987 328 2019 locis
361 1988 511 2028 colligere
545 1989 627 2020 licet.
673 1989 788 2028 Itaque
818 1999 881 2018 non
912 1989 990 2018 satis
1021 1995 1093 2027 apte

128 2029 350 2070 Hieronymus
370 2030 501 2061 verbum
523 2031 717 2062 adhaerendi
742 2031 856 2071 posuit.
899 2031 1005 2070 Atque
1033 2031 1092 2061 1106

130 2072 323 2104 desiderium
359 2084 420 2113 quo
455 2074 554 2105 libere
588 2081 619 2104 et
652 2074 827 2105 liberaliter
851 2073 1002 2104 inductus
1032 2074 1092 2103 fuit

130 2115 227 2154 Deus,
250 2117 383 2156 opponit
407 2117 514 2147 Moses
536 2117 607 2147 aliis
630 2116 776 2147 omnibus
800 2117 914 2153 causis,
947 2127 986 2147 ne
1016 2116 1090 2155 quid

130 2156 229 2188 Israel
253 2159 311 2189 sibi
337 2159 386 2189 vel
410 2159 554 2199 patribus
577 2166 714 2199 arroget.
749 2159 901 2190 Notanda
923 2164 972 2189 est
994 2160 1090 2189 ctiam

131 2200 264 2231 minoris
287 2206 319 2232 et
341 2202 474 2232 maioris
497 2203 704 2242 comparatio.
736 2203 826 2233 Haec
849 2202 935 2232 enim
960 2202 1090 2232 inaesti-

132 2241 255 2274 mabilis
278 2244 337 2274 fuit
360 2245 512 2285 dignatio,
537 2246 632 2280 coelo,
657 2249 759 2282 terra,
794 2255 903 2275 eorum
924 2250 1040 2275 ornatu
1060 2249 1091 2275 et

133 2284 230 2322 copiis
262 2287 408 2318 omnibus
441 2288 676 2327 quodammodo
710 2288 908 2328 praeteritis,
947 2288 1089 2318 animum

133 2325 269 2357 adiicere
302 2329 340 2359 ad
373 2340 490 2369 paucos
523 2335 555 2361 et
589 2331 739 2361 obscuros
771 2330 927 2361 homines.
984 2330 1091 2370 Atque

133 2368 195 2399 huc
217 2370 356 2408 pertinet
376 2374 543 2411 restrictio,
580 2373 663 2413 quod
688 2384 763 2413 prae
787 2373 935 2403 omnibus
964 2373 1091 2413 populis

133 2410 236 2442 solum
266 2412 414 2446 Abrahae
442 2427 550 2447 semen
578 2416 720 2456 elegerit.
766 2416 848 2446 Nam
873 2422 913 2458 ,37
939 2415 997 2447 boc
1022 2416 1089 2446 loco

133 2458 182 2484 est
210 2454 386 2494 exclusiva,
415 2457 485 2488 ideo
513 2458 639 2489 reddidi
667 2469 723 2498 per
753 2458 989 2489 tantummodo:
1027 2459 1088 2489 nisi

133 2496 215 2526 forte
239 2498 408 2529 transferre
426 2500 531 2539 libeat,
554 2502 651 2541 atqui,
676 2501 737 2539 vel,
761 2506 792 2532 et
815 2506 932 2532 tamen.
965 2500 1089 2532 Sensus

133 2537 260 2577 quidem
284 2538 388 2571 clarus
411 2547 466 2580 est,
489 2543 605 2581 Deum,
636 2544 827 2584 posthabitis
851 2543 999 2575 omnibus
1022 2549 1088 2574 ter·
1114 2539 1116 2572 Ῐ

132 2591 187 2612 rae
221 2581 344 2621 populis
377 2583 544 2623 adoptasse
576 2587 678 2627 gratis
712 2587 879 2618 Abraham
913 2597 984 2618 cum
1019 2587 1088 2618 eius

857 146 1122 179 PRAEFATIO
1146 147 1194 177 IN
1218 146 1386 178 LEGEM.

688 495 774 526 Alibi
808 501 914 525 autem
946 495 1096 529 diximus,
1123 529 1124 540 γ

2049 150 2113 181 222

1150 250 1277 280 genere.
1323 240 1435 280 Neque
1471 242 1556 272 enim
1579 246 1687 282 patres
1711 246 1835 272 tantum
1859 241 1992 273 dilectos
2016 243 2113 274 fuisse

1150 282 1243 318 dicit,
1283 283 1338 313 sed
1380 289 1478 314 totam
1518 285 1660 315 sobolem
1705 285 1739 314 in
1795 295 1906 315 eorum
1948 286 2110 324 personis:

1149 325 1223 364 quia
1264 325 1383 364 alioqui
1424 337 1488 357 non
1531 327 1705 366 quadraret
1747 337 1828 367 quae
1869 328 2014 367 sequitur
2056 339 2111 359 ex-

1149 367 1298 398 hortatio.

1234 409 1330 440 Deut.
1367 410 1414 448 lo,
1451 411 1498 441 16.
1546 410 1762 442 Circumcidite
1794 413 1898 452 iyitur.
1955 413 2006 444 Ex
2041 413 2110 444 illa-

1149 453 1234 482 tione
1253 458 1385 492 apparet
1405 464 1556 492 quorsum
1576 453 1756 493 adoptionis
1776 455 1860 486 facta
1872 455 1968 486 fuerit
1980 456 2110 493 mentio,

1151 505 1264 534 nempe
1284 500 1324 525 111
1346 496 1487 527 sanctius
1510 501 1541 526 et
1563 497 1683 527 maiore
1705 497 1811 528 studio
1836 498 1939 528 Deum
1971 498 2112 529 colerent

1149 537 1270 574 Iudaei,
1295 548 1390 576 quem
1416 543 1479 568 tam
1505 538 1680 571 beneficum
1705 540 1830 579 experti
1854 546 1955 571 erant.
1997 541 2112 581 Exigit

1150 590 1225 620 ergo
1249 586 1397 610 mutuum
1432 591 1581 612 amorem.
1628 581 1718 612 Nihil
1751 583 1836 612 enim
1866 583 1993 622 turpius
2015 594 2112 623 quam

1150 633 1213 653 non
1239 623 1350 653 testari
1374 623 1605 662 gratitudinem
1630 625 1680 664 pie
1703 626 1849 664 iusteque
1872 625 2019 657 vivendo.
2045 626 2110 657 Sed

1149 665 1223 705 quia
1247 670 1363 695 natura
1386 666 1519 696 minime
1542 668 1691 706 propensi
1722 673 1797 698 sunt
1821 672 1877 698 aut
1900 668 2030 699 formati
2053 669 2109 699 ho-

1149 708 1252 738 mines
1285 707 1322 738 ad
1348 707 1408 738 Dei
1440 708 1642 748 obsequium,
1673 710 1822 741 hortatur
1851 720 1904 741 eos
1933 711 2041 742 Moses
2071 711 2111 742 ad

1149 750 1199 781 sui
1221 750 1482 790 abnegationem,
1512 756 1607 790 atque
1631 752 1669 782 ad
1694 752 1871 784 domandos
1893 758 1924 783 et
1947 754 2111 794 corrigen-

1149 793 1206 823 dos
1230 793 1335 823 carnis
1359 792 1500 824 affectus.
1547 794 1628 824 Nam
1653 805 1706 825 cor
1730 795 1959 826 circumcidere
1982 801 2112 827 tantun-

1149 835 1220 866 dem
1246 836 1332 866 valet
1355 845 1390 866 ac
1414 846 1553 875 purgare
1579 837 1687 876 pravis
1711 837 1949 877 cupiditatibus.
1981 839 2112 870 Interea

1150 878 1286 918 castigat
1308 879 1503 917 superiorem
1528 889 1637 909 eorum
1661 881 1910 919 contumaciam,
1944 882 1998 912 ubi
2023 886 2112 913 vetat

1151 921 1300 960 amplius,
1324 921 1375 951 vel
1399 921 1431 951 in
1455 927 1636 961 posterum⁷
1667 923 1747 954 dura
1777 933 1845 953 esse
1867 924 1999 960 cervice,
2024 935 2059 955 ac
2083 925 2111 956 si

1150 963 1285 999 diceret,
1321 963 1450 993 tandem
1485 964 1663 995 exuendam
1699 976 1768 996 esse
1799 966 1886 996 illam
1916 967 2109 1006 pravitatem

1149 1006 1286 1046 ingenii,
1316 1006 1349 1036 in
1377 1017 1439 1045 qua
1470 1007 1566 1037 nimis
1597 1007 1649 1037 diu
1673 1008 1901 1039 obduruerant.
1947 1009 2110 1040 Tenemus

1149 1059 1236 1080 nunc
1259 1049 1429 1080 consilium
1455 1049 1564 1080 Mosis.
1610 1050 1691 1080 Vult
1714 1062 1788 1081 51105
1818 1051 1988 1090 populares
2012 1053 2109 1082 mori-

1149 1102 1242 1132 geros
1265 1102 1333 1122 esse
1357 1092 1425 1121 Deo
1449 1097 1481 1122 et
1503 1092 1700 1130 obedientes,
1733 1104 1751 1124 a.
1781 1104 1841 1132 quo
1872 1099 1937 1124 tam
1973 1094 2110 1134 benigne

1149 1135 1314 1174 provocati
1356 1134 1491 1164 fucrant.
1552 1135 1615 1166 Sed
1656 1136 1731 1174 quia
1771 1136 1927 1167 hactenus
1962 1137 2109 1176 iniquam

1149 1177 1366 1216 rependerant
1395 1177 1531 1216 gratiam
1566 1178 1650 1208 illius
1684 1178 1863 1215 beneficiis,
1899 1179 1994 1210 simul
2021 1180 2110 1210 iubet

1148 1230 1253 1250 mores
1288 1220 1318 1249 in
1356 1220 1469 1250 melius
1500 1226 1632 1250 mutare.
1678 1221 1790 1251 Priore
1823 1226 1930 1251 autem
1964 1222 2108 1253 membro

1149 1262 1263 1293 alludit
1286 1262 1325 1292 ad
1350 1263 1446 1292 ritum
1479 1262 1621 1302 legalem.
1668 1264 1877 1294 Circumcisio
1908 1264 1993 1294 enim
2017 1265 2109 1304 quasi

1149 1305 1292 1336 solennis
1316 1306 1511 1335 consecratio
1536 1311 1612 1342 crat,
1641 1316 1703 1346 qna
1725 1307 1936 1337 initiabantur
1957 1307 2109 1338 Abrahae

1149 1348 1206 1378 filii
1240 1348 1271 1377 in
1297 1348 1357 1378 Dei
1393 1348 1514 1378 cultum
1549 1354 1581 1379 et
1611 1359 1719 1379 veram
1752 1349 1918 1388 pietatem,
1950 1355 1982 1380 et
2012 1350 2108 1381 simul

1150 1402 1167 1421 a
1190 1390 1333 1430 profanis
1357 1391 1505 1430 gentibus
1528 1391 1795 1431 segregabantur,
1829 1398 1864 1422 ut
1886 1397 1993 1423 essent
2015 1403 2108 1424 sanc-

1150 1438 1217 1464 tum
1253 1433 1423 1472 peculium.
1480 1433 1585 1473 Atque
1625 1434 1673 1464 his
1708 1433 1833 1473 quidem
1866 1434 2059 1466 rudimentis
2089 1446 2108 1466 a

1148 1476 1286 1516 pueritia
1321 1476 1461 1506 imbutos
1496 1487 1564 1507 6556
1598 1477 1754 1516 oportuit,
1787 1482 1822 1507 ut
1855 1488 1895 1507 ex
1930 1477 2021 1517 signo
2050 1478 2107 1508 illo

1150 1519 1269 1549 visibili
1303 1518 1463 1549 discerent
1497 1520 1601 1549 earnis
1635 1526 1664 1549 61
1706 1518 1816 1549 mundi
1857 1520 2108 1559 inquinamentis

1149 1561 1405 1592 renunciandum
1441 1572 1518 1592 esse.
1575 1562 1678 1592 Erant
1712 1567 1743 1592 et
1771 1561 1823 1592 alii
1854 1562 2107 1594 circumcisionis

1150 1606 1245 1635 fines:
1280 1614 1392 1634 verum
1420 1604 1472 1635 liic
1501 1609 1625 1634 tantum
1654 1605 1692 1634 de
1717 1604 1800 1635 vitae
1823 1605 1965 1635 novitate
1988 1606 2106 1645 agitur,

1149 1653 1204 1677 aut
1223 1647 1455 1686 resipiscentia.
1486 1647 1594 1685 Quare
1613 1657 1738 1677 summa
1757 1652 1814 1682 est,
1834 1658 1933 1686 quum
1953 1648 2024 1678 illos
2046 1648 2107 1679 sibi

1148 1690 1239 1720 Deus
1262 1689 1395 1730 elegerit
1418 1690 1450 1719 in
1476 1690 1637 1729 populum,
1673 1695 1703 1719 et
1727 1694 1858 1720 externo
1881 1690 2028 1729 symbolo
2051 1701 2106 1721 605

1146 1733 1206 1763 sibi
1232 1732 1393 1763 addixerit
1415 1732 1454 1762 ad
1477 1732 1643 1763 colendam
1663 1732 1875 1768 sanctitatem,
1900 1732 2015 1763 debere
2034 1733 2106 1764 illos

1147 1776 1271 1806 sincere
1305 1780 1337 1805 et
1371 1785 1405 1805 re
1428 1776 1497 1814 ipsa.
1527 1775 1658 1814 probare
1693 1786 1726 1805 56
1757 1774 1885 1805 differre
1916 1785 1934 1804 a
1963 1776 2105 1814 profanis

1147 1819 1312 1858 gentibus:
1347 1819 1421 1857 quia
1456 1818 1665 1857 spiritualiter
1698 1828 1760 1847 non
1795 1817 1901 1847 minus
1935 1828 2031 1857 quam
2070 1819 2104 1849 in

1146 1871 1242 1891 carne
1266 1861 1444 1891 circumcisi
1469 1866 1568 1890 erant.
1609 1861 1672 1891 Eos
1695 1860 1780 1890 enim
1804 1870 1880 1890 vere
1903 1859 2032 1891 demum
2051 1861 2104 1891 Iu-

1146 1904 1240 1934 daeos
1260 1914 1328 1934 esse
1351 1904 1473 1933 Paulus
1497 1902 1609 1933 definit
1631 1903 1684 1942 qui
1709 1903 1795 1933 intus
1818 1907 1894 1932 sunt
1917 1903 2103 1941 circumcisi,

1146 1953 1178 1977 et
1212 1947 1244 1977 in
1276 1946 1468 1981 abscondito,
1504 1952 1537 1976 ut
1572 1947 1711 1985 loquitur
1745 1945 1850 1986 (Rom.
1882 1945 1910 1981 2,
1934 1945 2003 1987 28):
2038 1957 2103 1977 non

1118 1982 1120 2006 *¹
1146 1994 1253 2020 autem
1276 1989 1331 2028 qui
1358 1995 1482 2019 tantum
1514 1988 1702 2028 gloriantur*
1722 1987 1971 2019 circumcisionis
1999 1988 2102 2019 litera.

1145 2033 1258 2071 Itaque
1283 2032 1409 2071 saepius
1434 2032 1608 2071 prophetae
1633 2031 1809 2071 hypocritis
1839 2036 1869 2060 et
1893 2030 1973 2070 legis
1997 2036 2102 2062 trans-

1145 2074 1346 2115 gressoribus
1362 2073 1559 2114 exprobrant
1582 2074 1793 2113 praeputium,
1815 2077 1846 2103 et
1862 2073 2103 2105 incircumcisos

1146 2123 1270 2154 vocant,
1295 2118 1441 2157 quamvis
1465 2117 1592 2155 signum
1619 2116 1744 2146 visibile
1763 2116 1794 2145 in
1815 2125 1910 2146 carne
1930 2120 2103 2156 gestarent.

1144 2161 1182 2191 In
1207 2170 1341 2197 summa,
1365 2160 1439 2190 dum
1460 2159 1581 2189 hortari
1601 2159 1670 2189 vult
1693 2162 1728 2188 ut
1748 2168 1782 2188 se
1802 2158 1870 2188 Deo
1893 2159 2102 2196 sanctificent,

1145 2203 1356 2234 ratiocinatur
1379 2213 1396 2233 a
1420 2207 1536 2232 natura
1559 2206 1591 2231 et
1612 2212 1672 2232 usu
1703 2200 1855 2241 symboli,
1889 2211 1950 2239 quo
1973 2202 2103 2240 profite-

1144 2246 1262 2277 bantur
1285 2256 1318 2276 se
1343 2245 1478 2276 electum
1504 2244 1564 2274 Dei
1589 2243 1749 2283 populum.
1784 2242 1823 2273 In
1845 2243 1985 2274 secundo
2004 2254 2103 2274 mem-

1144 2290 1200 2320 bro
1232 2288 1362 2328 elegans
1391 2293 1439 2318 est
1472 2286 1640 2317 translatio
1668 2296 1686 2315 a
1714 2286 1814 2315 bobus
1844 2291 1987 2324 sumpta,
2021 2296 2102 2325 quae

1143 2332 1261 2371 passim
1286 2331 1434 2362 occurrit.
1479 2330 1561 2360 Nam
1590 2330 1663 2368 quia
1692 2328 1789 2359 boves
1815 2328 1892 2358 dum
1915 2327 1996 2359 colla
2026 2329 2101 2369 iugo

1143 2374 1266 2415 placide
1290 2373 1497 2409 submittunt,
1529 2372 1626 2410 probe
1648 2370 1687 2401 ab
1709 2371 1897 2409 obsequium
1921 2376 1997 2401 sunt
2027 2372 2101 2402 sub—

1142 2417 1213 2452 acti,
1239 2417 1339 2447 durae
1361 2415 1494 2447 cervicis
1508 2419 1663 2445 vocantur
1683 2414 1736 2452 qui
1756 2413 1853 2443 feroci
1872 2418 1903 2444 et
1921 2413 2101 2452 praefracto

1140 2465 1217 2491 sunt
1241 2459 1379 2499 ingenio.

1226 2503 1322 2532 Dent.
1349 2502 1396 2537 10,
1424 2501 1470 2530 17.
1528 2499 1639 2529 Iehora
1666 2499 1746 2529 enim
1775 2498 1863 2529 Deus
1889 2501 1994 2529 vester.
2050 2499 2100 2530 Ne

1141 2545 1319 2576 doctrinam
1345 2545 1427 2574 hane
1450 2541 1656 2582 vilipendant,
1679 2541 1820 2571 terribile
1843 2541 1905 2571 Dei
1928 2541 2100 2581 imperium

1141 2588 1204 2618 illis
1229 2588 1386 2627 proponit,
1409 2586 1482 2626 quia
1504 2585 1578 2615 hinc
1597 2587 1799 2624 contemptus
1818 2588 1873 2614 aut
1891 2583 2098 2624 negligentia,
