2304 3034
61 186 120 217 621

62 282 202 311 mortuus
226 278 323 318 fuerit
345 278 400 309 sub
421 287 517 308 manu
540 276 621 312 eius,
644 275 827 306 vindicando
850 273 1019 305 vindicabi-

61 325 121 354 tur.
166 321 215 352 21.
248 321 459 352 Verumtamen
482 319 511 350 si
528 328 586 357 per
607 317 687 348 diem
709 317 754 348 vel
774 317 852 348 duos
874 317 940 348 dies
962 319 1020 348 ste-

62 364 141 400 terit,
160 374 218 395 non
230 363 443 399 vindicabitur,
463 361 536 400 quia
542 360 676 399 pecunia
687 360 754 391 eius
772 362 823 390 est.
854 359 904 390 22.
921 359 1021 398 Quum

63 409 165 437 autem
198 406 295 437 rixati
323 405 439 444 fuerint
465 403 540 440 viri,
574 404 599 433 et
624 402 833 441 percusserint
863 401 1021 433 mulierem

56 451 281 488 praemicantem
309 449 342 477 nt
363 446 535 486 egrediatur
555 444 653 483 foetus
675 445 756 480 eius,
780 454 832 475 nec
854 446 953 475 tamen
975 454 1021 475 se-

64 494 177 530 quatur
197 500 287 525 mors,
304 488 460 528 puniendo
475 487 627 525 punietur
649 486 904 526 quemadmodum
929 487 1021 525 impo-

63 533 160 565 suerit
191 533 217 563 ei
249 531 380 562 maritus
401 529 555 567 mulieris,
595 532 621 560 et
653 529 744 560 solvet
776 529 862 569 apud
893 529 1018 560 iudices.

64 575 115 606 23.
153 574 237 614 Quod
269 574 297 604 si
326 582 408 603 mors
438 572 547 611 fuerit,
580 574 650 602 tunc
680 571 767 602 dabis
796 572 934 602 animam
960 581 1021 610 pro

63 618 186 652 anima,
226 616 275 647 24.
314 614 438 646 Oculum
473 623 532 653 pro
566 614 657 651 oculo,
692 614 807 644 dentem
835 624 894 653 pro
927 613 1020 651 dente,

63 669 189 691 manum
213 668 274 697 pro
305 666 415 692 manu,
443 657 552 695 pedem
583 667 639 695 pro
665 657 759 696 pede,
793 656 842 687 25.
873 655 1021 687 Adustio-

63 711 131 733 nem
163 710 223 740 pro
260 699 431 736 adustione,
477 698 589 730 vulnus
623 709 684 738 pro
718 699 858 736 vulnere,
894 698 1019 729 livorem

57 754 118 784 pro
151 743 250 774 livore.
301 741 350 772 26.
386 741 485 780 Quum
517 743 618 772 autem
645 741 833 780 percusserit
861 741 1018 780 quispiam

63 785 180 817 oculum
202 784 283 815 servi
304 784 369 820 sui,
393 783 438 814 vel
460 783 578 814 oculum
601 783 732 814 ancillae
753 793 842 821 suae,
866 786 893 814 et
913 793 1016 814 corru-

56 827 143 867 perit
179 836 262 863 eum,
302 825 429 857 liberum
470 826 601 857 dimittet
634 836 702 857 eum
734 836 795 865 pro
826 825 907 857 oculo
940 827 1016 857 eius.

63 869 111 901 27.
128 868 212 908 Quod
229 869 258 899 si
275 868 390 899 dentem
408 869 489 899 servi
506 869 566 903 sui,
589 869 635 899 vel
654 869 769 900 dentem
791 868 921 899 ancillae
941 878 1017 900 suae

61 911 239 943 excusserit:
282 911 408 942 liberum
451 911 580 942 dimittet
618 922 685 942 eum
720 922 778 950 pro
815 911 900 941 dente
939 911 1014 942 eius.

61 954 111 985 28.
136 953 172 984 Si
193 962 286 984 cornu
301 954 424 992 petierit
446 953 497 984 bos
518 954 620 984 virum
642 956 695 984 aut
716 953 874 984 mulierem
896 956 929 984 ut
952 964 1015 984 mo-

57 997 175 1032 riatur,
211 995 379 1035 lapidando
414 995 604 1034 lapidabitur
631 997 696 1034 bos,
728 1006 823 1035 neque
850 996 1016 1027 comedetur

56 1048 127 1070 caro
137 1038 216 1069 eius.-
234 1038 377 1069 dominus
389 1041 489 1069 autem
508 1038 590 1070 bovis
607 1039 665 1069 erit
682 1039 831 1069 innocens.
862 1038 911 1069 29.
928 1039 1015 1077 Quod

55 1081 85 1112 si
114 1079 164 1112 bos
193 1083 354 1120 cornupeta
383 1081 478 1120 fuerit
505 1080 543 1111 ab
571 1081 638 1112 lteri
667 1084 693 1111 et
723 1081 960 1118 nudiustertius,
989 1083 1015 1112 ct

55 1124 224 1155 contestatio
256 1123 338 1162 facta
370 1124 465 1163 fucrit
497 1123 618 1154 domino
647 1124 727 1161 eius,
760 1133 811 1154 nec
839 1123 1015 1155 custodierit

53 1175 136 1204 eum,
165 1166 322 1196 occidendo
351 1168 450 1197 autem
479 1166 620 1197 occiderit
646 1167 750 1197 virum
777 1166 823 1197 vel
843 1166 1011 1203 mulierem,

54 1207 106 1239 bos
137 1207 341 1246 lapidabitur,
375 1211 401 1239 et
433 1209 576 1239 dominus
609 1219 723 1247 quoque
756 1209 822 1240 eius
856 1209 1010 1240 morietur.

53 1250 102 1281 30.
118 1249 154 1281 Si
171 1251 308 1289 pretium
331 1251 546 1291 redemptionis
568 1251 744 1290 impositum
765 1251 861 1290 fuerit
883 1251 919 1289 ei,
943 1254 1012 1289 tunc
1036 1271 1037 1275 =

51 1293 136 1324 dabit
162 1293 396 1332 redemptionem
425 1294 548 1324 animae
570 1304 645 1325 suae
668 1296 814 1333 quantum
833 1294 1010 1333 impositum

48 1335 145 1382 fuerit
166 1335 201 1366 ei.
247 1335 296 1366 31.
322 1335 393 1367 Sive
413 1336 515 1375 filium
537 1346 629 1367 cornu
648 1337 785 1375 petierit,
814 1336 877 1367 sive
896 1336 1008 1375 filiam,

51 1377 213 1408 secuudum
240 1379 390 1409 indicium
421 1374 473 1409 7206
500 1379 551 1417 fiet
579 1380 615 1409 ei.
667 1379 715 1409 32.
745 1378 782 1409 Si
808 1389 929 1410 servum
958 1379 1010 1410 bos

51 1430 143 1451 cornu
155 1420 288 1459 petierit,
310 1421 355 1451 vel
371 1421 527 1459 ancillam,
550 1423 667 1461 aryenti
689 1422 817 1461 triginta
840 1422 930 1453 siclos
952 1421 1006 1453 da-

50 1461 92 1493 bit
112 1463 232 1494 domino
254 1464 329 1501 eius,
353 1467 379 1494 et
402 1463 451 1494 bos
474 1464 524 1495 ila
546 1464 744 1502 lapidabitur.

133 1547 239 1579 Levit.
264 1548 319 1585 24,
345 1548 391 1579 17.
420 1548 479 1588 Qui
496 1550 692 1587 percusserit.
738 1548 892 1588 Sequitur
914 1560 1006 1589 prae-

48 1590 129 1630 cepti
159 1591 359 1622 confirmatio
382 1601 422 1622 ex
445 1592 514 1622 iure
538 1591 671 1622 forensi:
703 1602 738 1622 ac
756 1593 859 1632 primo
878 1591 1005 1631 quidem

47 1633 161 1664 mortis
179 1644 282 1673 poena.
300 1634 453 1664 statuitur
471 1634 505 1664 in
524 1634 714 1665 homicidas:
740 1645 814 1665 nam
839 1640 1005 1674 percutere

49 1675 189 1706 animam
224 1675 413 1707 tantundem
448 1676 533 1708 valet
567 1688 601 1707 ae
631 1676 794 1708 lethaliter
825 1677 1006 1715 vulnerare,

46 1722 82 1748 ut
105 1728 192 1749 mors
215 1729 339 1758 quoque
362 1724 530 1758 sequatur:
555 1719 638 1750 sicut
651 1719 757 1750 Moses
781 1719 814 1750 in
836 1719 950 1751 Exodo
972 1731 1006 1751 se

47 1760 163 1792 clarius
192 1762 339 1801 explicat.

46 1846 147 1876 tentia
177 1846 318 1877 iudicum
343 1847 421 1877 velit
444 1847 582 1878 interfici
607 1858 685 1887 quos
707 1847 802 1878 morti
827 1847 1005 1879 adiudicat:

45 1888 148 1927 qualis
177 1889 274 1919 fuerit
304 1888 525 1928 exsequendae
555 1900 676 1930 poenae
699 1890 802 1921 forma
826 1889 1005 1922 videbimus

45 1941 101 1961 suo
132 1930 208 1962 loco.

47 1973 152 2014 exegit
165 1972 254 2005 Deus
277 1984 356 2013 quas
379 1974 501 2005 ferebat
526 1975 621 2015 leges,
646 1976 679 2005 in
703 1976 874 2016 praecipuo
898 1981 1004 2006 tamen

47 2017 149 2055 capite
169 2016 348 2056 simplicem
368 2023 397 2047 et
418 2027 532 2057 puram
556 2018 817 2057 approbationem
840 2019 889 2049 sui
912 2029 1004 2058 prae-
1029 2046 1030 2050 ,

478 2061 586 2099 Atque
620 2060 698 2092 haec
732 2071 828 2092 causa
860 2061 920 2092 fuit
948 2070 1031 2093 curE

46 2058 128 2097 cepti
161 2064 288 2090 exstare
322 2059 432 2090 voluit.

48 2100 211 2131 exordium
236 2101 375 2133 facerem
399 2101 439 2132 ab
462 2102 520 2133 hae
544 2103 714 2139 sententia,
739 2103 811 2142 quia
836 2110 1004 2143 praecepto

47 2143 217 2182 respondet
239 2144 327 2183 quasi
350 2144 553 2185 ἀντίστροφος.

133 2185 179 2216 19.
211 2186 267 2217 Vir
296 2187 350 2226 qui
378 2187 524 2218 intulerit.
570 2187 696 2218 Poenae
720 2188 816 2219 etiam
840 2198 926 2219 nunc
949 2198 1003 2220 eos

49 2225 175 2258 subiicit
204 2229 256 2268 qui
287 2229 472 2261 verberibus
505 2240 620 2269 corpus
642 2230 781 2269 proximi
806 2231 1001 2262 mutilarint:

48 2268 130 2306 quod
149 2280 274 2302 necesse
292 2272 363 2309 fuit,
386 2273 458 2311 quia
477 2272 616 2312 alioquin
641 2273 893 2311 improbissimus
916 2274 1002 2313 quis-

49 2320 125 2348 que,
160 2318 193 2342 ut

49 2405 85 2425 ro
113 2395 310 2435 insultasset,
347 2400 400 2430 sed
430 2400 500 2430 Deo
532 2410 656 2439 quoque
685 2406 715 2430 et
744 2400 816 2440 legi.

50 2447 128 2484 ergo
161 2439 336 2472 membrum
367 2442 507 2473 hominis
539 2443 715 2479 afflixerat,
751 2453 851 2482 poena
875 2444 1003 2475 talionis

50 2479 194 2518 edicitur,
213 2491 275 2520 qua
292 2494 366 2515 usae
385 2491 462 2515 sunt
481 2485 561 2516 aliae
581 2496 707 2525 quoque
726 2490 848 2525 gentes.
879 2486 1003 2517 Verum

50 2521 95 2551 ita
119 2521 268 2555 distincte
288 2527 441 2566 praecipit
457 2527 548 2558 Deus
571 2527 697 2567 quando
721 2533 751 2558 et
775 2528 931 2567 quomodo
956 2541 1003 2559 re*

50 2564 194 2611 taliauda
216 2566 257 2596 sit
279 2567 406 2605 iniuria,
437 2575 471 2600 ut
494 2570 545 2601 lex
569 2570 701 2601 minime
724 2570 861 2601 obnoxia
885 2572 926 2602 sit
949 2572 1004 2602 fri-

49 2605 134 2646 gidis
170 2608 308 2649 cavillis,
343 2612 457 2651 quibus
487 2612 589 2653 legem
623 2612 789 2644 duodecim
820 2614 1002 2646 tabularum

777 181 966 213 SEXTUM
991 181 1256 214 PRAECEPTU
1265 182 1308 213 M.

392 1761 493 1793 Porro
523 1772 705 1801 quanquam
735 1761 876 1793 breviter
903 1762 1006 1802 loqui·
1031 1784 1032 1791 .

46 1806 109 1841 tur,
133 1808 171 1834 ut
190 1803 365 1843 legislator,
390 1814 454 1834 non
473 1804 606 1835 dubium
631 1810 737 1835 tamen
762 1812 811 1836 est
833 1805 910 1844 quin
935 1816 1006 1836 sen-
1030 1817 1032 1822 ’

255 1931 324 1962 Etsi
355 1938 462 1962 autem
486 1942 550 1962 non
575 1932 691 1971 ubique
715 1932 753 1963 ad
777 1933 1005 1972 perfectionem
1029 1945 1031 1954 <

223 2315 341 2352 peritus
372 2315 485 2345 fuisset
515 2314 651 2346 nocendi
683 2315 817 2352 artifex,
848 2326 922 2347 crus
952 2317 1002 2348 vel
1027 2313 1029 2349 ,⁶

49 2351 213 2384 brachium
236 2356 382 2397 fregisset
404 2357 511 2394 fratri,
533 2357 648 2388 deinde
672 2368 735 2388 non
760 2363 884 2388 tantum
910 2359 1002 2390 mise·
1027 2356 1029 2381 l
1054 2359 1109 2396 90,
1139 2359 1180 2399 3).

868 2400 903 2432 Si
932 2402 1002 2441 quis
1027 2413 1029 2429 1

1970 189 2032 220 622

1071 275 1215 315 exagitat
1236 275 1321 315 apud
1339 275 1482 307 Gellium
1506 275 1722 308 Phavorinus.
1759 279 1802 310 Et
1824 284 1910 311 certe
1936 281 2031 313 nimis

1071 317 1203 349 obscure
1223 318 1413 349 decemviri:
1440 317 1474 350 Si
1496 318 1674 350 membrum
1694 321 1828 360 fregeris
1852 333 1969 361 meum,
1991 335 2031 356 ex

1071 364 1163 399 pacto
1194 360 1270 391 talio
1302 365 1378 391 esto.
1422 361 1511 392 Deus
1533 366 1638 392 autem
1664 373 1726 393 non
1752 369 1825 395 ante
1849 365 1936 396 iubet
1958 377 2030 398 ocu-

1071 402 1138 432 lum
1168 413 1226 442 pro
1255 403 1346 434 oculo
1370 403 1454 441 erui,
1486 404 1536 434 vel
1562 403 1689 435 dentem
1714 408 1821 437 excuti
1843 418 1900 446 pro
1924 408 2029 447 dente,

1071 455 1165 484 quam
1185 446 1347 485 exposuit:
1372 445 1409 477 Si
1427 447 1496 486 quis
1515 446 1618 477 sciens
1641 452 1672 477 et
1696 448 1807 479 volens
1830 450 1957 491 plagam
1980 452 2030 482 in-

1071 486 1196 518 tulerit:
1226 488 1270 519 ita
1300 487 1447 520 fortuitos
1478 489 1559 520 ictus
1589 499 1652 520 non
1694 495 1787 521 vocat
1810 492 1842 522 in
1867 493 2030 534 iudicium,

1072 529 1126 560 sed
1150 534 1277 560 tantum
1300 535 1487 570 conceptum
1511 531 1622 562 scelus.
1664 531 1802 564 Frustra
1824 539 1929 566 autern
1954 537 2030 568 obii-

1072 572 1161 609 citur,
1188 574 1241 603 vix
1265 572 1304 603 ad
1328 573 1552 613 aequilibrium
1577 573 1682 614 frangi
1705 585 1797 615 posse
1822 578 1964 609 membra
1987 589 2027 610 ex

1072 613 1207 645 diversis
1237 615 1436 654 corporibus:
1466 617 1540 656 quia
1569 616 1631 647 alio
1656 628 1718 648 non
1741 618 1845 649 tendit
1869 620 1928 651 Dei
1952 631 2026 653 eon-

1071 656 1177 687 silium
1191 668 1285 697 quam
1300 661 1336 688 ut
1354 668 1475 697 poenae
1496 659 1601 698 rigore
1614 660 1725 699 territi,
1749 671 1767 691 a
1790 661 1930 693 laesione
1953 664 2025 696 abs-

1070 699 1209 730 tineant:
1234 699 1376 740 adeoque
1401 700 1478 731 haec
1497 702 1692 733 coniunctim
1711 703 1814 743 posita
1837 709 1925 736 sunt:
1962 705 2026 745 Qui

1070 741 1232 772 hominem
1262 742 1425 780 occiderit,
1457 744 1629 784 moriatur,
1660 749 1692 776 et
1716 746 1768 785 qui
1791 750 1915 786 partem
1939 749 2028 780 vitae

1069 784 1246 821 abstulerit,
1271 786 1416 824 privetur
1439 785 1597 817 similiter.
1641 788 1747 827 Atque
1770 789 1880 821 eodem
1904 795 2028 830 spectat

1068 828 1271 866 comparatio,
1290 828 1446 858 iacturam
1464 828 1611 859 animalis
1624 830 1766 868 percussi
1780 832 1910 871 rependi
1923 843 2026 872 posse,

1067 869 1093 900 si
1125 880 1199 900 vero
1228 880 1399 910 percussus
1430 870 1525 901 fuerit
1550 871 1659 909 homo,
1690 872 1815 904 nullum
1838 874 1871 905 in
1889 876 2027 915 pecunia

1066 922 1133 942 esse
1156 912 1275 943 iustum
1299 913 1568 952 compensationis
1592 914 1739 953 pretium.

1150 954 1200 985 22.
1221 955 1379 986 Iudicium
1401 965 1506 986 unum.
1541 955 1589 986 Ne
1612 957 1750 996 populus
1773 957 1871 990 lsrael
1894 970 1951 1000 pro
1974 971 2023 992 so-

1066 996 1122 1026 lita
1156 997 1304 1037 superbia
1340 997 1444 1028 solum
1473 1008 1576 1038 genus
1606 999 1756 1031 Abrahae
1783 1007 2024 1034 sacrosanctum

1065 1050 1134 1070 esse
1168 1044 1311 1079 putaret,
1349 1040 1401 1070 lex
1436 1040 1475 1070 ad
1510 1045 1636 1072 exteros
1669 1052 1793 1082 quoque
1826 1044 2021 1077 extenditur.

1064 1083 1172 1122 Atque
1200 1083 1244 1113 ita
1274 1082 1414 1113 ostendit
1437 1082 1527 1113 Deus
1558 1084 1740 1115 societatem
1766 1086 1866 1118 totius
1888 1086 2023 1119 humani

1063 1125 1189 1163 generis
1212 1125 1272 1156 sibi
1295 1127 1392 1156 curae
1416 1135 1501 1162 esse,
1527 1132 1562 1156 ut
1585 1126 1679 1157 etiam
1706 1127 1918 1160 alienissimos
1942 1130 2022 1161 nolit

1063 1167 1224 1206 expositos
1254 1178 1322 1198 esse
1345 1168 1564 1207 improborum
1587 1168 1720 1200 libidini.
1766 1171 1848 1202 Aliis
1871 1172 1903 1203 in
1926 1172 2022 1204 rebus

1063 1210 1231 1250 privilegio
1261 1220 1406 1241 seorsum
1437 1211 1521 1241 cavit
1544 1211 1642 1242 eleeto
1666 1212 1797 1252 populo,
1826 1225 1910 1246 nunc
1935 1226 2020 1254 vere,

1063 1252 1137 1291 quia
1172 1253 1242 1283 sine
1272 1252 1460 1292 exceptione
1488 1257 1620 1284 cunctos
1649 1255 1800 1286 mortales
1829 1257 1951 1288 creavit
1980 1258 2021 1289 ad

1063 1295 1236 1335 imaginem
1256 1305 1355 1333 suam,
1378 1295 1448 1326 ideo
1467 1296 1498 1325 in
1523 1296 1619 1326 fidem
1642 1297 1838 1337 tutelamque
1860 1309 1950 1330 suam
1972 1311 2020 1331 re-

1063 1337 1149 1377 cipit,
1174 1348 1213 1367 ne
1237 1337 1307 1377 quis
1330 1338 1462 1377 impune
1484 1337 1549 1369 illis
1571 1345 1693 1370 noceat.

1147 1380 1248 1411 Exod.
1271 1380 1321 1417 21,
1347 1380 1395 1411 12.
1422 1380 1482 1419 Qui
1494 1382 1681 1420 percusserit
1702 1383 1813 1413 virum.
1848 1383 1911 1415 Hic
1932 1384 2020 1416 locus

1062 1422 1205 1462 singulas
1228 1427 1334 1462 partes
1357 1422 1406 1464 (ut
1429 1422 1509 1464 dixi)
1532 1424 1649 1455 clarius
1672 1425 1827 1464 explicat,
1857 1437 1892 1457 ac
1916 1427 2020 1466 primo

1062 1464 1214 1495 discernit
1232 1466 1316 1496 inter
1336 1465 1552 1497 voluntarium
1573 1470 1605 1497 et
1620 1467 1786 1498 fortuitum
1803 1468 2018 1508 homicidium,

1062 1507 1137 1547 quia.
1149 1508 1174 1538 si
1188 1508 1238 1539 cui
1253 1508 1333 1547 lapis
1352 1508 1404 1539 vel
1423 1508 1543 1540 securis
1563 1520 1619 1549 per
1637 1510 1879 1550 incogitantiam
1892 1511 2018 1543 excide-

1061 1550 1110 1587 rit,
1124 1560 1159 1580 ac
1178 1551 1307 1581 obvium
1329 1551 1513 1590 quempiam
1534 1552 1638 1588 feriat,
1658 1553 1792 1584 mortale
1811 1554 1930 1584 crimen
1945 1566 2019 1586 een-

1060 1593 1123 1624 seri
1156 1603 1218 1623 non
1254 1593 1331 1623 vult.
1385 1595 1490 1633 Atque
1517 1595 1549 1624 in
1582 1594 1667 1626 huuc
1697 1606 1789 1626 usum
1822 1596 1914 1627 datae
1943 1603 2019 1628 sunt

1061 1635 1152 1666 urbes
1172 1636 1294 1675 refugii,
1318 1645 1453 1675 quarum
1475 1647 1559 1668 nunc
1579 1637 1720 1668 breviter
1744 1638 1826 1669 facta
1848 1638 1909 1669 fuit
1928 1650 2017 1671 men-

1059 1678 1117 1709 tio:
1142 1682 1173 1708 et
1197 1677 1234 1708 de
1258 1688 1394 1717 quarum
1418 1679 1487 1710 iure
1510 1689 1583 1710 mox
1608 1680 1732 1720 copioso
1754 1680 1923 1712 dicendum
1948 1682 2016 1721 erit,

1058 1720 1111 1751 nbi
1142 1721 1239 1751 etiam
1264 1721 1346 1751 ratio
1370 1720 1571 1752 discernendi
1595 1722 1679 1753 inter
1703 1722 1847 1754 fraudem
1871 1728 1903 1754 et
1924 1724 2015 1764 igno—

1058 1764 1192 1793 rantiam
1225 1763 1378 1794 tradetur.
1425 1764 1610 1795 Notandum
1636 1776 1711 1796 vcro
1735 1770 1783 1796 est
1807 1765 2015 1798 homicidium

1056 1805 1226 1836 fortuitum
1257 1805 1305 1846 (ut
1335 1806 1430 1846 vulgo
1461 1807 1642 1849 nominant)
1666 1808 1777 1839 Mosen
1802 1810 2014 1848 pronunciare

1056 1860 1119 1879 nou
1139 1858 1213 1879 casu
1237 1849 1286 1880 vel
1312 1848 1439 1879 fortuna
1461 1849 1620 1890 accidere,
1645 1850 1699 1881 scd
1725 1850 1786 1881 Dei
1809 1852 1953 1882 consilio:
1979 1862 2015 1883 ac

1057 1891 1082 1922 si
1114 1891 1151 1922 ad
1182 1898 1317 1922 mortem
1348 1901 1420 1922 eum
1451 1892 1504 1931 qui
1534 1893 1731 1924 interficitur
1755 1903 1850 1924 mauu
1875 1894 2013 1925 duceret.

1056 1933 1254 1973 Quocunque
1293 1944 1368 1974 ergo
1402 1934 1551 1965 interitus
1582 1946 1699 1975 genere
1729 1936 1928 1975 abripiuntur
1958 1937 2013 1967 ho-

1056 1977 1175 2013 mines,
1206 1980 1327 2007 certum
1360 1980 1407 2007 cst
1436 1978 1563 2008 nonnisi
1589 1977 1650 2008 Dei
1681 1978 1813 2009 arbitrio
1846 1979 1951 2010 vivere
1983 1984 2014 2010 et

1056 2019 1147 2049 mori.
1200 2019 1243 2049 Et
1276 2024 1362 2050 certe
1394 2030 1490 2058 quum
1523 2031 1561 2051 ne
1591 2020 1792 2059 passerculus
1822 2021 1948 2060 quidem
1980 2023 2013 2052 in

1056 2066 1174 2092 terram
1200 2061 1259 2092 nisi
1286 2062 1352 2101 ipso
1377 2061 1504 2093 volente
1527 2062 1618 2093 cadat
1631 2062 1737 2104 (Matt.
1763 2063 1811 2101 10,
1836 2064 1897 2105 19),
1922 2064 2014 2095 valde

1056 2103 1231 2134 absurdum
1256 2108 1340 2134 esset
1364 2104 1509 2136 homines
1533 2105 1572 2136 ad
1596 2106 1768 2146 imaginem
1792 2106 1860 2136 eius
1881 2111 2012 2144 creatos,

1056 2153 1176 2177 temero
1196 2147 1344 2186 prostitui
1365 2147 1402 2177 ad
1423 2157 1532 2179 caecos
1551 2148 1690 2187 impetus
1710 2148 1866 2179 fortunae.
1903 2148 2013 2187 Quare

1055 2189 1261 2220 statuendum
1293 2193 1358 2227 est,
1388 2189 1471 2229 quod
1502 2191 1598 2221 etiam
1630 2190 1704 2222 alibi
1729 2191 1888 2230 scriptura
1911 2190 2012 2229 docet,

1054 2232 1161 2262 finitas
1193 2242 1261 2262 esse
1291 2231 1428 2271 singulis
1458 2232 1586 2263 vivendi
1615 2241 1730 2263 metas:
1761 2234 1810 2264 cui
1834 2234 2013 2266 sententiae

1054 2273 1223 2314 respondet
1248 2273 1330 2313 quod
1356 2274 1430 2305 alibi
1453 2275 1586 2306 dicitur:
1610 2276 1658 2306 Tu
1683 2276 1759 2306 facis
1782 2275 1886 2306 redire
1910 2276 2012 2308 homi·

1054 2328 1144 2354 nem,
1173 2322 1204 2347 ct
1233 2316 1326 2347 dicis:
1352 2317 1565 2348 Revertimini
1594 2318 1651 2348 filii
1682 2318 1846 2348 hominum
1877 2317 2010 2359 (Psalm.

1226 2358 1347 2389 Verum
1376 2359 1504 2398 quidem
1534 2365 1583 2391 est
1606 2361 1770 2391 fortuitum
1794 2360 1884 2391 nobis
1909 2362 2012 2393 videri

1054 2403 1143 2433 cuius
1164 2413 1224 2432 non
1245 2405 1378 2440 apparet
1397 2411 1493 2433 causa
1512 2403 1560 2434 vel
1582 2403 1768 2434 necessitas:
1792 2407 1823 2432 et
1842 2403 1916 2434 inde
1940 2416 2012 2436 con-

1055 2445 1212 2484 tingentia
1236 2444 1341 2474 vocari
1364 2454 1445 2483 quae
1468 2445 1643 2476 secundum
1668 2450 1812 2475 naturam
1838 2446 1931 2476 aliter
1954 2447 2011 2478 ha-

1028 2495 1029 2503 *
1055 2488 1128 2518 bere
1153 2492 1296 2526 possunt.
1332 2486 1429 2526 Atqui
1454 2488 1578 2519 intereo.
1601 2487 1772 2518 tenendum
1795 2493 1851 2526 est,
1874 2499 1953 2528 quae
1976 2490 2010 2520 in

1055 2534 1223 2568 utramque
1247 2533 1369 2568 partem
1394 2529 1511 2569 alioqui
1534 2530 1688 2561 flexibilia
1711 2534 1796 2567 sunt,
1821 2540 1936 2562 arcano
1948 2531 2010 2563 Dei

1056 2571 1187 2604 consilio
1217 2570 1407 2611 gubernari,
1436 2577 1471 2603 ut
1495 2573 1575 2603 nihil
1599 2573 1660 2602 nisi
1685 2572 1753 2603 cius
1776 2573 2010 2613 gubernatione

1056 2621 1087 2646 et
1117 2615 1244 2645 decreto
1268 2614 1332 2644 fiat.
1378 2614 1447 2646 Hoc
1471 2615 1562 2646 modo
1585 2626 1648 2646 non
1672 2614 1885 2654 imaginamur
1907 2617 2009 2648 fatum
