2304 3034
187 202 249 233 323

184 296 300 328 delicto.
353 293 400 324 18.
433 292 518 331 Quod
547 294 647 322 autem
677 294 814 330 superest
842 292 878 323 de
906 292 968 323 oleo
1002 292 1081 330 quod
1114 294 1156 322 est

188 339 223 369 in
234 347 329 368 manu
348 337 421 372 eius,
435 337 528 373 ponet
545 344 638 372 super
649 336 740 373 caput
754 335 943 365 mundandi:
962 333 1157 374 eoepiabitque

187 391 255 412 cum
278 379 418 409 sacerdos
440 387 541 408 coram
563 377 684 407 lebona.
722 377 770 407 19.
798 377 903 407 Faciet
926 378 997 408 item
1016 378 1156 408 sacerdos

187 423 364 454 oblationem
381 430 442 459 pro
460 422 598 458 peccato,
623 420 860 458 emundabitque
883 419 1096 450 mundandum
1120 421 1157 450 ab

188 464 386 496 immunditia
428 472 503 498 sua,
550 465 577 492 ct
611 465 719 501 postea
759 462 903 493 mactabit
940 462 1156 494 holocaustum.

189 509 238 539 20.
260 506 300 537 Et
320 505 479 536 ascendere
496 505 590 544 faciet
608 505 748 536 sacerdos
761 505 968 536 holocaustum
980 506 1007 536 et
1019 504 1158 536 minham

189 560 281 589 super
311 549 426 579 altare:
460 547 654 587 expiabitque
685 558 753 578 eum
783 548 940 585 sacerdos,
969 550 995 579 et
1024 549 1158 579 mundus

189 594 254 624 crit.
301 592 350 622 21.
377 590 413 621 Si
436 593 538 621 autem
557 601 680 629 pauper
701 591 805 630 fuerit,
830 593 856 621 ct
879 600 992 621 manus
1014 591 1082 622 eius
1099 601 1158 622 non

184 636 284 676 possit
306 634 445 672 assequi,
479 635 542 664 tum
565 634 693 673 accipiet
714 643 830 673 aynum
852 643 950 664 unum
973 634 1007 664 in
1029 633 1158 664 hostiam

181 689 242 718 pro
260 677 365 708 delicto
385 677 418 707 in
441 676 634 706 elevationem
656 677 697 707 ad
715 676 904 716 ezpiandum
922 676 1018 712 illum,
1039 678 1064 707 et
1082 676 1157 707 deci-

188 731 271 752 mam
284 722 406 759 partem
429 718 554 750 similae
570 729 664 749 unam
681 719 867 758 permistam
879 719 941 750 oleo
960 729 1019 759 pro
1041 719 1157 757 minha,

188 763 419 801 sectariumque
442 761 507 792 olei.
553 761 604 792 22.
628 761 719 792 Duos
734 764 899 800 praeterea
924 764 1073 799 turtures,
1105 764 1159 792 aut

189 807 264 837 duos
285 805 367 844 filios
396 804 557 841 columbae,
582 805 781 844 quodcunque
806 804 1030 843 apprehendere
1050 805 1159 844 poterit

189 859 301 880 manus
324 849 407 879 eius:
435 848 553 886 eritque
575 857 658 878 unus
680 848 713 877 in
735 847 867 878 hostiam
883 858 945 887 pro
968 850 1102 887 peccato,
1133 849 1158 878 et

189 892 267 923 alter
295 901 355 930 pro
388 890 566 921 holocausto.
620 890 669 921 23.
707 890 882 929 Afferctque
915 901 950 921 ea
979 893 1080 921 octavo
1110 890 1159 920 die

185 934 420 975 purificationis
442 943 518 964 suae
549 933 590 963 ad
624 933 825 971 sacerdotem,
857 933 898 964 ad
925 934 1034 964 ostium
1061 933 1159 964 taber-

191 978 294 1009 naculi
324 976 527 1007 conventionis
556 986 659 1006 coram
690 975 812 1007 lehara.
866 976 916 1007 24.
950 976 1159 1015 Suscipietque

190 1020 333 1052 sacerdos
362 1029 477 1059 (tynum
507 1018 668 1049 oblationis
693 1029 753 1058 pro
783 1019 906 1057 delicto,
934 1021 960 1050 et
988 1019 1158 1050 sextarium

191 1064 263 1100 olei,
297 1065 387 1101 atque
420 1061 549 1101 ayitabit
583 1071 620 1092 ea
656 1062 799 1092 sacerdos
830 1062 1025 1093 elei-ationem
1057 1071 1159 1092 coram

192 1106 313 1137 Iehova.
349 1104 399 1136 25.
425 1103 634 1143 Diaetabitque
652 1114 769 1144 aynum
789 1104 953 1135 oblationis
965 1114 1026 1143 pro
1043 1105 1157 1141 delicto,

191 1159 227 1180 ac
251 1148 331 1180 tollet
360 1147 504 1179 sacerdos
529 1147 566 1178 de
594 1148 745 1187 sanyuine
767 1147 930 1178 oblationis
954 1157 1015 1187 pro
1045 1147 1158 1182 delicto,

187 1194 337 1231 ponetque
359 1201 452 1229 super
481 1193 616 1221 tenerum
647 1191 737 1221 auris
764 1190 938 1221 mundandi
965 1190 1105 1226 dextrae,
1134 1192 1160 1220 et

191 1245 283 1274 super
299 1234 443 1274 pollicem
465 1243 579 1264 manus
601 1234 667 1263 eius
688 1233 829 1271 dextrae,
863 1235 888 1264 et
910 1243 1004 1272 super
1020 1232 1160 1272 pollicem

186 1278 278 1318 pedis
300 1278 368 1308 eius
386 1277 498 1307 dextri.
534 1276 583 1307 26.
610 1275 658 1307 De
676 1276 738 1307 oleo
758 1286 875 1315 quoquc
891 1276 1001 1315 fundet
1018 1275 1160 1306 sacerdos

192 1322 226 1352 in
248 1330 375 1351 manum
396 1329 487 1350 suam
509 1319 681 1350 sinistram.
728 1319 778 1349 27.
805 1318 994 1359 Sparyetque
1016 1318 1159 1349 sacerdos

191 1364 287 1403 diyito
304 1373 361 1394 suo
379 1363 485 1393 dextro
503 1362 540 1393 de
560 1362 622 1393 oleo
641 1362 720 1401 quod
738 1364 782 1393 est
799 1362 833 1392 in
851 1372 947 1392 manu
958 1371 1017 1393 sua
1028 1362 1158 1392 sinistra

191 1409 303 1445 septem
344 1405 459 1436 vicibus
498 1415 601 1436 coram
635 1404 758 1436 Iehooa.
821 1405 871 1436 28.
912 1404 1006 1436 Ponet
1043 1413 1158 1443 quoquc

192 1449 334 1480 sacerdos
356 1448 391 1479 de
413 1448 474 1479 oleo
497 1448 577 1487 quod
598 1450 640 1478 est
662 1448 696 1478 in
713 1458 807 1478 manu
826 1458 886 1479 sua
908 1458 1001 1487 super
1022 1450 1157 1478 tenerum

192 1493 282 1523 auris
300 1491 488 1522 emundandi
506 1491 640 1527 dextrae,
663 1493 690 1521 et
706 1501 802 1530 super
814 1491 955 1530 pollicem
967 1500 1079 1521 manus
1091 1490 1158 1520 eius

193 1535 330 1572 destrae,
353 1537 380 1565 et
402 1544 494 1572 super
517 1534 661 1573 pollicem
682 1534 776 1572 pedis
798 1534 866 1564 eius
895 1534 1011 1571 deztri,
1040 1534 1074 1564 in
1096 1532 1157 1563 loco

191 1578 357 1617 sanyuinis
375 1577 538 1608 oblationis
549 1586 610 1616 pro
629 1576 741 1607 delicto.
773 1576 822 1608 29.
841 1577 927 1616 Quod
938 1579 1040 1607 autem
1050 1585 1157 1615 super-

193 1623 236 1651 est
258 1621 294 1652 de
316 1621 377 1651 oleo
399 1619 479 1659 quod
501 1622 545 1650 est
574 1620 607 1649 in
629 1629 726 1650 manu
747 1620 931 1655 sacerdotis,
950 1621 1041 1658 ponet
1066 1628 1158 1657 super

193 1666 286 1702 caput
309 1662 496 1694 emundandi
520 1663 562 1699 ad
573 1662 802 1693 emundandum
815 1663 904 1693 illum
919 1672 1022 1694 coram
1035 1661 1156 1693 Iehova.

194 1707 244 1738 30.
278 1706 383 1737 Faciet
414 1706 482 1736 item
511 1715 608 1736 unum
637 1706 674 1736 de
704 1705 893 1745 turturibuS,
924 1705 970 1736 vel
1000 1715 1036 1735 esc
1057 1704 1157 1744 pullis

193 1749 410 1785 columbarum,
437 1759 474 1779 eac
503 1749 546 1779 iis
575 1758 653 1787 quae
680 1748 915 1787 apprehenderit
941 1757 1053 1779 manus
1082 1748 1156 1778 eius.

194 1793 243 1824 31.
277 1792 363 1831 Quod
391 1792 522 1831 inquam
551 1791 787 1831 apprehenderit
822 1801 934 1823 manus
968 1791 1035 1822 eius
1068 1790 1159 1830 faciet

194 1846 290 1866 unum
315 1844 375 1875 pro
400 1836 534 1873 peccato,
570 1838 596 1865 et
625 1834 756 1865 alterum
791 1834 822 1864 in
856 1834 1063 1865 holocaustum
1091 1843 1159 1864 cum

193 1878 316 1914 minha,
358 1877 592 1916 emundabitque
633 1877 775 1908 sacerdos
811 1877 1023 1908 mundandum
1056 1885 1158 1907 coram

196 1921 317 1952 Iehova.
370 1920 419 1951 32.
447 1920 497 1950 Ita
526 1923 569 1951 est
599 1920 647 1951 lez
677 1920 744 1951 cius
774 1921 806 1951 in
840 1931 899 1960 quo
933 1920 1037 1959 fuerat
1061 1919 1158 1958 playa

194 1964 306 2002 leprae,
330 1964 419 1994 cuius
440 1973 554 1994 manus
576 1973 635 1993 non
652 1965 772 2002 poterat
782 1963 1009 2002 apprehendere
1030 1962 1158 1992 munda-

194 2008 303 2037 tionem
324 2007 384 2037 sui.
431 2006 481 2037 33.
506 2005 548 2036 Et
570 2006 714 2045 loquutus
737 2008 778 2036 est
802 2006 915 2037 Iehova
938 2006 979 2036 aol
1002 2004 1109 2036 llffosen
1132 2006 1159 2034 ct

193 2050 332 2086 Aharon,
356 2050 499 2080 dicendo:
529 2049 579 2079 34.
609 2049 708 2088 Quum
732 2049 865 2088 inqressi
890 2048 1015 2088 fueritis
1044 2050 1157 2078 terram

195 2093 361 2132 Cleanaan,
391 2103 484 2132 quam
513 2103 563 2131 eyo
583 2092 621 2122 do
643 2092 726 2122 vobis
750 2092 782 2122 in
798 2091 1030 2131 possessionem,
1060 2093 1086 2121 et
1102 2100 1156 2129 po-

193 2146 282 2167 suero
288 2136 418 2175 playam
438 2135 540 2174 leprae
560 2135 590 2165 in
605 2135 691 2165 domo
703 2138 803 2165 terrae
810 2134 1016 2174 possessionis
1027 2136 1157 2164 vestrae.-

195 2180 244 2210 35.
267 2178 370 2209 Veniet
393 2178 445 2209 ille
462 2178 550 2209 cuius
572 2178 629 2208 crit
652 2178 768 2213 domus,
790 2177 1039 2215 renunciabitque
1059 2186 1157 2207 sacer-

195 2223 265 2255 doti.
291 2222 433 2252 dicendo:
466 2221 628 2259 Tanquam
651 2220 749 2260 playa
778 2220 884 2260 leprae
912 2220 981 2251 visa
1012 2222 1053 2249 est
1080 2218 1157 2249 mihi

195 2266 228 2295 in
251 2265 346 2295 domo.
392 2264 442 2294 36.
471 2264 556 2294 Tunc
579 2264 751 2303 praecipiet
778 2263 932 2298 sacerdos,
960 2264 986 2292 et
1007 2271 1155 2301 expurya-

196 2308 266 2338 bunt
289 2308 410 2338 domum
435 2309 598 2345 antequam
622 2307 815 2346 inyrediotur
837 2305 985 2343 sacerdos,
1008 2307 1039 2335 ut
1063 2304 1159 2343 clispi-

195 2352 254 2381 ciat
272 2350 416 2389 playam.
447 2360 483 2379 ne
506 2349 670 2387 polluatur
696 2349 865 2389 quidquam
894 2348 974 2387 quool
1001 2347 1040 2377 sit
1069 2348 1100 2377 in
1124 2357 1159 2377 ca

197 2394 297 2425 domo:
321 2396 348 2423 et
364 2396 473 2431 postea
503 2392 694 2431 inyredietur
721 2393 863 2423 sacerdos
893 2391 934 2422 ad
961 2389 1160 2428 contemplan

198 2437 269 2466 dam
292 2437 422 2467 domum.
467 2435 517 2465 37.
547 2435 632 2466 Tunc
660 2435 861 2466 considerabit
886 2434 1015 2473 playam
1042 2433 1160 2470 ipsam:

198 2482 223 2509 ct
245 2480 273 2509 si
301 2479 424 2517 quidem
448 2478 479 2508 in
498 2478 596 2517 playa
623 2488 699 2517 quae
722 2481 765 2509 est
795 2479 828 2508 in
846 2476 1019 2517 parietibus
1042 2475 1159 2511 domus,

197 2522 312 2560 fuerint
336 2521 518 2559 niqrrdz'nes,
538 2521 715 2559 slavedincs,
740 2521 785 2551 nel
803 2520 981 2551 rubedines:
1009 2521 1035 2548 et
1058 2528 1160 2556 aspec-

198 2567 246 2595 tus
269 2574 375 2594 earum
396 2565 492 2603 fuerit
513 2564 687 2602 depressior
709 2564 827 2602 reliquo
844 2563 977 2603 pariete:
999 2561 1049 2592 38.
1063 2560 1159 2600 Eyre-

199 2608 300 2638 dietur
322 2608 463 2637 smerdes
486 2618 500 2636 e
523 2607 609 2636 domo
632 2607 674 2637 ad
703 2607 816 2637 ostium
838 2606 958 2641 domus,
989 2607 1015 2634 et
1044 2603 1162 2634 claudet

200 2650 323 2680 domum
343 2652 453 2688 septem
475 2650 591 2679 diebus.
627 2650 676 2681 39.
705 2650 813 2679 Postea
836 2650 999 2679 revertetur
1021 2646 1162 2677 sacerdos

916 197 1103 230 PRIMUM
1128 198 1448 230 PRAEOEPTUM.

2114 197 2177 229 324

1209 293 1257 323 dic
1284 293 1428 332 septimo,
1461 294 1486 322 et
1509 290 1777 329 contemplabitur:
1807 292 1832 319 et
1855 290 1884 321 si
1908 291 2028 329 quidem
2050 292 2176 323 creverit

1203 335 1304 375 playa
1327 335 1359 365 in
1377 334 1552 374 parietibus
1574 335 1693 369 domus,
1738 333 1788 363 40.
1818 333 1903 363 Tunc
1926 334 2100 372 praecipiet
2126 344 2176 365 sa-

1209 378 1320 412 cerdos.
1347 380 1372 408 ct
1395 380 1498 408 eruent
1521 376 1641 415 lapides
1672 376 1705 406 in
1734 375 1845 414 quibus
1870 376 1967 414 fuerit
1992 376 2087 416 playa
2110 377 2173 414 illa,

1204 421 1427 460 proiicientque
1445 420 1514 450 illos
1537 422 1623 449 ertra
1642 418 1790 448 civitatem
1804 418 1837 447 in
1860 418 1958 449 locum
1970 418 2176 450 immundum:

1209 463 1258 493 41.
1284 463 1418 494 Domum
1441 465 1542 492 <uitem
1563 461 1671 492 radere
1702 461 1813 491 iubibit
1836 461 2021 492 intrinsecus
2038 471 2096 501 per
2117 463 2176 493 cir-

1208 506 1333 539 cottum.
1357 508 1383 536 et
1406 505 1558 543 effundent
1579 503 1740 542 pulverem
1768 513 1855 543 quem
1885 503 2058 535 abraserint
2089 507 2176 536 extra

1209 549 1359 579 civitatem
1383 549 1416 578 in
1440 548 1538 578 locum
1568 546 1771 577 immundum.
1818 546 1867 576 42.
1892 545 1934 577 Et
1964 547 2112 586 accipient
2132 547 2176 578 la-

1205 591 1296 630 pides
1330 591 1409 621 alios
1442 600 1516 629 quos
1546 591 1690 628 reponent
1721 589 1782 620 loeo
1810 589 1949 628 lapidum
1977 589 2116 626 illorum,
2150 592 2176 621 et

1209 634 1307 665 lutum
1320 633 1409 664 aliud
1421 633 1549 671 capient.
1574 634 1601 662 et
1612 631 1987 670 complanabuntolomum.
2023 632 2073 664 43.
2091 633 2177 671 Quod

1209 677 1238 708 si
1259 686 1381 707 reversa
1401 675 1496 715 fuerit
1513 675 1620 714 playa,
1640 676 1666 705 et
1688 674 1826 713 effloreat
1848 675 1882 705 in
1904 674 1961 706 illa
1991 675 2077 706 domo
2095 678 2177 716 post-

1209 729 1301 758 quam
1326 719 1394 749 erni
1414 718 1486 757 fecit
1508 717 1636 756 lapides,
1661 719 1687 747 ct
1715 717 1826 748 abradi
1849 717 1982 757 domum,
2007 720 2033 748 ct
2057 720 2175 756 postea-

1210 772 1303 801 quam
1327 761 1454 791 obducta
1475 760 1553 799 fuit:
1586 759 1635 790 44.
1664 759 1748 791 Tunc
1768 760 1957 799 inyredietur
1979 761 2127 797 sacerdos,
2149 763 2175 792 et

1210 804 1432 835 considerabit.-
1456 806 1481 833 ct
1503 803 1666 842 siquidem
1679 803 1805 833 ereverit
1821 802 1919 842 playa
1931 803 1965 833 in
1976 803 2071 841 domo,
2089 803 2175 843 lepra

1210 847 1374 879 corrodens
1396 849 1439 877 est
1462 847 1493 876 in
1524 846 1597 884 ipsa
1621 845 1723 882 domo,
1753 846 1914 877 immunda
1942 848 1994 877 est.
2038 846 2088 878 45.
2116 846 2175 878 De-

1210 892 1362 928 struetque
1385 890 1517 925 domum,
1541 891 1566 919 et
1589 887 1709 927 lapides
1730 889 1807 925 eius,
1830 891 1857 920 et
1878 888 1965 929 liqna
1987 889 2062 927 eius,
2086 892 2175 928 atque

1211 933 1390 964 universum
1413 932 1510 963 lutum
1532 931 1653 968 domus,
1675 931 1835 970 educetque
1857 934 1945 962 extra
1967 932 2119 963 civitatem
2141 932 2175 963 in

1210 975 1305 1007 locum
1336 974 1536 1005 immundum.
1589 973 1639 1004 46.
1673 974 1732 1013 Qui
1760 976 1861 1005 autem
1895 975 2053 1014 inyressus
2079 975 2176 1014 fuerit

1209 1019 1332 1049 domum
1361 1018 1450 1048 illam
1485 1015 1626 1047 omnibus
1660 1016 1765 1047 diebus
1805 1016 1915 1056 quibus
1947 1017 2072 1049 iusserit
2107 1027 2175 1048 eam

1209 1061 1322 1094 claudi.
1348 1060 1527 1090 immundus
1559 1060 1617 1090 erit
1646 1069 1742 1098 usque
1769 1060 1811 1090 ad
1840 1070 2006 1099 vesperam.
2056 1061 2106 1092 47.
2134 1060 2176 1091 Ei

1210 1104 1263 1143 qui
1295 1103 1452 1133 dormierit
1482 1102 1515 1132 in
1544 1112 1579 1132 ea
1608 1102 1713 1140 domo,
1744 1102 1858 1133 lavabit
1885 1103 2062 1134 vestimenta
2098 1113 2175 1134 sua:

1210 1147 1322 1185 quique
1351 1145 1509 1177 comederit
1545 1145 1578 1175 in
1610 1145 1710 1182 domo,
1748 1145 1863 1176 lavabit
1899 1146 2074 1177 vestimenta
2106 1156 2173 1178 sua.

1211 1189 1261 1219 48.
1289 1188 1323 1219 Si
1356 1191 1456 1219 autem
1484 1188 1681 1228 tnyreolienclo
1710 1188 1869 1228 inqressus
1896 1188 1992 1228 fuerit
2018 1189 2176 1220 sacerdos:

1211 1232 1488 1271 contemplatusque
1511 1231 1623 1261 viderit
1644 1241 1702 1262 non
1724 1231 1855 1262 crevisse
1879 1231 2010 1271 playam
2041 1232 2072 1263 in
2101 1232 2175 1271 ipsa

1212 1275 1307 1309 domo,
1327 1277 1491 1313 postquam
1516 1275 1588 1312 ipsa
1610 1273 1734 1305 obducta
1756 1274 1835 1313 fuit:
1856 1274 2004 1313 mundam
2027 1275 2175 1306 iudicabit

1210 1318 1350 1348 sacerdos
1373 1317 1505 1353 domum,
1529 1316 1604 1355 quia
1616 1319 1730 1347 sanata
1752 1317 1792 1347 sit
1803 1317 1899 1356 playa
1913 1317 1977 1348 illa.
2013 1317 2063 1349 49.
2081 1318 2175 1349 Tollet

1211 1361 1314 1399 itaque
1336 1360 1376 1390 ad
1393 1359 1630 1398 purificandam
1652 1359 1774 1391 domum
1791 1360 1870 1391 duos
1886 1370 2041 1400 passeres,
2065 1363 2093 1391 et
2116 1360 2174 1400 liq-

1210 1413 1284 1433 num
1317 1403 1488 1440 cedrinum,
1523 1405 1549 1433 et
1581 1412 1698 1433 coccum
1730 1403 1904 1439 vermiculi,
1939 1405 1966 1434 et
1997 1403 2173 1443 hyssopum.

1211 1446 1259 1477 50.
1298 1445 1502 1484 ,Mactabitque
1532 1455 1691 1484 passerem
1725 1456 1821 1476 unum
1854 1456 1950 1485 super
1981 1456 2038 1477 vas
2074 1447 2174 1486 fictile,

1210 1499 1303 1527 super
1320 1498 1419 1527 aquas
1448 1489 1544 1519 vivas.
1590 1488 1640 1519 51.
1669 1487 1835 1527 Capietque
1864 1488 1983 1528 liqnum
2006 1490 2173 1527 cedrinum,

1210 1534 1236 1562 et
1258 1531 1429 1571 hyssopum,
1453 1533 1479 1562 et
1501 1540 1618 1562 coccum
1641 1531 1810 1567 vermiculi,
1833 1534 1860 1562 et
1877 1541 2039 1571 passerem
2060 1533 2173 1571 vivum,

1210 1577 1236 1604 et
1258 1575 1350 1613 tinyet
1373 1574 1428 1605 illa
1450 1574 1485 1605 in
1507 1574 1659 1613 sanquine
1675 1574 1818 1613 passeris
1830 1575 1963 1611 mactati,
1988 1578 2015 1606 et
2037 1575 2071 1606 in
2091 1585 2175 1614 aqua

1209 1617 1338 1648 vivente:
1363 1619 1558 1657 asperyctque
1580 1617 1702 1648 domum
1723 1619 1835 1656 septem
1850 1617 1975 1648 vicibus.
2007 1618 2057 1649 52.
2080 1617 2174 1649 Puri-

1208 1660 1368 1698 ficabitque
1397 1660 1519 1691 domum
1549 1660 1638 1691 illam
1666 1660 1818 1700 sanquine
1841 1661 2000 1699 passeris,
2033 1664 2059 1692 et
2091 1672 2175 1701 aqua

1210 1704 1288 1740 viva,
1312 1706 1336 1733 et
1354 1713 1483 1741 passere
1504 1703 1582 1739 vivo,
1606 1703 1745 1742 liynoque
1767 1703 1904 1741 cedrino,
1923 1706 1949 1735 et
1971 1703 2115 1743 hyssopo,
2146 1707 2174 1736 et

1210 1755 1290 1776 cocco
1314 1746 1480 1777 vermiculi.
1527 1745 1577 1776 53.
1604 1745 1716 1776 Postea
1736 1746 1867 1777 dimittet
1883 1757 2042 1786 passerem
2071 1748 2175 1778 vivum

1209 1792 1294 1819 entra
1314 1789 1464 1820 civitatem
1487 1798 1579 1827 super
1599 1788 1712 1827 faciem
1724 1789 1804 1828 ayri,
1822 1789 2029 1829 puryabitque
2041 1790 2173 1829 domum,

1210 1834 1235 1862 et
1257 1832 1369 1861 munda
1394 1832 1459 1862 erit.
1505 1831 1555 1862 54.
1581 1831 1650 1862 Ista
1672 1834 1716 1862 est
1737 1832 1786 1862 lex
1809 1833 1908 1863 omnis
1924 1832 2036 1873 playae
2062 1833 2174 1872 leprae,

1210 1876 1237 1903 et
1265 1875 1401 1906 maculae
1433 1875 1547 1915 niyrae.
1592 1874 1643 1905 55.
1668 1873 1710 1904 Et
1740 1874 1844 1912 leprae
1870 1875 1974 1911 vestis,
2006 1878 2033 1906 et
2056 1876 2172 1907 domus.

1209 1917 1259 1947 56.
1291 1917 1331 1947 Et
1366 1918 1509 1954 tumoris,
1543 1920 1570 1948 et
1601 1916 1727 1954 scabiei,
1766 1919 1793 1947 et
1825 1918 1984 1950 candentis
2020 1919 2173 1950 maculae.-

1209 1960 1259 1991 57.
1284 1960 1336 1991 Ad
1358 1961 1522 1991 docendum
1544 1960 1620 2000 quid
1641 1960 1807 1999 ayendum,
1838 1969 1896 1999 quo
1923 1961 1973 1992 die
1995 1961 2174 1992 immundus

1209 2006 1235 2034 et
1258 2012 1315 2042 quo
1337 2003 1386 2034 die
1408 2004 1540 2034 mundus
1562 2003 1768 2034 declarandus
1790 2005 1841 2034 est.

1291 2088 1319 2119 2.
1347 2088 1429 2119 Haec
1451 2089 1509 2119 crit
1536 2089 1584 2119 lex
1607 2088 1728 2127 leprosi.
1786 2087 1881 2118 Nunc
1912 2087 2042 2120 disserit.
2070 2089 2177 2120 Moses

1206 2131 1361 2171 quomodo
1386 2132 1516 2172 put-gari
1541 2139 1573 2162 et
1596 2131 1721 2162 restitui
1745 2130 1883 2161 debeant
1901 2131 1957 2170 qui
1980 2132 2084 2162 sanati
2108 2132 2177 2163 fue-

1209 2175 1275 2204 rint
1303 2185 1321 2204 u
1345 2174 1442 2214 lepra..
1489 2174 1657 2205 Hactenus
1692 2174 1797 2204 docuit
1828 2184 1906 2213 quos
1931 2173 2101 2205 admittere
2125 2175 2177 2206 dc-

1209 2218 1280 2248 beut
1304 2218 1451 2248 sacerdos
1481 2217 1515 2247 in
1545 2228 1671 2248 sacrum
1703 2223 1846 2253 coetum,
1876 2222 1908 2247 et
1930 2217 2016 2248 inter
2040 2217 2177 2249 mundos

1209 2270 1354 2290 censere:
1394 2270 1479 2290 nune
1508 2260 1608 2290 ritum
1642 2259 1837 2299 expiationis
1867 2260 2057 2299 praescribit
2091 2261 2178 2292 unde

1209 2303 1345 2342 populus
1369 2302 1470 2334 discat
1489 2309 1686 2343 quantopere
1699 2302 1905 2333 abominetur
1928 2302 2018 2334 Deus
2038 2303 2179 2334 immun-

1210 2345 1330 2381 ditiem,
1366 2356 1461 2385 quam
1481 2346 1606 2376 solenni
1626 2345 1750 2385 piaculo
1777 2345 1840 2375 elui
1864 2345 1966 2376 iubet:
1997 2345 2112 2377 deinde
2142 2351 2180 2378 ut,

1210 2392 1364 2428 agnoscat
1391 2389 1443 2428 qui
1468 2394 1601 2420 sanatus
1625 2395 1681 2425 est,
1705 2388 1861 2428 singulari
1887 2388 1947 2419 Dei
1972 2389 2124 2420 beneficio
2145 2400 2179 2421 se

1211 2442 1280 2462 esse
1304 2442 1343 2461 ex
1368 2438 1469 2462 morte
1493 2437 1649 2471 ereptum,
1674 2437 1705 2462 et
1726 2431 1760 2461 in
1785 2437 1948 2470 posterum
1972 2431 2011 2462 ad
2035 2431 2178 2463 studium

1211 2474 1360 2513 puritatis
1394 2475 1434 2504 sit
1465 2475 1568 2514 magis
1599 2479 1751 2505 attentus.
1798 2473 1881 2504 Nam
1905 2474 2063 2511 sacrificii,
2094 2475 2178 2514 quod

1213 2517 1262 2547 hic
1287 2517 1434 2555 exigitur,
1459 2517 1520 2548 duo
1540 2518 1671 2548 fuerunt
1690 2516 1843 2554 membra,
1866 2516 1969 2548 sordis
1993 2517 2123 2553 ablutio,
2148 2522 2180 2549 et

1213 2559 1389 2599 gratiarum
1414 2561 1504 2591 actio.
1561 2560 1696 2600 Semper
1718 2566 1825 2590 autem
1850 2559 2009 2590 tenendus
2033 2567 2082 2591 est
2105 2561 2179 2592 finis

1213 2602 1266 2632 illo
1298 2612 1391 2640 quom
1423 2604 1569 2641 proximo
1602 2603 1706 2643 eapite
1736 2602 1859 2639 notavi,
1895 2602 1954 2633 hac
1978 2603 2180 2634 caeremonia

1215 2645 1341 2676 edoctos
1371 2646 1466 2675 fuisse
1496 2646 1676 2683 israelitas,
1711 2648 1796 2676 caste
1832 2655 1973 2685 pureque
2008 2645 2179 2677 colendum
