2304 3034
112 185 174 216 213

111 278 225 310 elicere
257 278 358 310 debet.
411 279 510 310 Initio
540 280 657 319 repetit
687 278 797 309 eadem
829 278 928 308 verba
958 277 1073 317 quibus

112 331 217 361 nuper
249 332 327 352 usus
361 321 482 352 fuerat:
523 322 599 353 hinc
638 322 786 352 hortatur
820 325 856 351 ut
888 319 1073 350 custodiant·

110 368 233 395 statuta
256 374 314 394 sua
337 369 368 395 et
390 365 515 402 iudicia,
540 364 598 394 hoc
621 368 679 401 est,
703 364 735 393 in
759 363 883 394 animos
907 373 980 393 suos
1001 362 1072 392 dili-

111 410 226 447 genter
250 412 421 446 reponant:
452 406 567 437 deinde
590 405 741 436 admonet
764 415 917 445 quorsum
942 404 981 435 ad
1006 415 1072 435 ser-

110 449 251 480 vandam
267 449 368 489 legem
383 448 518 479 debeant
537 448 712 484 attendere,
733 458 848 487 nempe
867 452 903 477 ut
920 447 1072 487 operibus

111 497 277 531 praestent
308 502 388 531 quae
416 491 481 522 illie
504 490 593 521 Deus
616 491 725 530 exigit.
770 490 838 520 Nec
863 499 938 520 vero
958 490 1014 521 abs
1037 500 1071 520 re

110 535 145 564 in
174 535 236 565 fine
266 533 395 565 secundi
426 543 538 564 versus
567 533 684 563 iterum
714 533 906 572 pronunciat
936 542 970 563 se
1001 542 1070 563 esse

110 577 283 614 Iehovam,
323 577 397 616 quia
437 586 495 607 nec
532 574 729 615 praefractos
763 575 888 605 animos
922 575 1071 614 subigere

110 619 203 650 facile
227 624 289 654 est,
314 629 373 649 nec
396 629 494 658 vagos
516 618 656 648 retinere
679 618 711 647 in
737 617 798 647 Dei
822 618 945 648 timore.
989 618 1069 648 Pro-

110 662 199 692 ximo
233 672 328 692 versu
363 661 511 692 adiicitur
544 659 725 699 epitheton:
755 659 970 691 Sanctificans
1003 670 1069 696 vos,

111 710 146 735 ut
175 703 406 744 gratitudinem
435 713 523 734 suain
555 702 625 733 Deo
655 702 789 742 probare
820 702 985 740 studeant,
1016 703 1070 742 qui

111 747 267 787 singulari
290 746 455 786 privilegio
478 755 531 775 eos
555 756 571 775 e
595 745 756 775 communi
780 755 915 775 numero
939 746 1068 775 exemit.

196 789 301 820 Levit.
332 788 381 825 22.
412 788 461 818 32.
504 785 546 818 Et
574 797 610 817 110
638 787 792 826 polluatis.
843 788 927 819 Aliis
962 788 1069 818 verbis

110 831 244 863 eandem
269 830 462 862 sententiam
487 830 671 865 confirmat,
703 840 802 869 quum
833 834 922 861 vetat
951 840 1068 860 nomen

110 885 204 905 suum
228 873 343 914 pollui,
367 872 482 912 quibus
506 873 613 903 verbis
636 872 742 903 cultus
766 873 835 903 eius
859 873 897 904 ab
921 872 1069 903 omnibus

110 917 301 956 corruptelis
335 915 505 952 asseritur,
536 921 571 945 ut
601 925 701 954 purus
732 919 763 946 et
793 915 920 955 integer
950 916 1067 955 vigeat.

109 959 232 990 Eodem
273 962 395 999 spectat
434 957 615 997 oppositum
655 957 836 988 membrum
873 957 956 997 quod
993 969 1069 989 mox

110 1002 263 1041 sequitur.
315 1000 528 1031 Sanctificant
559 1001 643 1030 enim
676 1000 738 1031 Dei
773 1011 890 1031 nomen
921 1001 974 1040 qui
1004 1012 1067 1031 non

111 1044 284 1075 deflectunt
307 1054 324 1073 a
347 1049 434 1073 recto
457 1047 488 1073 et
511 1043 637 1073 sincero
659 1043 726 1074 eins
749 1043 847 1074 cultu.
883 1044 989 1082 Atque
1010 1044 1068 1074 hoc

109 1087 220 1118 sedulo
246 1085 419 1116 notandum
445 1090 493 1116 est
512 1096 722 1125 quaecunque
747 1086 894 1116 homines
913 1087 1069 1125 figmenta

109 1130 302 1169 excogitant,
326 1128 456 1158 totidem
481 1138 551 1159 esse
574 1129 713 1159 nominis
733 1128 793 1158 Dei
819 1129 1067 1168 profanationes.

109 1171 328 1210 Quantumvis
351 1172 436 1201 enim
467 1171 527 1201 sibi
558 1171 706 1210 placeant
730 1171 762 1201 in
786 1172 852 1201 suis
876 1172 1067 1202 commentis

107 1213 334 1254 superstitiosi.
367 1218 432 1244 tota
463 1224 573 1244 eorum
604 1214 718 1253 religio
749 1214 926 1253 sacrilegiis
950 1214 1068 1244 referta

106 1262 163 1293 est,
184 1257 297 1296 quibus
312 1256 400 1286 Deus
413 1256 616 1287 sanctitatem
631 1267 721 1287 suam
737 1257 835 1296 pollui
849 1258 1066 1296 conqueritur.

106 1299 254 1329 Notanda
288 1299 382 1329 etiam
418 1304 467 1329 est
502 1304 615 1329 mutua
649 1300 777 1336 relatio,

105 1342 294 1372 sanctificari
320 1341 469 1381 postulat.
494 1342 587 1372 sicuti
612 1343 790 1372 sanctificat.
813 1342 881 1382 ipse
902 1342 1066 1381 populum.

104 1384 192 1415 Nihil
217 1384 301 1414 enim
327 1385 429 1424 magis
453 1383 621 1423 indignum
647 1395 741 1423 quain
762 1386 787 1415 si
801 1384 969 1415 Israelitae
993 1396 1065 1415 011111

104 1426 196 1457 idolis
224 1428 454 1466 permisceant,
484 1428 574 1457 cuius
609 1427 762 1458 beneficio
786 1427 946 1458 excellunt
969 1438 1066 1467 supra

103 1474 222 1509 gentes.
259 1469 399 1500 Perinde
412 1470 497 1499 enim
512 1474 559 1499 est
572 1480 607 1500 ac
627 1470 653 1500 si
674 1476 823 1509 reputare
844 1470 1065 1501 1111101011111110

103 1512 224 1552 egregii
255 1512 334 1549 sint,
365 1518 400 1542 ut
434 1523 511 1542 suae
538 1513 754 1552 praestantiae
789 1514 893 1543 autori
929 1514 1063 1551 gratiam

102 1646 190 1671 turas
214 1640 355 1675 damnat,
379 1640 491 1679 quibus
516 1641 649 1670 vitiatur
673 1641 802 1680 pietatis
826 1640 1005 1681 integritas,
1031 1648 1063 1671 ut

102 1682 187 1714 solus
209 1684 349 1713 emineat
373 1683 549 1722 repudiatis
572 1684 722 1714 omnibus
747 1684 848 1714 idolis.

187 1725 282 1756 Dent.
318 1726 346 1761 4,
384 1727 410 1756 1.
452 1726 493 1756 Et
528 1736 608 1756 nanc
642 1726 753 1757 Israel.
807 1726 1011 1757 Docilitatem
1048 1738 1065 1757 a

102 1768 219 1808 populo
243 1769 387 1808 requirit,
412 1779 449 1798 ex
475 1779 537 1807 qua
562 1768 685 1799 discant
710 1770 779 1799 Deo
802 1770 934 1799 servire.
981 1770 1062 1800 Nam

102 1810 181 1841 bene
205 1817 353 1850 recteque
378 1810 506 1842 vivendi
531 1812 658 1841 initium
684 1818 740 1847 est,
765 1818 875 1842 tenere
898 1812 972 1851 quid
994 1813 1063 1843 Deo

101 1853 213 1892 placet.
249 1853 326 1884 Ideo
350 1854 425 1885 hinc
447 1854 572 1884 orditur
592 1855 708 1892 Moses,
733 1855 808 1884 dum
833 1860 971 1884 attentos
995 1866 1063 1885 esse

101 1895 190 1926 iubet
217 1896 256 1926 ad
288 1897 433 1936 regulam
461 1907 500 1927 ex
529 1897 600 1936 lege
631 1896 811 1936 petendam.
856 1896 984 1927 Deinde
1008 1898 1063 1928 ad-

101 1944 210 1968 monet
228 1944 263 1969 ut
282 1944 348 1970 tota
368 1940 434 1970 vita
453 1939 588 1979 probent
608 1940 666 1969 rite
686 1950 719 1970 se
738 1940 771 1969 in
792 1939 862 1980 lege
882 1941 1061 1979 profecisse.

102 1980 275 2012 Promissio
299 1993 380 2021 quae
403 1982 574 2017 inseritur,
610 1987 736 2012 tantum
761 1993 814 2013 eos
837 1993 893 2022 spe
917 1983 1063 2013 haeredi-

102 2024 176 2054 tatis
210 2024 248 2054 ad
282 2024 414 2055 liberale
446 2025 633 2064 obsequium
668 2026 794 2055 invitat.
846 2025 1060 2065 Praecipuum

103 2071 195 2105 caput
218 2072 274 2105 est,
298 2078 338 2098 ne
362 2068 436 2106 quid
459 2067 580 2098 addant
602 2068 652 2098 vel
673 2067 845 2098 detrahant
863 2079 963 2108 purae
983 2069 1062 2109 legis

103 2107 279 2140 doctrinae:
310 2110 393 2149 quod
423 2111 490 2141 fieri
523 2121 585 2140 non
618 2116 722 2150 potest
752 2111 828 2149 quin
857 2121 891 2141 50
915 2111 1062 2142 homines

104 2150 241 2188 primum
264 2152 411 2183 abdicent
434 2153 562 2193 proprio
585 2164 693 2189 sensu,
718 2152 832 2183 deinde
855 2153 970 2184 alicnis
994 2164 1061 2184 om—

104 2192 196 2224 nibus
218 2197 406 2226 commentis
430 2206 523 2226 aures
546 2196 707 2226 claudant.
752 2196 864 2235 Neque
895 2197 981 2226 enim
1006 2197 1060 2227 alii

104 2244 272 2267 censentur
307 2238 384 2278 legis
419 2238 583 2278 discipuli,
614 2239 675 2269 nisi
708 2239 761 2278 qui
792 2250 830 2269 ex
862 2249 899 2269 ea
932 2245 1059 2270 tantum

103 2277 238 2316 sapiunt.
281 2279 419 2311 Perinde
443 2292 518 2320 ergo
542 2287 588 2311 cst
613 2291 649 2312 ac
672 2282 697 2311 si
722 2282 847 2312 iuberet
872 2282 960 2312 Deus
993 2283 1060 2313 suis

103 2321 280 2359 praeceptis
314 2329 478 2355 contentos
512 2334 595 2354 esse:
632 2324 705 2363 quia
736 2334 798 2354 non
831 2324 924 2354 aliter
956 2325 1058 2365 legem

104 2361 298 2399 custodient,
338 2375 432 2404 quam
465 2367 491 2396 si
526 2377 657 2406 prorsus
691 2367 760 2397 cius
795 2367 959 2397 doctrinae
994 2368 1059 2398 sint

106 2403 232 2434 addicti.
279 2405 368 2438 Unde
398 2409 558 2448 sequitur,
590 2419 644 2439 eos
674 2408 803 2439 demum
828 2410 956 2440 obedire
981 2411 1058 2446 Deo,

106 2446 158 2484 qui
182 2452 305 2477 tantum
328 2449 366 2480 ab
390 2451 457 2481 eius
481 2452 650 2482 autoritate
674 2452 831 2491 pendent:
859 2462 894 2483 ac
919 2453 980 2493 legi
1005 2453 1059 2483 de—

104 2488 187 2518 ferre
210 2500 301 2519 suum
323 2490 473 2523 honorem
497 2495 549 2533 qui
573 2495 653 2524 nihil
675 2506 691 2524 a
715 2495 855 2535 genuino
875 2495 942 2526 eius
962 2506 1058 2526 sensu
1083 2525 1085 2528 ,

105 2537 292 2562 extraneum
322 2533 502 2566 admittunt.
555 2537 698 2576 Insignis
730 2540 832 2573 locus,
861 2548 922 2577 quo
948 2544 1059 2578 aperte

106 2572 277 2603 damnatur
316 2576 467 2616 quidquid
507 2577 672 2609 hominum
714 2581 842 2620 ingenio
883 2581 1057 2621 excogitari

104 2620 209 2654 potest
232 2616 269 2646 ad
294 2617 414 2649 cultum
437 2619 507 2651 Dei.

829 184 1093 216 PRAEFATIO
1117 184 1165 216 IN
1190 186 1362 220 LEGEM.

819 1300 871 1329 ubi
910 1310 942 1329 50
980 1299 1095 1335 Deus,

1091 1550 1093 1556 ,
1120 1516 1190 1546 voci
1215 1516 1283 1546 eius
1313 1518 1508 1549 auscultant.

102 1555 286 1594 rependant.
332 1555 371 1585 In
403 1565 543 1591 summa,
573 1554 841 1594 quemadmodum
873 1567 891 1586 a
922 1555 1065 1594 profanis
1091 1568 1092 1571 ¹

103 1598 255 1637 gentibus
277 1598 349 1628 11105
373 1604 615 1637 segregaverat,
640 1598 684 1628 ita
707 1608 818 1629 omnes
841 1598 957 1637 impias
982 1598 1063 1628 mix-
1091 1595 1092 1621 Ῑ

2029 194 2093 226 214

1213 280 1308 311 Deut.
1332 283 1361 319 5,
1385 283 1435 314 32.
1472 283 1623 315 Custodia
1646 296 1721 325 eiyo.
1757 286 1827 317 Hoc
1846 297 1972 327 quoque
1993 298 2089 319 versu

1125 331 1238 353 rursus
1277 335 1340 355 non
1378 330 1503 357 tantum
1539 327 1686 358 hortatur
1720 329 1873 368 populum
1907 329 1947 360 ad
1981 330 2087 370 legem

1124 364 1390 412 aniplenandam,
1414 368 1468 399 sed
1493 369 1592 400 simul
1615 375 1784 402 contentos
1806 382 1875 403 esse
1897 373 1985 403 iubet
2008 373 2086 404 sim-

1124 406 1291 454 plici-eius
1315 409 1467 442 doctrina.
1515 413 1557 442 Et
1587 418 1673 443 certe
1704 413 1837 444 dimidia
1861 419 1988 446 tantum
2012 426 2087 455 pars

1123 448 1322 497 obedientiae
1335 458 1390 490 est,
1404 458 1557 493 tanquam
1572 460 1697 486 rectum
1714 461 1746 487 et
1765 467 1902 496 acquum
1923 458 2088 498 suscipere

1123 491 1275 540 quidquid
1289 494 1378 525 Deus
1397 497 1562 536 praecipit,
1586 498 1647 528 nisi
1667 498 1798 529 accedat
1820 499 1899 530 haec
1921 501 2087 539 sobrietas,

1124 544 1163 564 ne
1185 535 1261 573 quid
1286 536 1371 567 ultra
1401 539 1461 569 sibi
1492 546 1658 570 accersant
1687 541 1842 573 homines.
1888 542 2002 582 Itaque
2024 544 2087 575 alio

1122 587 1246 623 quoque
1270 578 1336 609 1000
1360 590 1454 619 quem
1479 581 1629 620 adiunxi,
1658 594 1723 614 non
1747 585 1854 615 minus
1877 596 1989 616 severe
2012 597 2087 625 pro·

1123 618 1212 649 hibet
1235 620 1324 651 Deus
1347 633 1386 652 ne
1409 623 1484 662 quid
1509 624 1660 661 addatur,
1692 637 1787 666 quam
1816 638 1855 658 ne
1879 628 1955 668 quid
1979 628 2084 659 detra-

1122 660 1226 693 hatur.
1282 665 1386 704 Atque
1420 666 1498 697 haec
1533 668 1678 706 apprime
1708 668 1880 700 observatu
1911 670 2009 710 digna
2037 676 2087 702 est

1121 706 1282 736 sententia
1305 708 1453 745 quoniam
1479 716 1685 749 praepostera
1703 711 1836 742 lascivia
1855 713 1979 752 rapitur
1999 718 2087 746 totus

1122 746 1186 777 fere
1210 748 1348 779 mundus
1372 750 1410 780 ad
1435 751 1539 782 cultus
1563 753 1707 791 fictitios,
1737 755 1791 794 qui
1815 759 1923 785 tamen
1943 757 2088 795 praecise

1122 799 1185 819 uno
1209 791 1305 821 verbo
1330 791 1541 829 damnantur,
1567 795 1620 825 ubi
1646 796 1734 827 Deus
1757 798 1801 827 ita
1824 798 1913 828 iubet
1935 808 2011 829 suos
2035 809 2087 829 ac-

1121 832 1284 870 quiescere
1319 835 1440 873 positae
1475 836 1552 876 legi,
1589 848 1627 868 ne
1656 839 1804 870 iustiores
1832 851 1901 871 esse
1931 846 2087 880 appetant

1121 885 1216 913 quam
1246 876 1312 906 illic
1343 877 1505 909 docentur.
1559 879 1680 911 Similis
1711 886 1759 912 est
1787 882 1874 913 locus
1905 883 2002 914 Deut.
2035 884 2085 915 12.

1121 928 1216 948 versu
1231 918 1359 949 ultimo:
1381 920 1436 951 sed
1456 923 1531 960 quia
1550 933 1696 954 annexus
1715 929 1763 955 est
1781 926 1927 964 propriae
1946 926 2085 957 circum-

1120 960 1269 998 stantiae,
1294 966 1326 991 et
1348 973 1387 993 ex
1411 965 1574 1003 superiore
1593 967 1753 997 sententia.
1771 968 1896 1006 pendet,
1915 968 1980 999 illic
1999 979 2084 1000 eom-

1120 1003 1246 1034 modius
1269 1010 1450 1043 reponetur.
1486 1007 1629 1037 Tandem
1654 1009 1789 1047 subiicit,
1814 1021 1878 1041 non
1901 1011 1994 1041 aliter
2017 1011 2083 1052 legi

1119 1046 1355 1083 satisfacturos,
1387 1059 1481 1087 quam
1513 1050 1538 1079 si
1570 1050 1655 1081 intra
1683 1058 1786 1082 metas
1818 1063 1851 1083 se
1880 1054 2083 1085 contineant:

1121 1094 1161 1124 et,
1186 1099 1247 1127 quo
1272 1090 1333 1119 sint
1358 1092 1462 1130 magis
1482 1092 1636 1131 proclives
1659 1094 1698 1124 ad
1722 1095 1908 1134 parendum,
1933 1096 2085 1128 adiuncta

1120 1132 1332 1170 promissione
1356 1133 1472 1164 blande
1495 1146 1547 1165 eos
1566 1135 1674 1166 allicit.

1206 1174 1301 1205 Dent.
1336 1176 1383 1213 13,
1416 1176 1463 1207 18.
1508 1178 1586 1216 Quia
1615 1179 1732 1209 audies.
1779 1179 1973 1219 Quanquam
2002 1181 2083 1212 haec

1121 1217 1282 1247 sent-entia
1304 1218 1432 1248 aliunde
1457 1220 1586 1258 pendet,
1618 1221 1667 1261 (ut
1691 1221 1764 1252 licet
1789 1223 1896 1253 videre
1920 1234 1977 1254 suo
2001 1222 2083 1266 1000)

1122 1260 1283 1298 generalis
1318 1265 1425 1291 tamen
1456 1268 1519 1297 est,
1551 1268 1582 1293 ct
1612 1264 1796 1294 extenditur
1818 1265 1857 1295 ad
1881 1267 1978 1297 totius
2003 1266 2082 1307 legis

1121 1302 1444 1334 commendationem.
1490 1305 1598 1336 Primo
1629 1312 1733 1336 autem
1764 1306 1855 1338 docet
1878 1309 2002 1345 Moses,
2032 1319 2082 1340 re-

1093 1342 1095 1369 ἶ
1120 1344 1229 1383 gulam
1250 1346 1299 1384 pie
1320 1346 1448 1376 vivendi
1468 1358 1507 1377 ex
1528 1358 1581 1378 ore
1596 1348 1654 1379 Dei
1674 1349 1843 1388 petendam
1864 1361 1947 1381 esse:
1968 1351 2083 1382 deinde

1093 1393 1094 1430 l
1121 1387 1267 1427 adiungit
1291 1389 1469 1427 parendum
1494 1401 1562 1421 esse.
1586 1403 1648 1421 nou
1674 1402 1713 1421 ex
1738 1397 1844 1431 parte,
1869 1393 1923 1423 sed
1948 1394 1980 1423 in
2006 1394 2081 1425 soli-

1121 1430 1206 1460 dum.
1261 1431 1439 1462 Contirniat
1470 1433 1566 1463 etiam
1597 1434 1680 1473 quod
1715 1434 1753 1465 dc
1787 1435 1970 1467 obedientia
2004 1436 2082 1473 dixi,

1120 1472 1193 1511 quia
1229 1483 1292 1503 non
1326 1475 1418 1505 aliter
1449 1475 1574 1514 placent
1607 1477 1752 1507 homines
1784 1478 1867 1516 Deo,
1898 1488 1995 1518 quam
2025 1479 2081 1510 ubi

1554 1519 1654 1549 Porro
1686 1520 1826 1550 notanda
1853 1524 1902 1551 est
1927 1521 2082 1561 loquutio,

1120 1557 1171 1588 ubi
1208 1559 1315 1589 Moses
1349 1560 1408 1590 sibi
1443 1566 1550 1600 partes
1582 1562 1720 1592 ministri
1750 1562 1911 1593 duntaxat
1940 1574 2082 1603 sumens,

1119 1600 1176 1630 soli
1203 1600 1271 1632 Deo
1297 1608 1487 1641 potestatem
1512 1604 1668 1635 vendicat.
1711 1605 1797 1635 Dicit
1820 1606 1906 1636 enim
1930 1617 1963 1637 se
1987 1617 2081 1647 prae-

1118 1644 1231 1683 cipere,
1252 1645 1306 1675 sed
1327 1645 1445 1676 diserte
1465 1647 1583 1686 excipit
1598 1647 1655 1677 Dei
1676 1657 1743 1678 esse
1764 1658 1970 1688 quaecunque
1989 1650 2085 1680 affert

1118 1692 1296 1726 praecepta.

1418 1858 1479 1889 EX
1504 1858 1696 1889 DEUTER.
1722 1859 1780 1889 IV.

1201 1942 1228 1972 5.
1262 1943 1371 1979 Videte,
1390 1944 1479 1975 docui
1497 1954 1550 1974 1105
1567 1946 1679 1974 statuta
1698 1946 1723 1974 et
1742 1944 1866 1981 iudicia,
1885 1944 1963 1975 sicut
1980 1955 2075 1983 prae-

1115 1985 1191 2023 cepit
1213 1985 1290 2015 mila*
1304 1986 1415 2017 Ielaova
1434 1986 1521 2017 Deus
1541 1996 1634 2021 meu&
1657 1989 1691 2016 ut
1711 1986 1755 2017 sic
1776 1986 1904 2025 faciatis
1920 1987 1954 2018 <in
1977 1988 2076 2019 medio

1114 2029 1228 2065 terrae,
1260 2029 1300 2059 (td
1328 2040 1419 2068 qnam
1442 2040 1494 2060 vos
1517 2029 1715 2068 inm-eclimz'mt
1738 2031 1770 2059 ut
1789 2029 1975 2067 possideatis
1997 2040 2074 2061 eam.

1115 2070 1143 2100 6.
1169 2070 1351 2102 Cnstodietis
1371 2073 1478 2110 ilaqm,
1498 2075 1524 2101 et
1540 2072 1678 2110 fecistis:
1697 2071 1771 2110 quia
1783 2071 1855 2101 11000
1866 2074 1909 2101 est
1920 2073 2075 2110 sapientia

1114 2116 1214 2143 vestra
1237 2116 1263 2144 et
1286 2114 1485 2153 intelligentia
1507 2117 1605 2144 vestra
1628 2124 1730 2144 coram
1754 2114 1895 2152 polmlz's:
1924 2115 1979 2153 qui
2000 2115 2074 2145 dum

1114 2156 1271 2186 (remearint
1299 2158 1402 2187 011111ίο
1431 2159 1546 2187 statuta
1574 2156 1659 2194 11000,
1689 2157 1800 2187 dicent:
1831 2155 1914 2187 Certe
1937 2157 2074 2196 populus

1112 2198 1161 2228 Mc
1177 2199 1301 2237 sapiens
1314 2202 1339 2229 et
1357 2200 1528 2239 intellimus
1546 2202 1587 2229 est
1604 2209 1677 2238 90115
1694 2198 1765 2229 llaec
1783 2209 1904 2237 wwyua.
1940 2199 1966 2230 7.
1990 2200 2075 2238 Quae

1112 2242 1191 2271 euim
1213 2252 1288 2280 00113
1310 2245 1373 2272 tam
1396 2252 1507 2281 magma
1528 2244 1572 2272 est
1593 2242 1643 2272 cni
1673 2242 1716 2271 sic
1746 2242 1992 2280 appropinquent
2013 2242 2072 2279 dii,

1111 2284 1190 2314 sicat
1214 2284 1326 2315 107»an
1348 2284 1436 2316 Dens
1459 2288 1558 2315 noster
1580 2285 1612 2314 'in
1641 2283 1867 2322 qzcibusczmque
1895 2284 2074 2316 invocamus

1084 2342 1086 2360 g
1112 2327 1205 2356 mun?
1251 2327 1279 2357 8.
1305 2327 1346 2357 Et
1369 2338 1446 2365 qnae
1466 2338 1540 2367 90115
1562 2329 1604 2357 cst
1625 2329 1686 2356 lam
1709 2336 1821 2365 magma
1849 2326 1899 2356 cui
1924 2327 1986 2356 sint
2008 2330 2071 2358 sta-

1111 2371 1175 2399 tuta
1212 2372 1238 2399 et
1268 2370 1386 2400 1111710111
1422 2370 1516 2403 rasta,
1551 2370 1629 2399 sicut
1656 2371 1698 2399 est
1730 2369 1875 2399 universa
1910 2368 1982 2400 leaeo
2011 2369 2070 2407 leat,

1111 2422 1205 2450 quam
1225 2423 1275 2451 eye
1292 2423 1430 2451 propono
1453 2412 1539 2443 110ιῖἱο
1556 2421 1656 2442 coram
1677 2412 1774 2442 oculis
1791 2410 1925 2441 vestris?
1958 2411 1984 2442 9.
2013 2412 2070 2442 Ve-

1110 2457 1283 2485 rumtamen
1306 2465 1377 2486 00111
1400 2455 1461 2489 tibi,
1486 2457 1512 2484 et
1534 2454 1650 2485 custodi
1672 2455 1810 2483 animam
1831 2455 1917 2483 tuam
1935 2454 2070 2492 sollicite,

1110 2507 1147 2526 ne
1176 2497 1368 2528 obliviscaris
1396 2507 1500 2527 rerum
1530 2506 1608 2535 (sarrs
1637 2496 1775 2526 viderunt
1802 2495 1882 2525 oculi
1908 2497 1967 2533 tmss,
1998 2507 2070 2527 neve

1110 2539 1249 2570 recedant
1268 2551 1282 2569 e
1302 2540 1389 2570 eorde
1408 2543 1457 2569 tao
1475 2540 1590 2569 cunetis
1607 2538 1712 2568 (11111115
1729 2539 1809 2568 vitae
1826 2541 1904 2575 tuae,
1923 2541 1949 2569 et
1961 2539 2070 2570 doceas

1110 2592 1143 2612 00
1165 2582 1246 2620 filios
1267 2585 1334 2613 tuos
1356 2586 1381 2611 el
1401 2582 1482 2620 filios
1502 2582 1638 2618 filiormn
1664 2584 1793 2611 tuorum.
1842 2580 1889 2611 10.
1921 2580 1983 2611 Die
2010 2592 2072 2620 quo

1109 2625 1219 2655 stetisti
1239 2635 1339 2656 comm
1364 2625 1474 2655 lemma
1497 2624 1562 2655 Deo
1584 2626 1633 2653 tuo
1656 2624 1689 2654 in.
1710 2623 1818 2659 Horeb,
1842 2633 1936 2662 quum
1958 2624 2073 2656 diceret

1813 2672 1861 2698 14*
