2304 3034
166 197 228 229 463

169 291 283 323 cubitis
303 300 356 320 eos
368 286 621 326 circumscripsit
635 285 753 322 Moses,
777 295 864 315 nunc
876 283 1006 315 modum
1027 290 1133 316 osten-

170 334 243 365 dere
275 330 501 366 dimensionis,
534 339 594 368 quo
624 328 698 359 lites
729 338 841 358 omnes
872 326 1021 364 dirimat,
1052 338 1132 367 quae

169 375 292 407 moveri
316 378 463 414 poterant
487 382 505 402 a
528 371 684 402 finitimis.
731 370 828 401 Certe
851 380 951 409 quum
974 369 1059 401 idem
1083 370 1131 401 bis

169 422 307 458 repetat,
330 415 486 456 posterior
509 424 624 444 versus
648 418 776 444 tantum
808 413 925 452 prioris
960 413 1131 452 explicatio

168 466 224 491 est.
262 457 445 490 Absurdum
464 457 573 496 itaque
592 460 685 493 esset,
710 461 878 495 postquam
899 455 985 486 mille
1009 456 1132 487 cubitos

167 502 288 543 posuit,
321 501 430 532 statim
462 499 626 539 duplicare
656 509 837 529 numerum.
891 497 1024 538 Optime
1056 509 1130 529 vero

167 544 353 577 conveniet.
383 543 616 574 dimensionem
648 541 732 572 hanc
757 541 841 572 sumi
864 551 921 581 per
952 541 1130 572 circuitum.

167 588 250 619 Nam
275 587 300 618 si
325 586 421 617 ducas
444 584 617 620 circulum,
642 589 673 614 et
696 594 714 614 a
737 588 848 615 centro
879 583 999 614 lineam
1024 583 1132 615 trahas

168 630 206 661 ad
220 629 520 665 circumferentiam,
542 628 638 658 totius
657 626 936 658 circumferentiae
955 626 995 657 ad
1014 626 1132 657 lineam

167 673 255 704 illam
281 672 414 711 decupla
437 671 499 701 crit
522 670 626 710 portio
651 669 702 700 vel
725 670 867 701 circiter:
892 680 978 700 nunc
997 670 1024 700 si
1048 679 1132 700 com-

166 726 259 756 pares
283 720 430 755 quartam
462 718 586 753 partem
614 712 718 743 lineae
747 712 913 743 circularis
946 723 1019 743 cum
1046 716 1134 743 recta

166 758 223 789 illa
246 758 331 788 linea
350 768 430 797 quae
450 756 488 787 ad
508 760 656 787 centrum
677 755 789 792 tendit,
809 755 1022 794 sesquialtera
1043 760 1132 794 parte

168 802 229 832 erit
253 802 361 832 maior.
407 799 502 838 Quod
527 799 553 830 si
586 798 657 829 urbi
689 798 852 838 relinquas
882 797 969 828 mille
999 797 1132 835 cubitos,

169 845 216 875 bis
236 843 323 874 mille
343 842 440 874 cubiti
460 842 492 872 in
506 841 674 881 quaternis
688 841 833 880 partibus
845 840 1132 884 circumferentiae,

166 886 407 927 respondebunt
426 884 513 915 mille
531 884 648 916 cubitis
672 885 710 916 ab
736 883 813 914 urbe
837 883 876 914 ad
901 883 1045 923 singulos
1069 888 1133 914 ter·

167 930 271 961 minos
296 939 417 959 versus.
464 927 606 964 Deinde,
631 937 688 967 pro
712 926 883 966 aequitatis
907 926 1018 966 regula
1042 936 1132 966 prae-

168 972 336 1005 scribitur.
361 975 395 1001 ut
420 971 524 1001 minor
548 970 598 1000 vel
622 971 726 1000 maior
750 979 905 1000 numerus
929 969 1057 1000 urbium
1081 980 1133 1000 su-

167 1021 274 1046 matur
308 1013 485 1045 seeuudum
521 1012 770 1052 amplitudinem
812 1012 943 1043 ditionis
976 1012 1133 1051 cuiusque

167 1058 277 1088 tribus.
323 1057 407 1087 Nam
432 1056 526 1087 sicuti
557 1057 590 1086 in
622 1065 720 1086 censu
755 1066 791 1086 ac
821 1055 942 1086 tributo
970 1059 1133 1094 spectatur

167 1101 320 1140 cuiusque
344 1099 488 1135 facultas,
512 1100 558 1129 ita
581 1103 707 1129 rectum
727 1098 785 1129 fuit
804 1098 907 1129 tribus
926 1097 1072 1138 singulas
1091 1108 1132 1128 ex

167 1154 223 1174 sua
248 1143 339 1183 eopia
362 1141 520 1181 aequabili
545 1141 640 1172 modo
663 1141 821 1172 conferre.
857 1140 951 1179 Quod
975 1139 1015 1171 ad
1039 1140 1132 1171 urbes

166 1186 300 1226 refugii,
333 1185 477 1225 pluribus
510 1194 595 1215 nunc
619 1195 780 1224 exponere
809 1182 1002 1224 supersedeo
1030 1183 1133 1223 qualis

167 1239 276 1259 earum
301 1228 440 1259 conditio
464 1228 574 1264 fuerit,
598 1227 673 1267 quia
697 1227 840 1266 pertinet
863 1237 899 1257 ea
924 1236 975 1257 res
998 1225 1038 1257 ad
1062 1237 1133 1257 sex-

166 1278 236 1302 tum
249 1276 474 1311 praeceptum:
495 1270 600 1302 solum
614 1270 832 1307 observemus,
853 1269 987 1300 miseros
1006 1269 1133 1300 exsules

166 1314 239 1345 fidei
265 1314 460 1345 Levitarum
485 1313 674 1344 commissos
698 1324 777 1350 esse,
803 1324 862 1353 quo
886 1312 1027 1343 sanctior
1050 1316 1134 1343 esset

166 1356 320 1388 custodia.
356 1356 482 1388 Deinde
503 1355 668 1396 probabile
687 1355 756 1392 fuit,
781 1356 835 1395 qui
859 1365 1023 1386 sacrorum
1043 1358 1135 1386 erant

166 1400 340 1438 antistites,
370 1410 424 1430 eos
454 1399 520 1430 fore
547 1399 663 1439 probos
695 1398 815 1429 iudices
846 1408 882 1429 ac
912 1398 1069 1429 sinceros:
1101 1403 1136 1428 ut

166 1454 230 1474 non
255 1443 423 1474 ambitiose
447 1452 505 1473 nec
528 1442 643 1472 leviter
667 1442 798 1481 quosvis
823 1441 1048 1478 admitterent,
1080 1440 1135 1471 sed

166 1496 263 1518 causa
286 1485 367 1517 bene
391 1489 568 1525 perspecta,
593 1489 721 1515 tantum
744 1485 890 1515 insontes
914 1488 1093 1514 tuerentur.

445 1656 510 1687 EX
534 1655 706 1687 NUMER.
731 1655 862 1686 XVIII.

256 1743 283 1773 1.
308 1742 351 1773 Et
368 1742 451 1773 dicit
470 1742 583 1773 Ielzova
602 1742 643 1772 ad
662 1741 809 1772 Aliarou:
836 1741 884 1772 Tu
907 1743 934 1772 et
954 1741 1016 1779 filii
1037 1741 1091 1778 tui,
1111 1743 1138 1771 et

169 1787 278 1818 domus
299 1786 402 1826 patris
424 1786 471 1815 tui
499 1788 611 1821 tecum,
637 1784 805 1823 portabitis
835 1784 1029 1824 iniquitatem
1051 1793 1138 1815 sauc-

170 1829 284 1860 tuarii:
319 1832 351 1859 tu
375 1838 491 1867 quoque
512 1831 538 1858 et
559 1828 622 1866 filii
645 1828 691 1858 tui
714 1830 809 1858 tecum
835 1827 1000 1866 portabitis
1023 1827 1138 1866 iniqui-

170 1875 259 1902 tatem
282 1871 443 1903 sacerdotii
467 1871 569 1901 vestri.
615 1870 644 1901 2.
669 1869 711 1901 Et
733 1871 825 1901 etiam
846 1870 961 1909 fratres
985 1873 1061 1907 tuos,
1084 1869 1137 1900 tri-

170 1915 240 1945 bum
264 1914 352 1949 Levi,
384 1914 496 1944 tribum
520 1913 628 1952 patris
651 1914 712 1950 tui,
741 1913 881 1944 accedere
908 1912 960 1952 fac
982 1913 1024 1944 ad
1045 1915 1086 1948 te,
1111 1914 1137 1942 et

170 1958 357 1989 adhaereant
378 1956 449 1992 tibi,
471 1957 705 1995 ministr-eatque
733 1956 805 1986 tibi:
835 1959 867 1987 tu
896 1958 996 1986 autem
1025 1958 1051 1986 et
1075 1954 1137 1994 filii

170 2002 216 2031 tui
238 2004 334 2031 tecum
356 1999 478 2030 stabitis
500 2009 603 2030 coram
626 1999 817 2030 tabernaculo
839 1999 1012 2029 testimonii.
1046 1998 1074 2029 3.
1095 1997 1138 2028 Et

171 2043 339 2074 custodient
360 2042 530 2073 custodiam
552 2045 653 2078 tuam,
684 2045 710 2073 ct
732 2042 904 2073 custodiam
926 2042 1019 2072 totius
1042 2040 1136 2071 taber-

174 2086 296 2117 naculi:
319 2088 527 2116 verumtamen
545 2085 587 2115 ad
609 2096 685 2116 vasa
709 2085 899 2121 sanctitatis,
923 2087 949 2115 et
978 2084 1018 2114 ad
1041 2083 1139 2114 altare

172 2139 231 2159 non
253 2129 398 2166 accedent,
422 2139 457 2159 nc
479 2128 654 2158 vzoriantur
675 2130 740 2158 tam
760 2128 822 2167 ipsi
840 2137 933 2167 quam
952 2137 1011 2158 vos.
1048 2127 1076 2157 4.
1096 2123 1139 2156 Et
1164 2129 1165 2140 ¹

171 2171 377 2202 adhaerebunt
408 2170 477 2207 tibi,
509 2173 535 2201 et
566 2171 735 2201 custodient
757 2170 930 2201 custodiam
952 2169 1138 2200 tabernaculi

170 2214 375 2245 conventionis
405 2214 446 2244 ad
475 2224 591 2244 onmem
621 2213 736 2244 cultum
761 2212 962 2244 tabernaculi:
996 2215 1138 2243 aeternus

172 2260 272 2287 autem
297 2267 354 2287 non
386 2257 499 2287 accedet
530 2256 570 2287 ad
593 2266 651 2286 vas.
699 2256 726 2286 ἴ).

171 2300 303 2330 stodiam
331 2300 504 2330 sanctuarii
514 2325 519 2331 .
553 2310 588 2329 ne
617 2299 658 2329 sit
682 2299 808 2338 posthac
836 2298 1007 2337 indiynatio
1036 2299 1138 2328 contra

169 2342 253 2380 filius
267 2342 377 2373 val.
413 2344 441 2373 ⁴13.
467 2342 534 2381 Eyso
552 2343 635 2372 enim
654 2353 722 2377 rece,
747 2342 866 2380 sumpsi
887 2341 1001 2380 fratres
1026 2342 1138 2371 vestros
1164 2370 1165 2376 ,

1164 2392 1165 2402 ¹
1191 2382 1347 2411 conciliet.

176 2385 297 2416 [recitas
320 2396 333 2415 c
364 2386 461 2415 medio
490 2385 627 2423 filiorum
654 2384 754 2415 Israel
784 2385 866 2415 cobis
899 2384 1012 2414 donum
1042 2383 1137 2419 (latos,

173 2428 299 2459 [elan-m
319 2430 350 2458 ul
369 2429 541 2459 ›nini-strant
562 2427 592 2457 in
615 2428 697 2458 cultu
716 2427 907 2458 tabernaculi
926 2425 1136 2458 conventionis.
1164 2455 1165 2458 ,

179 2482 200 2500 i.
233 2471 276 2501 'l'u
300 2474 399 2501 «cutem
424 2474 451 2501 ct
471 2471 532 2508 filii
555 2471 601 2500 tui
625 2474 719 2501 {mum
743 2470 917 2501 custodietis
935 2468 1138 2499 sacerdotium

172 2516 302 2544 restrum
329 2515 357 2544 iu
382 2514 462 2544 omni
487 2514 605 2543 ratione
628 2514 753 2548 altaris,
784 2516 810 2543 ct
833 2513 914 2543 intra
939 2512 1038 2542 velum
1058 2521 1138 2540 arse-

172 2557 310 2595 qucmini
345 2557 566 2587 mim'slerium:
600 2567 714 2587 nzuaus
747 2556 817 2587 dccli
851 2554 1013 2585 sacerdotii
1048 2553 1137 2590 vobis,

175 2600 273 2637 ztaw·
297 2602 462 2629 efferamus
486 2600 539 2638 ‘sui
563 2599 678 2630 nocais!
702 2599 855 2629 morietur.

861 190 1115 225 SECUNDUM
1138 189 1458 223 PRAECEPTUM.

760 2256 942 2287 Custodietis
971 2255 1067 2294 iyilur
1090 2264 1138 2284 cu-
1164 2254 1165 2301 j

2093 188 2159 220 464

1443 283 1507 315 EX
1531 283 1693 315 EODEM
1719 282 1895 314 CAPITE.

1269 370 1319 401 22.
1347 369 1452 409 Neque
1473 369 1613 400 accedent
1629 368 1760 406 posthac
1780 367 1842 406 filii
1866 367 1970 399 Israel
1993 369 2034 400 ad
2055 370 2154 401 taber-

1184 413 1327 444 naculum
1355 412 1572 448 conventionis,
1606 414 1637 441 ut
1659 413 1780 449 portent
1808 411 2000 450 iniquitatem
2028 412 2069 442 ad
2090 423 2152 443 mo-

1183 456 1333 487 riendum.
1380 456 1429 486 23.
1459 454 1518 486 Sed
1541 454 1603 494 ipsi
1627 453 1753 484 Levitae
1779 453 1894 492 facient
1915 464 1992 493 opus
2014 454 2151 486 taberna-

1183 499 1246 530 culi
1268 499 1488 534 conventionis,
1513 500 1539 528 ct
1561 497 1626 536 ipsi
1642 495 1810 535 portabant
1837 496 2031 535 iniquitatem
2059 507 2152 529 suam

1184 543 1294 573 statuto
1310 543 1459 580 perpetuo
1477 551 1534 579 per
1554 540 1764 579 ycneratioues
1785 541 1911 570 vestras.

1272 627 1298 657 1.
1323 626 1367 657 Et
1388 627 1468 657 dicit
1492 625 1605 656 Icliova
1626 625 1667 655 ad
1690 624 1828 662 Aharon,
1855 624 1903 655 Tu
1926 626 1952 656 ct
1972 625 2043 664 filii.
2078 624 2150 657 Hae

1185 669 1398 701 obtestatione
1430 669 1518 699 Deus
1547 667 1730 698 sacerdotes
1763 667 1925 705 stimulat,
1961 671 1997 699 ut
2026 678 2153 699 summa

1185 712 1248 744 fide
1277 718 1308 743 et
1338 712 1444 743 studio
1474 711 1506 742 in
1535 711 1675 742 officium
1707 710 1905 741 incumbant.
1950 710 2152 742 Pronunciat

1185 756 1287 793 enim,
1316 755 1342 786 si
1372 754 1449 795 quid
1479 764 1571 785 secus
1598 752 1775 784 admissum
1800 753 1898 784 fuerit
1920 763 2014 793 quam
2038 753 2152 794 religio

1185 798 1333 838 postulet,
1354 798 1440 838 ipsos
1459 797 1525 827 fore
1546 807 1625 827 reos.
1662 796 1826 827 Dicuntur
1845 796 1932 827 enim
1945 795 2151 836 iniquitatem

1185 840 1362 873 sanctuarii
1386 844 1514 880 portare
1538 839 1593 879 qui
1617 838 1745 879 culpam
1771 844 1802 869 et
1831 849 1968 878 poenam
2002 838 2152 878 pollutio-

1185 894 1263 914 num
1303 883 1414 914 omniu
1429 893 1449 913 n
1489 882 1659 913 sustinent.
1717 880 1950 912 Sanctuarium
1990 882 2028 913 ab
2063 881 2151 913 omni

1185 927 1312 957 macula
1335 932 1366 957 ct
1390 926 1466 957 vitio
1490 936 1605 965 purum
1629 925 1752 955 servari
1772 924 1899 955 volebat
1923 925 2022 962 Deus,
2046 935 2151 956 sacer-

1186 969 1264 1000 dotii
1288 979 1412 1009 quoquc
1437 967 1578 1008 dignitas
1602 972 1687 998 caste
1712 973 1743 998 et
1766 977 1845 1007 pure
1875 967 2046 998 retinenda
2071 971 2149 998 erat.

1185 1011 1278 1043 Onus
1298 1022 1374 1052 ergo
1393 1022 1491 1052 grave
1512 1010 1700 1050 impositum
1720 1010 1779 1041 fuit
1797 1010 2028 1047 sacerdotibus,
2051 1020 2152 1050 quum

1185 1066 1223 1086 ea.
1244 1055 1315 1095 lege
1339 1054 1493 1094 praefecti
1512 1058 1589 1084 sunt
1607 1063 1771 1084 sacrorum
1792 1053 1949 1090 custodes,
1974 1058 2010 1084 ut
2029 1053 2057 1084 si
2076 1052 2153 1093 quid

1184 1108 1354 1138 perperam
1379 1101 1487 1128 actum
1510 1101 1610 1133 esset,
1635 1106 1757 1136 poenae
1780 1100 1888 1127 essent
1911 1095 2058 1133 obnoxii,
2078 1095 2154 1135 quia

1186 1140 1347 1171 residebat
1376 1140 1410 1170 in
1441 1140 1518 1179 ipsis
1547 1139 1655 1179 culpa:
1692 1138 1825 1178 perinde
1856 1149 1892 1170 ac
1922 1139 1948 1170 si
1980 1139 2070 1170 Deus
2100 1138 2152 1169 vel

1186 1184 1286 1215 solam
1300 1182 1530 1223 negligentiam
1551 1182 1712 1222 sacrilegii
1732 1182 1836 1212 instar
1855 1182 1921 1213 fore
1941 1181 2069 1213 diceret.
2100 1181 2152 1212 Ita

1186 1227 1319 1257 minime
1354 1225 1533 1257 invidiosus
1568 1235 1637 1255 esse
1672 1224 1782 1255 debuit
1819 1224 1923 1255 honor
1957 1234 2030 1255 cum
2060 1228 2152 1256 tanta

1187 1269 1375 1300 difficultate
1406 1273 1438 1299 et
1467 1268 1608 1307 periculo
1638 1268 1838 1299 coniunctus.
1886 1267 2061 1299 Caeterum
2090 1267 2150 1299 hoe

1187 1312 1281 1343 modo
1306 1311 1474 1342 admonuit
1499 1310 1604 1348 Deus,
1635 1311 1717 1341 ritus
1746 1310 1866 1351 legales
1890 1321 1954 1342 non
1977 1310 2060 1341 levis
2083 1319 2151 1341 mo-

1188 1354 1288 1386 menti
1312 1364 1397 1391 esse,
1428 1364 1526 1393 quum
1558 1360 1621 1384 tam
1646 1364 1779 1385 severus
1802 1358 1886 1384 esset
1909 1353 2055 1384 omnium
2079 1363 2152 1393 pro-

1188 1397 1389 1429 fanationum
1414 1397 1508 1427 ultor.
1555 1396 1641 1428 Hinc
1676 1397 1762 1427 enim
1792 1396 1899 1436 colligi
1920 1395 2014 1427 facile
2037 1395 2152 1436 potuit,

1189 1440 1307 1480 aliquid
1329 1440 1422 1480 longe
1441 1439 1663 1475 excellentius,
1684 1444 1716 1470 et
1734 1439 1865 1470 omnino
1885 1438 2020 1470 coeleste
2040 1439 2073 1469 in
2088 1437 2153 1469 illis

1190 1483 1328 1514 terrenis
1351 1482 1518 1513 elementis
1537 1482 1755 1522 quaerendum
1776 1492 1854 1513 esse.
1889 1481 1961 1513 Hoc
1980 1481 2077 1512 etiam
2096 1491 2153 1521 per

1190 1536 1358 1566 anagogen
1383 1530 1463 1556 tecte
1488 1524 1682 1556 transfertur
1706 1525 1745 1556 ad
1769 1535 1880 1556 omnes
1897 1528 2058 1565 pastores:
2082 1524 2153 1564 qui-

1190 1568 1249 1600 bus
1262 1568 1383 1599 crimen
1397 1568 1511 1598 merito
1526 1567 1713 1607 imputatur,
1735 1568 1762 1598 si
1783 1568 1896 1599 vitiata
1914 1567 2012 1599 fuerit
2029 1566 2153 1607 religio,

1191 1616 1222 1643 et
1245 1611 1351 1643 cultus
1378 1610 1440 1641 Dei
1463 1611 1633 1648 sanctitas,
1663 1611 1689 1641 si
1714 1610 1837 1651 puritas
1867 1610 2033 1642 doctrinae
2056 1609 2155 1641 fuerit

1190 1662 1355 1693 corrupta,
1387 1653 1414 1684 si
1437 1664 1550 1684 eversa
1573 1653 1684 1693 populi
1713 1654 1815 1684 salus:
1845 1664 1981 1693 quorum
2009 1652 2154 1684 omnium

1190 1707 1267 1728 cura
1289 1696 1353 1727 illis
1375 1696 1522 1727 iniuncta
1546 1700 1601 1726 est.

1275 1740 1303 1770 2.
1338 1738 1381 1770 Et
1413 1739 1504 1770 etiam
1531 1739 1648 1777 fratres
1681 1741 1755 1770 tuos.
1820 1739 1883 1771 Hic
1918 1749 1992 1770 suas
2026 1737 2155 1770 Levitis

1189 1786 1297 1822 partes
1315 1782 1471 1818 attribuit,
1492 1788 1526 1812 ut
1545 1782 1731 1812 ministrent
1753 1782 1813 1821 ipsi
1833 1792 1967 1822 quoque,
1988 1780 2045 1812 sed
2062 1780 2156 1821 quasi

1189 1825 1249 1857 sub
1272 1835 1370 1856 manu
1395 1824 1616 1856 sacerdotum:
1642 1835 1757 1865 nempe
1782 1830 1814 1855 ut
1839 1835 1950 1856 eorum
1975 1823 2156 1865 praeceptis

1189 1872 1354 1908 regantur.
1400 1867 1450 1898 Ita
1473 1868 1629 1898 autoritas
1654 1878 1751 1906 penes
1775 1867 1956 1899 sacerdotes
1980 1872 2065 1905 erat,
2090 1866 2155 1897 Le-

1189 1912 1275 1942 vitae
1306 1916 1416 1941 autem
1447 1910 1509 1941 illis
1539 1920 1668 1949 operam
1697 1921 1788 1941 suam
1819 1910 2036 1950 praestabant.
2082 1909 2154 1941 Hac

1190 1954 1314 1984 ratione
1338 1953 1550 1992 probibentur
1574 1952 1612 1982 ab
1632 1964 1762 1984 accessu
1783 1953 1903 1990 altaris,
1927 1958 1958 1984 et
1978 1951 2157 1984 sanctuarii

1190 1997 1320 2027 maioris
1343 1996 1506 2035 ingressu:
1531 1995 1669 2035 denique
1693 1995 1827 2026 inferior
1850 1996 1914 2027 illis
1933 1995 2053 2036 gradus
2077 1994 2156 2026 assi-

1190 2044 1317 2080 gnatur,
1341 2044 1373 2069 et
1394 2037 1518 2069 medius
1542 2038 1626 2068 inter
1649 2038 1830 2070 sacerdotes
1854 2044 1885 2069 et
1904 2038 2068 2078 populum.
2104 2037 2157 2068 Ex

1190 2093 1252 2122 quo
1277 2081 1442 2112 discebant
1465 2091 1577 2112 omnes
1597 2091 1691 2120 quam
1714 2086 1902 2112 reverenter
1920 2079 2054 2112 colenda
2073 2083 2157 2111 esset

1192 2125 1252 2156 Dei
1277 2125 1434 2155 maiestas.
1483 2123 1555 2154 Etsi
1583 2124 1669 2154 enim
1701 2129 1803 2155 totum
1835 2124 1991 2165 populum
2023 2122 2157 2162 adopta-

1191 2172 1282 2198 verat
1307 2166 1410 2203 Deus,
1435 2166 1513 2197 adeo
1537 2174 1645 2197 tamen
1671 2166 1718 2197 fas
1742 2178 1804 2197 non
1830 2171 1897 2197 erat
1921 2165 2118 2206 quibuslibet
2140 2175 2157 2196 e

1191 2211 1288 2250 vulgo
1313 2209 1352 2240 ad
1377 2209 1477 2240 altare
1501 2215 1688 2248 penetrare,
1712 2216 1746 2240 ut
1770 2209 1845 2240 inde
1869 2209 1921 2240 lex
1945 2213 2068 2240 arceret
2092 2208 2156 2239 Le-

1192 2254 1288 2290 vitas‚
1323 2253 1376 2292 qui
1410 2258 1519 2282 tamen
1555 2252 1733 2291 peculiares
1773 2257 1866 2283 erant
1900 2251 1962 2282 Dei
2003 2251 2154 2282 ministri.

1191 2296 1292 2326 Porro
1316 2295 1347 2325 in
1373 2295 1432 2325 hac
1453 2296 1557 2334 figura
1588 2295 1801 2334 perspicimus
1831 2305 1927 2334 quam
1957 2294 2156 2325 necessarius

1191 2339 1234 2369 sit
1258 2338 1349 2368 uobis
1373 2338 1545 2375 mediator,
1577 2338 1630 2377 qui
1661 2337 1753 2368 nobis
1776 2338 1914 2377 gratiam
1939 2336 2023 2377 apud
2049 2337 2156 2367 Deum

1395 2381 1477 2411 Nam
1502 2381 1527 2410 si
1552 2386 1662 2410 sancto
1683 2386 1711 2410 et
1738 2381 1837 2411 electo
1863 2380 2011 2411 Abrahae
2041 2379 2156 2411 semini

1191 2423 1229 2454 ad
1244 2423 1413 2454 umbratile
1429 2423 1605 2454 sacrarium
1625 2423 1774 2454 accedere
1795 2434 1859 2453 non
1879 2423 1978 2458 licuit,
1999 2421 2156 2462 quomodo

1193 2477 1267 2501 nos,
1299 2466 1352 2506 qui
1377 2466 1522 2497 extranei
1547 2477 1691 2498 eramus.
1728 2465 1821 2497 hodie
1851 2470 2098 2506 penetraremus
2121 2465 2157 2495 in

1192 2509 1325 2545 coelum,
1348 2509 1407 2539 nisi
1428 2519 1573 2539 accessus
1594 2519 1649 2547 per
1663 2508 1832 2539 Christum
1854 2509 1943 2539 nobis
1966 2506 2154 2548 patefieret?

1193 2552 1364 2582 Caeterum
1389 2562 1488 2591 quum
1520 2557 1605 2581 vetat
1636 2558 1787 2581 externos
1818 2552 1917 2583 sacris
1945 2562 1979 2582 se
2013 2551 2156 2587 miscere,

1195 2606 1256 2624 non
1278 2594 1475 2634 alienigenas
1490 2594 1583 2624 mollo
1604 2594 1764 2633 intelligit,
1786 2595 1839 2624 sed
1861 2604 1971 2625 omnes
1991 2605 2007 2625 e
2026 2592 2155 2634 populo,

1194 2643 1327 2677 excepta
1359 2637 1442 2668 tribu
1475 2637 1566 2667 Levi.
1622 2637 1684 2667 llic
1714 2637 1798 2667 enini
1832 2637 1996 2669 distinctio
2027 2636 2160 2676 ponitur
