<?xml version="1.0" encoding="UTF-8"?>
<!DOCTYPE html PUBLIC "-//W3C//DTD XHTML 1.0 Transitional//EN"
    "http://www.w3.org/TR/xhtml1/DTD/xhtml1-transitional.dtd">
<html xmlns="http://www.w3.org/1999/xhtml" xml:lang="en" lang="en">
 <head>
  <title>
</title>
<meta http-equiv="Content-Type" content="text/html;charset=utf-8" />
  <meta name='ocr-system' content='tesseract 3.04.00' />
  <meta name='ocr-capabilities' content='ocr_page ocr_carea ocr_par ocr_line ocrx_word'/>
</head>
<body>
  <div class='ocr_page' id='page_1' title='image "./ioanniscalviniop24calv_0167.png"; bbox 0 0 2304 3034; ppageno 0'>
   <div class='ocr_carea' id='block_1_1' title="bbox 147 200 208 231">
    <p class='ocr_par' dir='ltr' id='par_1_1' title="bbox 147 200 208 231">
     <span class='ocr_line' id='line_1_1' title="bbox 147 200 208 231; baseline 0 0"><span class='ocrx_word' id='word_1_1' title='bbox 147 200 208 231; x_wconf 84' lang='lat'>313</span> 
     </span>
    </p>
   </div>
   <div class='ocr_carea' id='block_1_2' title="bbox 144 291 1105 587">
    <p class='ocr_par' dir='ltr' id='par_1_2' title="bbox 144 291 1105 587">
     <span class='ocr_line' id='line_1_2' title="bbox 147 291 1105 333; baseline -0.001 -9"><span class='ocrx_word' id='word_1_2' title='bbox 147 293 268 324; x_wconf 85' lang='lat' dir='ltr'>hendit.</span> <span class='ocrx_word' id='word_1_3' title='bbox 325 294 360 325; x_wconf 82' lang='lat' dir='ltr'>Si</span> <span class='ocrx_word' id='word_1_4' title='bbox 395 299 566 333; x_wconf 82' lang='lat' dir='ltr'>quaeratur</span> <span class='ocrx_word' id='word_1_5' title='bbox 599 303 705 323; x_wconf 89' lang='lat' dir='ltr'>annon</span> <span class='ocrx_word' id='word_1_6' title='bbox 746 291 786 322; x_wconf 83' lang='lat' dir='ltr'>ad</span> <span class='ocrx_word' id='word_1_7' title='bbox 826 292 930 323; x_wconf 86' lang='lat' dir='ltr'>labem</span> <span class='ocrx_word' id='word_1_8' title='bbox 971 297 1105 323; x_wconf 85' lang='lat' dir='ltr'>naturae</span> 
     </span>
     <span class='ocr_line' id='line_1_3' title="bbox 146 335 1104 376; baseline -0.003 -9"><span class='ocrx_word' id='word_1_9' title='bbox 146 343 315 376; x_wconf 79' lang='lat' dir='ltr'>corruptae</span> <span class='ocrx_word' id='word_1_10' title='bbox 356 337 544 367; x_wconf 82' lang='lat' dir='ltr'>abolendam</span> <span class='ocrx_word' id='word_1_11' title='bbox 588 335 750 366; x_wconf 81' lang='lat' dir='ltr'>sufficeret</span> <span class='ocrx_word' id='word_1_12' title='bbox 795 335 1007 365; x_wconf 81' lang='lat' dir='ltr'><strong>circumcisio:</strong></span> <span class='ocrx_word' id='word_1_13' title='bbox 1054 345 1104 364; x_wconf 91' lang='lat' dir='ltr'>re-</span> 
     </span>
     <span class='ocr_line' id='line_1_4' title="bbox 146 377 1102 418; baseline -0.002 -10"><span class='ocrx_word' id='word_1_14' title='bbox 146 379 303 418; x_wconf 77' lang='lat' dir='ltr'>spondeo.</span> <span class='ocrx_word' id='word_1_15' title='bbox 345 379 420 410; x_wconf 89' lang='lat' dir='ltr'>hinc</span> <span class='ocrx_word' id='word_1_16' title='bbox 461 379 575 409; x_wconf 85' lang='lat' dir='ltr'>melius</span> <span class='ocrx_word' id='word_1_17' title='bbox 610 377 730 416; x_wconf 77' lang='lat' dir='ltr'>liquere</span> <span class='ocrx_word' id='word_1_18' title='bbox 762 383 884 415; x_wconf 89' lang='lat' dir='ltr'>quanta</span> <span class='ocrx_word' id='word_1_19' title='bbox 916 377 958 406; x_wconf 85' lang='lat' dir='ltr'>sit.</span> <span class='ocrx_word' id='word_1_20' title='bbox 992 382 1102 407; x_wconf 83' lang='lat' dir='ltr'>nostra</span> 
     </span>
     <span class='ocr_line' id='line_1_5' title="bbox 145 419 1102 459; baseline -0.001 -8"><span class='ocrx_word' id='word_1_21' title='bbox 145 421 381 457; x_wconf 81' lang='lat' dir='ltr'>immundities,</span> <span class='ocrx_word' id='word_1_22' title='bbox 411 422 443 452; x_wconf 92' lang='lat' dir='ltr'>in</span> <span class='ocrx_word' id='word_1_23' title='bbox 474 431 535 459; x_wconf 88' lang='lat' dir='ltr'>qua</span> <span class='ocrx_word' id='word_1_24' title='bbox 562 419 731 459; x_wconf 79' lang='lat' dir='ltr'>purganda</span> <span class='ocrx_word' id='word_1_25' title='bbox 754 430 818 449; x_wconf 88' lang='lat' dir='ltr'>non</span> <span class='ocrx_word' id='word_1_26' title='bbox 842 419 902 449; x_wconf 87' lang='lat' dir='ltr'>fuit</span> <span class='ocrx_word' id='word_1_27' title='bbox 926 419 1015 449; x_wconf 93' lang='lat' dir='ltr'>Deus</span> <span class='ocrx_word' id='word_1_28' title='bbox 1038 429 1102 450; x_wconf 92' lang='lat' dir='ltr'>uno</span> 
     </span>
     <span class='ocr_line' id='line_1_6' title="bbox 145 461 1100 503; baseline -0.003 -9"><span class='ocrx_word' id='word_1_29' title='bbox 145 463 290 503; x_wconf 82' lang='lat' dir='ltr'>symbolo</span> <span class='ocrx_word' id='word_1_30' title='bbox 320 468 503 493; x_wconf 83' lang='lat' dir='ltr'>contentus:</span> <span class='ocrx_word' id='word_1_31' title='bbox 535 461 589 492; x_wconf 90' lang='lat' dir='ltr'>sed</span> <span class='ocrx_word' id='word_1_32' title='bbox 619 466 655 492; x_wconf 87' lang='lat' dir='ltr'>ut</span> <span class='ocrx_word' id='word_1_33' title='bbox 678 462 709 491; x_wconf 92' lang='lat' dir='ltr'>in</span> <span class='ocrx_word' id='word_1_34' title='bbox 734 462 887 491; x_wconf 87' lang='lat' dir='ltr'>continua</span> <span class='ocrx_word' id='word_1_35' title='bbox 909 462 977 491; x_wconf 88' lang='lat' dir='ltr'>eius</span> <span class='ocrx_word' id='word_1_36' title='bbox 1000 461 1100 491; x_wconf 89' lang='lat' dir='ltr'>medi-</span> 
     </span>
     <span class='ocr_line' id='line_1_7' title="bbox 145 503 1098 541; baseline -0.003 -5"><span class='ocrx_word' id='word_1_37' title='bbox 145 506 265 536; x_wconf 82' lang='lat' dir='ltr'>tatione</span> <span class='ocrx_word' id='word_1_38' title='bbox 284 516 360 536; x_wconf 90' lang='lat' dir='ltr'>suos</span> <span class='ocrx_word' id='word_1_39' title='bbox 379 509 552 541; x_wconf 75' lang='lat' dir='ltr'>exerceret,</span> <span class='ocrx_word' id='word_1_40' title='bbox 571 504 709 534; x_wconf 83' lang='lat' dir='ltr'>alterum</span> <span class='ocrx_word' id='word_1_41' title='bbox 729 503 861 534; x_wconf 82' lang='lat' dir='ltr'>subsidii</span> <span class='ocrx_word' id='word_1_42' title='bbox 883 504 948 534; x_wconf 83' lang='lat' dir='ltr'>loco</span> <span class='ocrx_word' id='word_1_43' title='bbox 961 503 1098 534; x_wconf 81' lang='lat' dir='ltr'>addidit:</span> 
     </span>
     <span class='ocr_line' id='line_1_8' title="bbox 144 546 1100 587; baseline -0.002 -9"><span class='ocrx_word' id='word_1_44' title='bbox 144 547 238 587; x_wconf 88' lang='lat' dir='ltr'>idque</span> <span class='ocrx_word' id='word_1_45' title='bbox 263 549 335 579; x_wconf 83' lang='lat' dir='ltr'>fecit</span> <span class='ocrx_word' id='word_1_46' title='bbox 359 547 560 586; x_wconf 85' lang='lat' dir='ltr'>praesertim,</span> <span class='ocrx_word' id='word_1_47' title='bbox 584 547 657 585; x_wconf 89' lang='lat' dir='ltr'>quia</span> <span class='ocrx_word' id='word_1_48' title='bbox 680 546 800 576; x_wconf 88' lang='lat' dir='ltr'>sciebat</span> <span class='ocrx_word' id='word_1_49' title='bbox 823 556 916 585; x_wconf 88' lang='lat' dir='ltr'>quam</span> <span class='ocrx_word' id='word_1_50' title='bbox 941 546 1100 586; x_wconf 83' lang='lat' dir='ltr'>profunda</span> 
     </span>
    </p>
   </div>
   <div class='ocr_carea' id='block_1_3' title="bbox 143 588 1127 630">
    <p class='ocr_par' dir='ltr' id='par_1_3' title="bbox 143 588 1127 630">
     <span class='ocr_line' id='line_1_9' title="bbox 143 588 1127 630; baseline -0.002 -10"><span class='ocrx_word' id='word_1_51' title='bbox 143 591 186 621; x_wconf 88' lang='lat' dir='ltr'>sit</span> <span class='ocrx_word' id='word_1_52' title='bbox 204 590 370 620; x_wconf 86' lang='lat' dir='ltr'>hominum</span> <span class='ocrx_word' id='word_1_53' title='bbox 391 589 577 630; x_wconf 80' lang='lat' dir='ltr'>hypocrisiS,</span> <span class='ocrx_word' id='word_1_54' title='bbox 598 598 692 627; x_wconf 85' lang='lat' dir='ltr'>quam</span> <span class='ocrx_word' id='word_1_55' title='bbox 712 598 824 619; x_wconf 89' lang='lat' dir='ltr'>secure</span> <span class='ocrx_word' id='word_1_56' title='bbox 841 588 862 629; x_wconf 86' lang='lat'>¹)</span> <span class='ocrx_word' id='word_1_57' title='bbox 880 589 940 619; x_wconf 90' lang='lat' dir='ltr'>sibi</span> <span class='ocrx_word' id='word_1_58' title='bbox 960 589 992 618; x_wconf 90' lang='lat' dir='ltr'>in</span> <span class='ocrx_word' id='word_1_59' title='bbox 1013 589 1100 619; x_wconf 86' lang='lat' dir='ltr'>vitiis</span> <span class='ocrx_word' id='word_1_60' title='bbox 1126 614 1127 618; x_wconf 71' lang='grc'>,</span> 
     </span>
    </p>
   </div>
   <div class='ocr_carea' id='block_1_4' title="bbox 125 631 1098 1692">
    <p class='ocr_par' dir='ltr' id='par_1_4' title="bbox 125 631 1098 1605">
     <span class='ocr_line' id='line_1_10' title="bbox 143 631 1098 671; baseline -0.001 -9"><span class='ocrx_word' id='word_1_61' title='bbox 143 632 364 669; x_wconf 79' lang='lat' dir='ltr'>blandiantur,</span> <span class='ocrx_word' id='word_1_62' title='bbox 405 642 498 671; x_wconf 88' lang='lat' dir='ltr'>quam</span> <span class='ocrx_word' id='word_1_63' title='bbox 533 631 662 661; x_wconf 83' lang='lat' dir='ltr'>difficile</span> <span class='ocrx_word' id='word_1_64' title='bbox 696 632 738 660; x_wconf 93' lang='lat' dir='ltr'>sit</span> <span class='ocrx_word' id='word_1_65' title='bbox 772 642 880 661; x_wconf 90' lang='lat' dir='ltr'>eorum</span> <span class='ocrx_word' id='word_1_66' title='bbox 916 631 1098 670; x_wconf 89' lang='lat' dir='ltr'>superbiam</span> 
     </span>
     <span class='ocr_line' id='line_1_11' title="bbox 143 673 1097 713; baseline -0.002 -8"><span class='ocrx_word' id='word_1_67' title='bbox 143 675 329 705; x_wconf 85' lang='lat' dir='ltr'>humiliare:</span> <span class='ocrx_word' id='word_1_68' title='bbox 363 678 395 704; x_wconf 82' lang='lat' dir='ltr'>et</span> <span class='ocrx_word' id='word_1_69' title='bbox 424 673 475 703; x_wconf 91' lang='lat' dir='ltr'>nbi</span> <span class='ocrx_word' id='word_1_70' title='bbox 507 684 581 703; x_wconf 88' lang='lat' dir='ltr'>suas</span> <span class='ocrx_word' id='word_1_71' title='bbox 611 673 757 703; x_wconf 77' lang='lat' dir='ltr'>miserias</span> <span class='ocrx_word' id='word_1_72' title='bbox 793 684 968 713; x_wconf 80' lang='lat' dir='ltr'><strong>agnoscere</strong></span> <span class='ocrx_word' id='word_1_73' title='bbox 999 674 1097 704; x_wconf 85' lang='lat' dir='ltr'>coacti</span> 
     </span>
     <span class='ocr_line' id='line_1_12' title="bbox 142 715 1097 756; baseline -0.001 -9"><span class='ocrx_word' id='word_1_74' title='bbox 142 723 232 753; x_wconf 85' lang='lat' dir='ltr'>sunt,</span> <span class='ocrx_word' id='word_1_75' title='bbox 267 726 360 756; x_wconf 84' lang='lat' dir='ltr'>quam</span> <span class='ocrx_word' id='word_1_76' title='bbox 394 716 496 746; x_wconf 83' lang='lat' dir='ltr'>facilis</span> <span class='ocrx_word' id='word_1_77' title='bbox 527 716 679 754; x_wconf 76' lang='lat' dir='ltr'>subrepat</span> <span class='ocrx_word' id='word_1_78' title='bbox 712 715 839 746; x_wconf 78' lang='lat' dir='ltr'>oblivio.</span> <span class='ocrx_word' id='word_1_79' title='bbox 892 716 980 755; x_wconf 86' lang='lat' dir='ltr'>Ergo</span> <span class='ocrx_word' id='word_1_80' title='bbox 1014 715 1097 755; x_wconf 86' lang='lat' dir='ltr'>quod</span> 
     </span>
     <span class='ocr_line' id='line_1_13' title="bbox 143 759 1097 799; baseline -0.002 -9"><span class='ocrx_word' id='word_1_81' title='bbox 143 769 292 799; x_wconf 83' lang='lat' dir='ltr'>expressa</span> <span class='ocrx_word' id='word_1_82' title='bbox 305 759 556 789; x_wconf 69' lang='lat' dir='ltr'>circumcisionis</span> <span class='ocrx_word' id='word_1_83' title='bbox 570 759 607 788; x_wconf 80' lang='lat' dir='ltr'>fit</span> <span class='ocrx_word' id='word_1_84' title='bbox 618 759 748 793; x_wconf 83' lang='lat' dir='ltr'>mentio,</span> <span class='ocrx_word' id='word_1_85' title='bbox 767 768 824 797; x_wconf 87' lang='lat' dir='ltr'>per</span> <span class='ocrx_word' id='word_1_86' title='bbox 836 759 1097 798; x_wconf 79' lang='lat' dir='ltr'>anticipationem</span> 
     </span>
     <span class='ocr_line' id='line_1_14' title="bbox 140 800 1097 836; baseline -0.001 -4"><span class='ocrx_word' id='word_1_87' title='bbox 140 802 259 833; x_wconf 88' lang='lat' dir='ltr'>dictum</span> <span class='ocrx_word' id='word_1_88' title='bbox 283 811 351 831; x_wconf 90' lang='lat' dir='ltr'>esse</span> <span class='ocrx_word' id='word_1_89' title='bbox 374 800 526 831; x_wconf 78' lang='lat' dir='ltr'>arbitror:</span> <span class='ocrx_word' id='word_1_90' title='bbox 558 811 598 831; x_wconf 90' lang='lat' dir='ltr'>ne</span> <span class='ocrx_word' id='word_1_91' title='bbox 621 800 797 831; x_wconf 81' lang='lat' dir='ltr'>obiicercnt</span> <span class='ocrx_word' id='word_1_92' title='bbox 820 801 1004 836; x_wconf 82' lang='lat' dir='ltr'>Israelitae,</span> <span class='ocrx_word' id='word_1_93' title='bbox 1037 801 1097 831; x_wconf 88' lang='lat' dir='ltr'>cir-</span> 
     </span>
     <span class='ocr_line' id='line_1_15' title="bbox 138 842 1097 883; baseline -0.002 -8"><span class='ocrx_word' id='word_1_94' title='bbox 138 844 361 875; x_wconf 87' lang='lat' dir='ltr'>cumcisionem</span> <span class='ocrx_word' id='word_1_95' title='bbox 386 842 445 873; x_wconf 82' lang='lat' dir='ltr'>hac</span> <span class='ocrx_word' id='word_1_96' title='bbox 469 843 508 873; x_wconf 90' lang='lat' dir='ltr'>de</span> <span class='ocrx_word' id='word_1_97' title='bbox 536 853 632 873; x_wconf 84' lang='lat' dir='ltr'>causa</span> <span class='ocrx_word' id='word_1_98' title='bbox 662 844 722 873; x_wconf 86' lang='lat' dir='ltr'>sibi</span> <span class='ocrx_word' id='word_1_99' title='bbox 746 854 816 874; x_wconf 88' lang='lat' dir='ltr'>esse</span> <span class='ocrx_word' id='word_1_100' title='bbox 839 843 947 873; x_wconf 86' lang='lat' dir='ltr'>datam</span> <span class='ocrx_word' id='word_1_101' title='bbox 971 854 1011 874; x_wconf 89' lang='lat' dir='ltr'>ne</span> <span class='ocrx_word' id='word_1_102' title='bbox 1034 854 1097 883; x_wconf 86' lang='lat' dir='ltr'>qua</span> 
     </span>
     <span class='ocr_line' id='line_1_16' title="bbox 138 885 1096 925; baseline 0 -8"><span class='ocrx_word' id='word_1_103' title='bbox 138 891 273 917; x_wconf 89' lang='lat' dir='ltr'>restaret</span> <span class='ocrx_word' id='word_1_104' title='bbox 290 885 484 916; x_wconf 62' lang='lat' dir='ltr'>maledictio?</span> <span class='ocrx_word' id='word_1_105' title='bbox 509 885 641 925; x_wconf 87' lang='lat' dir='ltr'>ideoque</span> <span class='ocrx_word' id='word_1_106' title='bbox 660 887 820 925; x_wconf 72' lang='lat' dir='ltr'>significat</span> <span class='ocrx_word' id='word_1_107' title='bbox 832 886 930 917; x_wconf 75' lang='lat' dir='ltr'>Deus.</span> <span class='ocrx_word' id='word_1_108' title='bbox 950 886 1096 925; x_wconf 86' lang='lat' dir='ltr'>quamvis</span> 
     </span>
     <span class='ocr_line' id='line_1_17' title="bbox 138 928 1094 968; baseline -0.001 -9"><span class='ocrx_word' id='word_1_109' title='bbox 138 929 333 959; x_wconf 83' lang='lat' dir='ltr'>circumcisio</span> <span class='ocrx_word' id='word_1_110' title='bbox 356 928 535 968; x_wconf 80' lang='lat' dir='ltr'>praecedat,</span> <span class='ocrx_word' id='word_1_111' title='bbox 559 939 621 958; x_wconf 90' lang='lat' dir='ltr'>non</span> <span class='ocrx_word' id='word_1_112' title='bbox 648 934 754 958; x_wconf 85' lang='lat' dir='ltr'>tamen</span> <span class='ocrx_word' id='word_1_113' title='bbox 777 929 844 959; x_wconf 87' lang='lat' dir='ltr'>fore</span> <span class='ocrx_word' id='word_1_114' title='bbox 867 929 1094 968; x_wconf 74' lang='lat' dir='ltr'>purga-tionem</span> 
     </span>
     <span class='ocr_line' id='line_1_18' title="bbox 138 970 1095 1010; baseline 0.001 -10"><span class='ocrx_word' id='word_1_115' title='bbox 138 971 176 1001; x_wconf 83' lang='lat' dir='ltr'>de</span> <span class='ocrx_word' id='word_1_116' title='bbox 197 981 258 1010; x_wconf 86' lang='lat' dir='ltr'>qua</span> <span class='ocrx_word' id='word_1_117' title='bbox 281 981 366 1000; x_wconf 87' lang='lat' dir='ltr'>nunc</span> <span class='ocrx_word' id='word_1_118' title='bbox 392 971 548 1009; x_wconf 79' lang='lat' dir='ltr'>praecipit</span> <span class='ocrx_word' id='word_1_119' title='bbox 578 981 821 1010; x_wconf 83' lang='lat' dir='ltr'>supervacuam.</span> <span class='ocrx_word' id='word_1_120' title='bbox 867 970 959 1009; x_wconf 79' lang='lat' dir='ltr'>Quae</span> <span class='ocrx_word' id='word_1_121' title='bbox 982 971 1033 1002; x_wconf 90' lang='lat' dir='ltr'>hic</span> <span class='ocrx_word' id='word_1_122' title='bbox 1057 971 1095 1001; x_wconf 87' lang='lat' dir='ltr'>de</span> 
     </span>
     <span class='ocr_line' id='line_1_19' title="bbox 135 1013 1093 1052; baseline -0.001 -8"><span class='ocrx_word' id='word_1_123' title='bbox 135 1014 256 1044; x_wconf 87' lang='lat' dir='ltr'>semine</span> <span class='ocrx_word' id='word_1_124' title='bbox 286 1013 435 1052; x_wconf 83' lang='lat' dir='ltr'>garriunt</span> <span class='ocrx_word' id='word_1_125' title='bbox 464 1013 598 1050; x_wconf 77' lang='lat' dir='ltr'>Rabiniy</span> <span class='ocrx_word' id='word_1_126' title='bbox 637 1023 707 1043; x_wconf 86' lang='lat' dir='ltr'>cum</span> <span class='ocrx_word' id='word_1_127' title='bbox 740 1013 873 1045; x_wconf 87' lang='lat' dir='ltr'>ridicula</span> <span class='ocrx_word' id='word_1_128' title='bbox 903 1018 994 1049; x_wconf 87' lang='lat' dir='ltr'>sunt,</span> <span class='ocrx_word' id='word_1_129' title='bbox 1025 1019 1093 1044; x_wconf 87' lang='lat' dir='ltr'>tum</span> 
     </span>
     <span class='ocr_line' id='line_1_20' title="bbox 135 1055 1092 1096; baseline 0 -10"><span class='ocrx_word' id='word_1_130' title='bbox 135 1062 264 1095; x_wconf 87' lang='lat' dir='ltr'>propter</span> <span class='ocrx_word' id='word_1_131' title='bbox 286 1056 471 1094; x_wconf 84' lang='lat' dir='ltr'>spurcitiam</span> <span class='ocrx_word' id='word_1_132' title='bbox 503 1055 635 1095; x_wconf 73' lang='lat' dir='ltr'>indigna</span> <span class='ocrx_word' id='word_1_133' title='bbox 666 1055 790 1095; x_wconf 88' lang='lat' dir='ltr'>pudicis</span> <span class='ocrx_word' id='word_1_134' title='bbox 818 1056 964 1087; x_wconf 87' lang='lat' dir='ltr'>auribus:</span> <span class='ocrx_word' id='word_1_135' title='bbox 995 1066 1092 1096; x_wconf 90' lang='lat' dir='ltr'>quum</span> 
     </span>
     <span class='ocr_line' id='line_1_21' title="bbox 135 1097 1093 1138; baseline 0 -9"><span class='ocrx_word' id='word_1_136' title='bbox 135 1097 330 1137; x_wconf 88' lang='lat' dir='ltr'>simpliciter,</span> <span class='ocrx_word' id='word_1_137' title='bbox 350 1104 387 1128; x_wconf 87' lang='lat' dir='ltr'>ut</span> <span class='ocrx_word' id='word_1_138' title='bbox 406 1098 556 1134; x_wconf 55' lang='lat' dir='ltr'>diximus</span> <span class='ocrx_word' id='word_1_139' title='bbox 570 1099 653 1128; x_wconf 91' lang='lat' dir='ltr'>Mosi</span> <span class='ocrx_word' id='word_1_140' title='bbox 673 1099 871 1138; x_wconf 89' lang='lat' dir='ltr'>propositum</span> <span class='ocrx_word' id='word_1_141' title='bbox 891 1099 997 1136; x_wconf 73' lang='lat' dir='ltr'>fuerit,</span> <span class='ocrx_word' id='word_1_142' title='bbox 1017 1103 1093 1130; x_wconf 87' lang='lat' dir='ltr'>tunc</span> 
     </span>
     <span class='ocr_line' id='line_1_22' title="bbox 134 1141 1093 1180; baseline 0 -9"><span class='ocrx_word' id='word_1_143' title='bbox 134 1141 259 1171; x_wconf 87' lang='lat' dir='ltr'>demum</span> <span class='ocrx_word' id='word_1_144' title='bbox 283 1141 482 1180; x_wconf 77' lang='lat' dir='ltr'>purgationis</span> <span class='ocrx_word' id='word_1_145' title='bbox 506 1141 572 1171; x_wconf 88' lang='lat' dir='ltr'>fore</span> <span class='ocrx_word' id='word_1_146' title='bbox 596 1151 683 1171; x_wconf 82' lang='lat' dir='ltr'>ream</span> <span class='ocrx_word' id='word_1_147' title='bbox 705 1142 872 1171; x_wconf 87' lang='lat' dir='ltr'>mulierem</span> <span class='ocrx_word' id='word_1_148' title='bbox 896 1142 923 1171; x_wconf 85' lang='lat' dir='ltr'>si</span> <span class='ocrx_word' id='word_1_149' title='bbox 946 1152 986 1171; x_wconf 78' lang='lat' dir='ltr'>ex</span> <span class='ocrx_word' id='word_1_150' title='bbox 1009 1141 1093 1172; x_wconf 88' lang='lat' dir='ltr'>coitu</span> 
     </span>
     <span class='ocr_line' id='line_1_23' title="bbox 132 1183 1092 1223; baseline 0 -9"><span class='ocrx_word' id='word_1_151' title='bbox 132 1190 283 1214; x_wconf 86' lang='lat' dir='ltr'>nascatur</span> <span class='ocrx_word' id='word_1_152' title='bbox 306 1184 480 1222; x_wconf 83' lang='lat' dir='ltr'>generatio.</span> <span class='ocrx_word' id='word_1_153' title='bbox 516 1183 617 1214; x_wconf 89' lang='lat' dir='ltr'>Porro</span> <span class='ocrx_word' id='word_1_154' title='bbox 641 1184 716 1223; x_wconf 84' lang='lat' dir='ltr'>quia</span> <span class='ocrx_word' id='word_1_155' title='bbox 740 1184 824 1215; x_wconf 87' lang='lat' dir='ltr'>filius</span> <span class='ocrx_word' id='word_1_156' title='bbox 848 1184 918 1219; x_wconf 85' lang='lat' dir='ltr'>Dei,</span> <span class='ocrx_word' id='word_1_157' title='bbox 942 1184 1092 1223; x_wconf 84' lang='lat' dir='ltr'>quamvis</span> 
     </span>
     <span class='ocr_line' id='line_1_24' title="bbox 132 1225 1091 1266; baseline 0.001 -11"><span class='ocrx_word' id='word_1_158' title='bbox 132 1236 194 1255; x_wconf 90' lang='lat' dir='ltr'>nou</span> <span class='ocrx_word' id='word_1_159' title='bbox 219 1230 345 1255; x_wconf 89' lang='lat' dir='ltr'>tantum</span> <span class='ocrx_word' id='word_1_160' title='bbox 369 1225 508 1256; x_wconf 89' lang='lat' dir='ltr'>mundus</span> <span class='ocrx_word' id='word_1_161' title='bbox 531 1231 632 1262; x_wconf 88' lang='lat' dir='ltr'>esset,</span> <span class='ocrx_word' id='word_1_162' title='bbox 660 1227 714 1257; x_wconf 89' lang='lat' dir='ltr'>sed</span> <span class='ocrx_word' id='word_1_163' title='bbox 738 1227 808 1266; x_wconf 87' lang='lat' dir='ltr'>ipsa</span> <span class='ocrx_word' id='word_1_164' title='bbox 831 1227 972 1266; x_wconf 83' lang='lat' dir='ltr'>puritas,</span> <span class='ocrx_word' id='word_1_165' title='bbox 995 1227 1091 1257; x_wconf 84' lang='lat' dir='ltr'>susti-</span> 
     </span>
     <span class='ocr_line' id='line_1_25' title="bbox 131 1268 1093 1308; baseline 0.001 -10"><span class='ocrx_word' id='word_1_166' title='bbox 131 1268 200 1298; x_wconf 90' lang='lat' dir='ltr'>nuit</span> <span class='ocrx_word' id='word_1_167' title='bbox 223 1274 332 1298; x_wconf 84' lang='lat' dir='ltr'>tamen</span> <span class='ocrx_word' id='word_1_168' title='bbox 357 1268 389 1298; x_wconf 90' lang='lat' dir='ltr'>in</span> <span class='ocrx_word' id='word_1_169' title='bbox 413 1279 446 1299; x_wconf 89' lang='lat' dir='ltr'>se</span> <span class='ocrx_word' id='word_1_170' title='bbox 477 1278 645 1307; x_wconf 81' lang='lat' dir='ltr'>personam</span> <span class='ocrx_word' id='word_1_171' title='bbox 678 1270 806 1308; x_wconf 79' lang='lat' dir='ltr'>generis</span> <span class='ocrx_word' id='word_1_172' title='bbox 837 1269 987 1305; x_wconf 81' lang='lat' dir='ltr'>humani,</span> <span class='ocrx_word' id='word_1_173' title='bbox 1017 1269 1093 1299; x_wconf 88' lang='lat' dir='ltr'>huic</span> 
     </span>
     <span class='ocr_line' id='line_1_26' title="bbox 130 1310 1092 1352; baseline 0.001 -12"><span class='ocrx_word' id='word_1_174' title='bbox 130 1310 193 1350; x_wconf 84' lang='lat' dir='ltr'>legi</span> <span class='ocrx_word' id='word_1_175' title='bbox 221 1320 254 1340; x_wconf 90' lang='lat' dir='ltr'>se</span> <span class='ocrx_word' id='word_1_176' title='bbox 283 1310 433 1341; x_wconf 83' lang='lat' dir='ltr'>subiecit:</span> <span class='ocrx_word' id='word_1_177' title='bbox 465 1317 496 1341; x_wconf 87' lang='lat' dir='ltr'>et</span> <span class='ocrx_word' id='word_1_178' title='bbox 526 1310 807 1351; x_wconf 82' lang='lat' dir='ltr'>(quemadmodum</span> <span class='ocrx_word' id='word_1_179' title='bbox 837 1311 928 1343; x_wconf 70' lang='lat' dir='ltr'>docet</span> <span class='ocrx_word' id='word_1_180' title='bbox 958 1311 1092 1352; x_wconf 83' lang='lat' dir='ltr'>Paulus)</span> 
     </span>
     <span class='ocr_line' id='line_1_27' title="bbox 130 1353 1091 1394; baseline 0.001 -11"><span class='ocrx_word' id='word_1_181' title='bbox 130 1353 193 1393; x_wconf 83' lang='lat' dir='ltr'>legi</span> <span class='ocrx_word' id='word_1_182' title='bbox 215 1353 318 1383; x_wconf 87' lang='lat' dir='ltr'>factus</span> <span class='ocrx_word' id='word_1_183' title='bbox 342 1359 390 1383; x_wconf 89' lang='lat' dir='ltr'>est</span> <span class='ocrx_word' id='word_1_184' title='bbox 420 1353 592 1391; x_wconf 80' lang='lat' dir='ltr'>obnoxius,</span> <span class='ocrx_word' id='word_1_185' title='bbox 624 1360 659 1384; x_wconf 87' lang='lat' dir='ltr'>ut</span> <span class='ocrx_word' id='word_1_186' title='bbox 682 1365 735 1385; x_wconf 85' lang='lat' dir='ltr'>eos</span> <span class='ocrx_word' id='word_1_187' title='bbox 759 1355 813 1394; x_wconf 92' lang='lat' dir='ltr'>qui</span> <span class='ocrx_word' id='word_1_188' title='bbox 837 1355 895 1385; x_wconf 87' lang='lat' dir='ltr'>sub</span> <span class='ocrx_word' id='word_1_189' title='bbox 920 1355 1000 1394; x_wconf 76' lang='lat' dir='ltr'>legis</span> <span class='ocrx_word' id='word_1_190' title='bbox 1024 1365 1091 1384; x_wconf 84' lang='lat' dir='ltr'>ma—</span> 
     </span>
     <span class='ocr_line' id='line_1_28' title="bbox 128 1395 1091 1436; baseline 0.001 -11"><span class='ocrx_word' id='word_1_191' title='bbox 128 1395 298 1426; x_wconf 88' lang='lat' dir='ltr'>ledictione</span> <span class='ocrx_word' id='word_1_192' title='bbox 326 1402 417 1426; x_wconf 84' lang='lat' dir='ltr'>erant</span> <span class='ocrx_word' id='word_1_193' title='bbox 445 1396 628 1427; x_wconf 82' lang='lat' dir='ltr'>redimeret.</span> <span class='ocrx_word' id='word_1_194' title='bbox 675 1399 783 1436; x_wconf 83' lang='lat' dir='ltr'>Atque</span> <span class='ocrx_word' id='word_1_195' title='bbox 814 1397 874 1428; x_wconf 87' lang='lat' dir='ltr'>hac</span> <span class='ocrx_word' id='word_1_196' title='bbox 907 1397 1091 1427; x_wconf 80' lang='lat' dir='ltr'>voluntaria</span> 
     </span>
     <span class='ocr_line' id='line_1_29' title="bbox 128 1437 1090 1478; baseline 0.001 -10"><span class='ocrx_word' id='word_1_197' title='bbox 128 1437 323 1469; x_wconf 86' lang='lat' dir='ltr'>subiectione</span> <span class='ocrx_word' id='word_1_198' title='bbox 337 1444 478 1469; x_wconf 82' lang='lat' dir='ltr'>veterem</span> <span class='ocrx_word' id='word_1_199' title='bbox 493 1440 589 1469; x_wconf 90' lang='lat' dir='ltr'>ritum</span> <span class='ocrx_word' id='word_1_200' title='bbox 607 1439 784 1478; x_wconf 82' lang='lat' dir='ltr'>abrogavit,</span> <span class='ocrx_word' id='word_1_201' title='bbox 804 1445 841 1470; x_wconf 87' lang='lat' dir='ltr'>ut</span> <span class='ocrx_word' id='word_1_202' title='bbox 853 1439 947 1470; x_wconf 89' lang='lat' dir='ltr'>hodie</span> <span class='ocrx_word' id='word_1_203' title='bbox 960 1450 1090 1470; x_wconf 86' lang='lat' dir='ltr'>necesse</span> 
     </span>
     <span class='ocr_line' id='line_1_30' title="bbox 127 1480 1088 1520; baseline 0.002 -10"><span class='ocrx_word' id='word_1_204' title='bbox 127 1491 193 1511; x_wconf 90' lang='lat' dir='ltr'>non</span> <span class='ocrx_word' id='word_1_205' title='bbox 226 1480 268 1510; x_wconf 90' lang='lat' dir='ltr'>sit</span> <span class='ocrx_word' id='word_1_206' title='bbox 301 1481 415 1511; x_wconf 83' lang='lat' dir='ltr'>sistere</span> <span class='ocrx_word' id='word_1_207' title='bbox 448 1492 563 1520; x_wconf 90' lang='lat' dir='ltr'>pueros</span> <span class='ocrx_word' id='word_1_208' title='bbox 596 1482 737 1513; x_wconf 82' lang='lat' dir='ltr'>infantes</span> <span class='ocrx_word' id='word_1_209' title='bbox 771 1482 810 1512; x_wconf 85' lang='lat' dir='ltr'>ad</span> <span class='ocrx_word' id='word_1_210' title='bbox 845 1482 1088 1513; x_wconf 87' lang='lat' dir='ltr'>tabernaculum</span> 
     </span>
     <span class='ocr_line' id='line_1_31' title="bbox 126 1523 1087 1565; baseline 0.002 -12"><span class='ocrx_word' id='word_1_211' title='bbox 126 1523 252 1554; x_wconf 86' lang='lat' dir='ltr'>visibile</span> <span class='ocrx_word' id='word_1_212' title='bbox 275 1533 347 1554; x_wconf 89' lang='lat' dir='ltr'>cum</span> <span class='ocrx_word' id='word_1_213' title='bbox 372 1525 535 1558; x_wconf 77' lang='lat' dir='ltr'>sacrificio,</span> <span class='ocrx_word' id='word_1_214' title='bbox 561 1524 615 1555; x_wconf 89' lang='lat' dir='ltr'>sed</span> <span class='ocrx_word' id='word_1_215' title='bbox 640 1530 767 1555; x_wconf 87' lang='lat' dir='ltr'>tantum</span> <span class='ocrx_word' id='word_1_216' title='bbox 792 1524 975 1565; x_wconf 88' lang='lat' dir='ltr'>quaerenda</span> <span class='ocrx_word' id='word_1_217' title='bbox 994 1526 1036 1555; x_wconf 87' lang='lat' dir='ltr'>sit</span> <span class='ocrx_word' id='word_1_218' title='bbox 1056 1525 1087 1556; x_wconf 90' lang='lat' dir='ltr'>in</span> 
     </span>
     <span class='ocr_line' id='line_1_32' title="bbox 125 1573 347 1605; baseline 0.005 -10"><span class='ocrx_word' id='word_1_219' title='bbox 125 1576 194 1605; x_wconf 83' lang='lat' dir='ltr'>ipso</span> <span class='ocrx_word' id='word_1_220' title='bbox 217 1573 347 1604; x_wconf 83' lang='lat' dir='ltr'>puritas.</span> 
     </span>
    </p>

    <p class='ocr_par' dir='ltr' id='par_1_5' title="bbox 126 1608 1087 1692">
     <span class='ocr_line' id='line_1_33' title="bbox 210 1608 1087 1650; baseline 0.002 -12"><span class='ocrx_word' id='word_1_221' title='bbox 210 1608 259 1639; x_wconf 77' lang='lat'>22.</span> <span class='ocrx_word' id='word_1_222' title='bbox 290 1608 333 1638; x_wconf 84' lang='lat' dir='ltr'>Et</span> <span class='ocrx_word' id='word_1_223' title='bbox 359 1609 485 1648; x_wconf 60' lang='lat' dir='ltr'>triginta</span> <span class='ocrx_word' id='word_1_224' title='bbox 515 1609 614 1640; x_wconf 76' lang='lat' dir='ltr'>tribus</span> <span class='ocrx_word' id='word_1_225' title='bbox 635 1610 751 1641; x_wconf 80' lang='lat' dir='ltr'>diebus.</span> <span class='ocrx_word' id='word_1_226' title='bbox 799 1609 931 1650; x_wconf 77' lang='lat' dir='ltr'>Septem</span> <span class='ocrx_word' id='word_1_227' title='bbox 962 1610 1087 1641; x_wconf 87' lang='lat' dir='ltr'>dierum</span> 
     </span>
     <span class='ocr_line' id='line_1_34' title="bbox 126 1651 1087 1692; baseline 0.002 -11"><span class='ocrx_word' id='word_1_228' title='bbox 126 1651 347 1681; x_wconf 81' lang='lat' dir='ltr'>immundities</span> <span class='ocrx_word' id='word_1_229' title='bbox 378 1652 410 1681; x_wconf 89' lang='lat' dir='ltr'>in</span> <span class='ocrx_word' id='word_1_230' title='bbox 441 1652 599 1689; x_wconf 80' lang='lat' dir='ltr'>masculo,</span> <span class='ocrx_word' id='word_1_231' title='bbox 637 1659 668 1682; x_wconf 90' lang='lat' dir='ltr'>et</span> <span class='ocrx_word' id='word_1_232' title='bbox 705 1652 945 1692; x_wconf 87' lang='lat' dir='ltr'>quatuordecim</span> <span class='ocrx_word' id='word_1_233' title='bbox 979 1653 1011 1683; x_wconf 93' lang='lat' dir='ltr'>in</span> <span class='ocrx_word' id='word_1_234' title='bbox 1042 1653 1087 1683; x_wconf 87' lang='lat' dir='ltr'>fe-</span> 
     </span>
    </p>
   </div>
   <div class='ocr_carea' id='block_1_5' title="bbox 126 1693 1114 1735">
    <p class='ocr_par' dir='ltr' id='par_1_6' title="bbox 126 1693 1114 1735">
     <span class='ocr_line' id='line_1_35' title="bbox 126 1693 1114 1735; baseline 0.003 -12"><span class='ocrx_word' id='word_1_235' title='bbox 126 1694 238 1731; x_wconf 82' lang='lat' dir='ltr'>mella,</span> <span class='ocrx_word' id='word_1_236' title='bbox 267 1693 305 1724; x_wconf 93' lang='lat' dir='ltr'>ad</span> <span class='ocrx_word' id='word_1_237' title='bbox 336 1694 459 1724; x_wconf 79' lang='lat' dir='ltr'>fluxum</span> <span class='ocrx_word' id='word_1_238' title='bbox 491 1695 659 1735; x_wconf 82' lang='lat' dir='ltr'>sanguinis</span> <span class='ocrx_word' id='word_1_239' title='bbox 688 1696 843 1726; x_wconf 80' lang='lat' dir='ltr'>refertur:</span> <span class='ocrx_word' id='word_1_240' title='bbox 874 1696 969 1726; x_wconf 87' lang='lat' dir='ltr'>sicuti</span> <span class='ocrx_word' id='word_1_241' title='bbox 993 1701 1024 1725; x_wconf 87' lang='lat' dir='ltr'>et</span> <span class='ocrx_word' id='word_1_242' title='bbox 1048 1695 1086 1726; x_wconf 87' lang='lat' dir='ltr'>do</span> <span class='ocrx_word' id='word_1_243' title='bbox 1112 1728 1114 1735; x_wconf 30' lang='lat' dir='ltr'><em>A</em></span> 
     </span>
    </p>
   </div>
   <div class='ocr_carea' id='block_1_6' title="bbox 126 1736 1086 2584">
    <p class='ocr_par' dir='ltr' id='par_1_7' title="bbox 126 1736 1086 2584">
     <span class='ocr_line' id='line_1_36' title="bbox 126 1736 1086 1778; baseline 0.003 -12"><span class='ocrx_word' id='word_1_244' title='bbox 126 1736 215 1766; x_wconf 81' lang='lat' dir='ltr'>fluxu</span> <span class='ocrx_word' id='word_1_245' title='bbox 254 1742 421 1767; x_wconf 83' lang='lat' dir='ltr'>menstruo</span> <span class='ocrx_word' id='word_1_246' title='bbox 461 1737 536 1768; x_wconf 85' lang='lat' dir='ltr'>alibi</span> <span class='ocrx_word' id='word_1_247' title='bbox 577 1737 745 1768; x_wconf 88' lang='lat' dir='ltr'>videbitur.</span> <span class='ocrx_word' id='word_1_248' title='bbox 803 1738 939 1778; x_wconf 88' lang='lat' dir='ltr'>Reliquo</span> <span class='ocrx_word' id='word_1_249' title='bbox 976 1742 1086 1778; x_wconf 84' lang='lat' dir='ltr'>postea</span> 
     </span>
     <span class='ocr_line' id='line_1_37' title="bbox 127 1779 1084 1818; baseline 0.003 -10"><span class='ocrx_word' id='word_1_250' title='bbox 127 1783 270 1818; x_wconf 87' lang='lat' dir='ltr'>tempore</span> <span class='ocrx_word' id='word_1_251' title='bbox 304 1779 493 1818; x_wconf 87' lang='lat' dir='ltr'>prohibetur</span> <span class='ocrx_word' id='word_1_252' title='bbox 521 1790 539 1810; x_wconf 82' lang='lat' dir='ltr'>a</span> <span class='ocrx_word' id='word_1_253' title='bbox 568 1781 666 1811; x_wconf 84' lang='lat' dir='ltr'>sacris</span> <span class='ocrx_word' id='word_1_254' title='bbox 696 1785 728 1810; x_wconf 90' lang='lat' dir='ltr'>et</span> <span class='ocrx_word' id='word_1_255' title='bbox 757 1790 886 1812; x_wconf 88' lang='lat' dir='ltr'>accessu</span> <span class='ocrx_word' id='word_1_256' title='bbox 910 1781 1084 1811; x_wconf 84' lang='lat' dir='ltr'>sanctuarii</span> 
     </span>
     <span class='ocr_line' id='line_1_38' title="bbox 127 1820 1084 1864; baseline 0.003 -13"><span class='ocrx_word' id='word_1_257' title='bbox 127 1820 202 1862; x_wconf 88' lang='lat' dir='ltr'>(qua</span> <span class='ocrx_word' id='word_1_258' title='bbox 224 1832 301 1853; x_wconf 81' lang='lat' dir='ltr'>voce</span> <span class='ocrx_word' id='word_1_259' title='bbox 324 1821 376 1852; x_wconf 88' lang='lat' dir='ltr'>hic</span> <span class='ocrx_word' id='word_1_260' title='bbox 399 1822 591 1862; x_wconf 83' lang='lat' dir='ltr'>intelligitur</span> <span class='ocrx_word' id='word_1_261' title='bbox 610 1823 740 1864; x_wconf 87' lang='lat' dir='ltr'>atrium)</span> <span class='ocrx_word' id='word_1_262' title='bbox 760 1830 854 1863; x_wconf 87' lang='lat' dir='ltr'>atque</span> <span class='ocrx_word' id='word_1_263' title='bbox 873 1824 918 1854; x_wconf 82' lang='lat' dir='ltr'>ita</span> <span class='ocrx_word' id='word_1_264' title='bbox 936 1830 1084 1854; x_wconf 85' lang='lat' dir='ltr'>censetur</span> 
     </span>
     <span class='ocr_line' id='line_1_39' title="bbox 126 1864 1084 1905; baseline 0.004 -12"><span class='ocrx_word' id='word_1_265' title='bbox 126 1864 274 1902; x_wconf 82' lang='lat' dir='ltr'>profana:</span> <span class='ocrx_word' id='word_1_266' title='bbox 305 1874 367 1894; x_wconf 92' lang='lat' dir='ltr'>non</span> <span class='ocrx_word' id='word_1_267' title='bbox 396 1870 524 1895; x_wconf 85' lang='lat' dir='ltr'>tantum</span> <span class='ocrx_word' id='word_1_268' title='bbox 553 1871 587 1896; x_wconf 88' lang='lat' dir='ltr'>ut</span> <span class='ocrx_word' id='word_1_269' title='bbox 611 1866 679 1905; x_wconf 86' lang='lat' dir='ltr'>ipsa</span> <span class='ocrx_word' id='word_1_270' title='bbox 702 1873 819 1896; x_wconf 86' lang='lat' dir='ltr'>sortem</span> <span class='ocrx_word' id='word_1_271' title='bbox 843 1876 934 1896; x_wconf 89' lang='lat' dir='ltr'>suam</span> <span class='ocrx_word' id='word_1_272' title='bbox 959 1867 1084 1904; x_wconf 75' lang='lat' dir='ltr'>defleat,</span> 
     </span>
     <span class='ocr_line' id='line_1_40' title="bbox 127 1906 1083 1948; baseline 0.004 -12"><span class='ocrx_word' id='word_1_273' title='bbox 127 1906 181 1937; x_wconf 87' lang='lat' dir='ltr'>sed</span> <span class='ocrx_word' id='word_1_274' title='bbox 205 1912 240 1937; x_wconf 83' lang='lat' dir='ltr'>ut</span> <span class='ocrx_word' id='word_1_275' title='bbox 262 1907 395 1937; x_wconf 85' lang='lat' dir='ltr'>maritus</span> <span class='ocrx_word' id='word_1_276' title='bbox 424 1918 564 1947; x_wconf 79' lang='lat' dir='ltr'>quoque,</span> <span class='ocrx_word' id='word_1_277' title='bbox 594 1909 649 1938; x_wconf 82' lang='lat' dir='ltr'>tali</span> <span class='ocrx_word' id='word_1_278' title='bbox 679 1909 861 1948; x_wconf 87' lang='lat' dir='ltr'>spectaculo</span> <span class='ocrx_word' id='word_1_279' title='bbox 891 1909 1083 1945; x_wconf 85' lang='lat' dir='ltr'>admonitus,</span> 
     </span>
     <span class='ocr_line' id='line_1_41' title="bbox 127 1949 1083 1990; baseline 0.004 -12"><span class='ocrx_word' id='word_1_280' title='bbox 127 1949 228 1979; x_wconf 88' lang='lat' dir='ltr'>discat</span> <span class='ocrx_word' id='word_1_281' title='bbox 250 1949 406 1989; x_wconf 83' lang='lat' dir='ltr'>originale</span> <span class='ocrx_word' id='word_1_282' title='bbox 425 1957 589 1990; x_wconf 88' lang='lat' dir='ltr'>peccatum</span> <span class='ocrx_word' id='word_1_283' title='bbox 612 1951 741 1981; x_wconf 84' lang='lat' dir='ltr'>horrere</span> <span class='ocrx_word' id='word_1_284' title='bbox 761 1958 793 1981; x_wconf 89' lang='lat' dir='ltr'>et</span> <span class='ocrx_word' id='word_1_285' title='bbox 811 1952 971 1982; x_wconf 85' lang='lat' dir='ltr'>detestari.</span> <span class='ocrx_word' id='word_1_286' title='bbox 1006 1952 1083 1982; x_wconf 86' lang='lat' dir='ltr'>Fuit</span> 
     </span>
     <span class='ocr_line' id='line_1_42' title="bbox 126 1991 1082 2034; baseline 0.004 -13"><span class='ocrx_word' id='word_1_287' title='bbox 126 1991 210 2022; x_wconf 89' lang='lat' dir='ltr'>enim</span> <span class='ocrx_word' id='word_1_288' title='bbox 234 1991 312 2022; x_wconf 88' lang='lat' dir='ltr'>haec</span> <span class='ocrx_word' id='word_1_289' title='bbox 333 1993 416 2023; x_wconf 81' lang='lat' dir='ltr'>seria</span> <span class='ocrx_word' id='word_1_290' title='bbox 439 1993 478 2023; x_wconf 86' lang='lat' dir='ltr'>ad</span> <span class='ocrx_word' id='word_1_291' title='bbox 503 1994 732 2031; x_wconf 79' lang='lat' dir='ltr'>poenitentiam</span> <span class='ocrx_word' id='word_1_292' title='bbox 756 1994 954 2030; x_wconf 85' lang='lat' dir='ltr'>exhortatio,</span> <span class='ocrx_word' id='word_1_293' title='bbox 984 2005 1082 2034; x_wconf 90' lang='lat' dir='ltr'>quum</span> 
     </span>
     <span class='ocr_line' id='line_1_43' title="bbox 127 2034 1083 2076; baseline 0.004 -13"><span class='ocrx_word' id='word_1_294' title='bbox 127 2034 161 2064; x_wconf 87' lang='lat' dir='ltr'>in</span> <span class='ocrx_word' id='word_1_295' title='bbox 184 2034 305 2071; x_wconf 86' lang='lat' dir='ltr'>sobole,</span> <span class='ocrx_word' id='word_1_296' title='bbox 332 2035 365 2064; x_wconf 91' lang='lat' dir='ltr'>in</span> <span class='ocrx_word' id='word_1_297' title='bbox 389 2046 451 2074; x_wconf 88' lang='lat' dir='ltr'>qua</span> <span class='ocrx_word' id='word_1_298' title='bbox 475 2036 591 2075; x_wconf 90' lang='lat' dir='ltr'>alioqui</span> <span class='ocrx_word' id='word_1_299' title='bbox 615 2037 717 2076; x_wconf 85' lang='lat' dir='ltr'>fulget</span> <span class='ocrx_word' id='word_1_300' title='bbox 740 2037 801 2067; x_wconf 89' lang='lat' dir='ltr'>Dei</span> <span class='ocrx_word' id='word_1_301' title='bbox 832 2037 1026 2071; x_wconf 80' lang='lat' dir='ltr'>benedictio.</span> <span class='ocrx_word' id='word_1_302' title='bbox 1049 2047 1083 2067; x_wconf 86' lang='lat' dir='ltr'>se</span> 
     </span>
     <span class='ocr_line' id='line_1_44' title="bbox 127 2077 1084 2119; baseline 0.005 -13"><span class='ocrx_word' id='word_1_303' title='bbox 127 2077 337 2107; x_wconf 86' lang='lat' dir='ltr'>contaminari</span> <span class='ocrx_word' id='word_1_304' title='bbox 357 2084 576 2117; x_wconf 82' lang='lat' dir='ltr'>agnoscerent.</span> <span class='ocrx_word' id='word_1_305' title='bbox 610 2079 676 2109; x_wconf 87' lang='lat' dir='ltr'>Iam</span> <span class='ocrx_word' id='word_1_306' title='bbox 698 2080 862 2119; x_wconf 83' lang='lat' dir='ltr'>quaeritur</span> <span class='ocrx_word' id='word_1_307' title='bbox 881 2091 937 2111; x_wconf 89' lang='lat' dir='ltr'>cur</span> <span class='ocrx_word' id='word_1_308' title='bbox 956 2085 1084 2119; x_wconf 85' lang='lat' dir='ltr'>tempus</span> 
     </span>
     <span class='ocr_line' id='line_1_45' title="bbox 127 2119 1082 2160; baseline 0.005 -12"><span class='ocrx_word' id='word_1_309' title='bbox 127 2119 326 2158; x_wconf 85' lang='lat' dir='ltr'>purgationis</span> <span class='ocrx_word' id='word_1_310' title='bbox 360 2121 401 2150; x_wconf 84' lang='lat' dir='ltr'>sit</span> <span class='ocrx_word' id='word_1_311' title='bbox 434 2120 630 2160; x_wconf 85' lang='lat' dir='ltr'>duplicatum</span> <span class='ocrx_word' id='word_1_312' title='bbox 671 2122 703 2152; x_wconf 89' lang='lat' dir='ltr'>in</span> <span class='ocrx_word' id='word_1_313' title='bbox 747 2122 882 2152; x_wconf 83' lang='lat' dir='ltr'>femella.</span> <span class='ocrx_word' id='word_1_314' title='bbox 942 2122 1082 2160; x_wconf 77' lang='lat' dir='ltr'>Quidam</span> 
     </span>
     <span class='ocr_line' id='line_1_46' title="bbox 128 2161 1083 2204; baseline 0.006 -14"><span class='ocrx_word' id='word_1_315' title='bbox 128 2161 188 2192; x_wconf 90' lang='lat' dir='ltr'>hoc</span> <span class='ocrx_word' id='word_1_316' title='bbox 220 2162 359 2192; x_wconf 87' lang='lat' dir='ltr'>naturali</span> <span class='ocrx_word' id='word_1_317' title='bbox 393 2173 506 2194; x_wconf 87' lang='lat' dir='ltr'>causae</span> <span class='ocrx_word' id='word_1_318' title='bbox 535 2163 735 2200; x_wconf 86' lang='lat' dir='ltr'>adscribunt,</span> <span class='ocrx_word' id='word_1_319' title='bbox 767 2165 841 2204; x_wconf 83' lang='lat' dir='ltr'>quia</span> <span class='ocrx_word' id='word_1_320' title='bbox 871 2165 978 2196; x_wconf 80' lang='lat' dir='ltr'>fluxus</span> <span class='ocrx_word' id='word_1_321' title='bbox 1010 2176 1083 2196; x_wconf 87' lang='lat' dir='ltr'>san—</span> 
     </span>
     <span class='ocr_line' id='line_1_47' title="bbox 130 2203 1084 2247; baseline 0.005 -14"><span class='ocrx_word' id='word_1_322' title='bbox 130 2203 235 2242; x_wconf 86' lang='lat' dir='ltr'>guinis</span> <span class='ocrx_word' id='word_1_323' title='bbox 257 2208 333 2236; x_wconf 88' lang='lat' dir='ltr'>tunc</span> <span class='ocrx_word' id='word_1_324' title='bbox 357 2205 398 2235; x_wconf 89' lang='lat' dir='ltr'>sit</span> <span class='ocrx_word' id='word_1_325' title='bbox 421 2205 611 2237; x_wconf 90' lang='lat' dir='ltr'>diuturnior.</span> <span class='ocrx_word' id='word_1_326' title='bbox 648 2207 692 2237; x_wconf 88' lang='lat' dir='ltr'>Et</span> <span class='ocrx_word' id='word_1_327' title='bbox 715 2213 801 2238; x_wconf 87' lang='lat' dir='ltr'>certe</span> <span class='ocrx_word' id='word_1_328' title='bbox 824 2207 903 2238; x_wconf 87' lang='lat' dir='ltr'>haec</span> <span class='ocrx_word' id='word_1_329' title='bbox 925 2218 1000 2247; x_wconf 85' lang='lat' dir='ltr'>pars</span> <span class='ocrx_word' id='word_1_330' title='bbox 1023 2208 1084 2238; x_wconf 87' lang='lat' dir='ltr'>fuit</span> 
     </span>
     <span class='ocr_line' id='line_1_48' title="bbox 130 2246 1083 2286; baseline 0.007 -12"><span class='ocrx_word' id='word_1_331' title='bbox 130 2246 282 2276; x_wconf 85' lang='lat' dir='ltr'>castitatis</span> <span class='ocrx_word' id='word_1_332' title='bbox 315 2252 345 2277; x_wconf 88' lang='lat' dir='ltr'>et</span> <span class='ocrx_word' id='word_1_333' title='bbox 378 2249 613 2286; x_wconf 84' lang='lat' dir='ltr'>continentiae,</span> <span class='ocrx_word' id='word_1_334' title='bbox 646 2260 686 2280; x_wconf 92' lang='lat' dir='ltr'>ne</span> <span class='ocrx_word' id='word_1_335' title='bbox 717 2250 826 2280; x_wconf 87' lang='lat' dir='ltr'>mariti</span> <span class='ocrx_word' id='word_1_336' title='bbox 856 2260 973 2281; x_wconf 79' lang='lat' dir='ltr'>uxores</span> <span class='ocrx_word' id='word_1_337' title='bbox 1006 2255 1083 2281; x_wconf 87' lang='lat' dir='ltr'>tunc</span> 
     </span>
     <span class='ocr_line' id='line_1_49' title="bbox 131 2287 1084 2330; baseline 0.008 -14"><span class='ocrx_word' id='word_1_338' title='bbox 131 2287 334 2327; x_wconf 84' lang='lat' dir='ltr'>attingerent.</span> <span class='ocrx_word' id='word_1_339' title='bbox 379 2289 443 2321; x_wconf 83' lang='lat' dir='ltr'>Sed</span> <span class='ocrx_word' id='word_1_340' title='bbox 467 2291 542 2330; x_wconf 85' lang='lat' dir='ltr'>quia</span> <span class='ocrx_word' id='word_1_341' title='bbox 565 2292 646 2323; x_wconf 86' lang='lat' dir='ltr'>alius</span> <span class='ocrx_word' id='word_1_342' title='bbox 675 2297 724 2323; x_wconf 86' lang='lat' dir='ltr'>est</span> <span class='ocrx_word' id='word_1_343' title='bbox 747 2293 842 2323; x_wconf 91' lang='lat' dir='ltr'>huius</span> <span class='ocrx_word' id='word_1_344' title='bbox 865 2294 1084 2324; x_wconf 85' lang='lat' dir='ltr'>caeremoniae</span> 
     </span>
     <span class='ocr_line' id='line_1_50' title="bbox 130 2329 1086 2376; baseline 0.008 -18"><span class='ocrx_word' id='word_1_345' title='bbox 130 2329 211 2376; x_wconf 68' lang='lat' dir='ltr'>finis,</span> <span class='ocrx_word' id='word_1_346' title='bbox 230 2340 343 2370; x_wconf 88' lang='lat' dir='ltr'>nempe</span> <span class='ocrx_word' id='word_1_347' title='bbox 362 2339 398 2363; x_wconf 82' lang='lat' dir='ltr'>ut,</span> <span class='ocrx_word' id='word_1_348' title='bbox 416 2333 542 2365; x_wconf 89' lang='lat' dir='ltr'>divinae</span> <span class='ocrx_word' id='word_1_349' title='bbox 561 2334 795 2366; x_wconf 83' lang='lat' dir='ltr'>maledictionis</span> <span class='ocrx_word' id='word_1_350' title='bbox 814 2336 980 2375; x_wconf 87' lang='lat' dir='ltr'>speculum</span> <span class='ocrx_word' id='word_1_351' title='bbox 1001 2340 1086 2367; x_wconf 84' lang='lat' dir='ltr'>esset</span> 
     </span>
     <span class='ocr_line' id='line_1_51' title="bbox 131 2374 1084 2419; baseline 0.009 -19"><span class='ocrx_word' id='word_1_352' title='bbox 131 2382 164 2401; x_wconf 87' lang='lat' dir='ltr'>in</span> <span class='ocrx_word' id='word_1_353' title='bbox 198 2376 299 2419; x_wconf 80' lang='lat' dir='ltr'>totum</span> <span class='ocrx_word' id='word_1_354' title='bbox 334 2374 507 2406; x_wconf 88' lang='lat' dir='ltr'>humanum</span> <span class='ocrx_word' id='word_1_355' title='bbox 543 2388 660 2417; x_wconf 84' lang='lat' dir='ltr'>genus,</span> <span class='ocrx_word' id='word_1_356' title='bbox 694 2378 757 2408; x_wconf 91' lang='lat' dir='ltr'>huc</span> <span class='ocrx_word' id='word_1_357' title='bbox 787 2378 890 2417; x_wconf 82' lang='lat' dir='ltr'>magis</span> <span class='ocrx_word' id='word_1_358' title='bbox 918 2378 1084 2409; x_wconf 86' lang='lat' dir='ltr'>attendere</span> 
     </span>
     <span class='ocr_line' id='line_1_52' title="bbox 132 2416 1084 2462; baseline 0.011 -20"><span class='ocrx_word' id='word_1_359' title='bbox 132 2420 295 2462; x_wconf 37' lang='lat' dir='ltr'>convenit..</span> <span class='ocrx_word' id='word_1_360' title='bbox 336 2416 430 2454; x_wconf 77' lang='lat' dir='ltr'>Quod</span> <span class='ocrx_word' id='word_1_361' title='bbox 458 2418 586 2457; x_wconf 88' lang='lat' dir='ltr'>quidam</span> <span class='ocrx_word' id='word_1_362' title='bbox 617 2421 720 2460; x_wconf 82' lang='lat' dir='ltr'>magis</span> <span class='ocrx_word' id='word_1_363' title='bbox 750 2421 783 2450; x_wconf 92' lang='lat' dir='ltr'>in</span> <span class='ocrx_word' id='word_1_364' title='bbox 814 2426 908 2460; x_wconf 87' lang='lat' dir='ltr'>partu</span> <span class='ocrx_word' id='word_1_365' title='bbox 939 2421 1084 2452; x_wconf 84' lang='lat' dir='ltr'>femellae</span> 
     </span>
     <span class='ocr_line' id='line_1_53' title="bbox 131 2459 1086 2504; baseline 0.01 -19"><span class='ocrx_word' id='word_1_366' title='bbox 131 2462 264 2504; x_wconf 79' lang='lat' dir='ltr'>matrem</span> <span class='ocrx_word' id='word_1_367' title='bbox 288 2459 447 2504; x_wconf 82' lang='lat' dir='ltr'>inquinari</span> <span class='ocrx_word' id='word_1_368' title='bbox 470 2462 622 2500; x_wconf 85' lang='lat' dir='ltr'>sentiunt,</span> <span class='ocrx_word' id='word_1_369' title='bbox 646 2463 719 2502; x_wconf 85' lang='lat' dir='ltr'>quia</span> <span class='ocrx_word' id='word_1_370' title='bbox 743 2464 774 2493; x_wconf 91' lang='lat' dir='ltr'>in</span> <span class='ocrx_word' id='word_1_371' title='bbox 799 2463 857 2494; x_wconf 93' lang='lat' dir='ltr'>hoc</span> <span class='ocrx_word' id='word_1_372' title='bbox 880 2474 960 2494; x_wconf 83' lang='lat' dir='ltr'>sexu</span> <span class='ocrx_word' id='word_1_373' title='bbox 985 2464 1086 2494; x_wconf 87' lang='lat' dir='ltr'>maior</span> 
     </span>
     <span class='ocr_line' id='line_1_54' title="bbox 131 2503 1086 2545; baseline 0.01 -18"><span class='ocrx_word' id='word_1_374' title='bbox 131 2503 173 2528; x_wconf 70' lang='lat' dir='ltr'>stt</span> <span class='ocrx_word' id='word_1_375' title='bbox 201 2505 372 2545; x_wconf 51' lang='lat' dir='ltr'>innocuae,</span> <span class='ocrx_word' id='word_1_376' title='bbox 407 2504 511 2533; x_wconf 85' lang='lat' dir='ltr'>nescio</span> <span class='ocrx_word' id='word_1_377' title='bbox 539 2515 580 2534; x_wconf 85' lang='lat' dir='ltr'>an</span> <span class='ocrx_word' id='word_1_378' title='bbox 611 2506 740 2536; x_wconf 88' lang='lat' dir='ltr'>firmum</span> <span class='ocrx_word' id='word_1_379' title='bbox 771 2506 821 2536; x_wconf 86' lang='lat' dir='ltr'>sit.</span> <span class='ocrx_word' id='word_1_380' title='bbox 868 2506 975 2545; x_wconf 83' lang='lat' dir='ltr'>Magis</span> <span class='ocrx_word' id='word_1_381' title='bbox 1005 2507 1086 2537; x_wconf 87' lang='lat' dir='ltr'>forte</span> 
     </span>
     <span class='ocr_line' id='line_1_55' title="bbox 132 2540 1085 2584; baseline 0.01 -14"><span class='ocrx_word' id='word_1_382' title='bbox 132 2540 293 2579; x_wconf 84' lang='lat' dir='ltr'>probabile</span> <span class='ocrx_word' id='word_1_383' title='bbox 315 2547 398 2573; x_wconf 87' lang='lat' dir='ltr'>esset</span> <span class='ocrx_word' id='word_1_384' title='bbox 421 2545 503 2584; x_wconf 92' lang='lat' dir='ltr'>quod</span> <span class='ocrx_word' id='word_1_385' title='bbox 526 2546 579 2577; x_wconf 88' lang='lat' dir='ltr'>alii</span> <span class='ocrx_word' id='word_1_386' title='bbox 602 2558 732 2579; x_wconf 85' lang='lat' dir='ltr'>causam</span> <span class='ocrx_word' id='word_1_387' title='bbox 757 2548 854 2580; x_wconf 86' lang='lat' dir='ltr'>fuisse</span> <span class='ocrx_word' id='word_1_388' title='bbox 880 2549 1085 2580; x_wconf 80' lang='lat' dir='ltr'>existimant:</span> 
     </span>
    </p>
   </div>
   <div class='ocr_carea' id='block_1_7' title="bbox 148 2598 329 2607">
    <p class='ocr_par' dir='ltr' id='par_1_8' title="bbox 148 2598 329 2607">
     <span class='ocr_line' id='line_1_56' title="bbox 148 2598 329 2607; baseline 0 0"><span class='ocrx_word' id='word_1_389' title='bbox 148 2598 329 2607; x_wconf 95' lang='lat' dir='ltr'> </span> 
     </span>
    </p>
   </div>
   <div class='ocr_carea' id='block_1_8' title="bbox 218 2632 522 2667">
    <p class='ocr_par' dir='ltr' id='par_1_9' title="bbox 218 2632 522 2667">
     <span class='ocr_line' id='line_1_57' title="bbox 218 2632 522 2667; baseline 0.02 -10"><span class='ocrx_word' id='word_1_390' title='bbox 218 2632 245 2665; x_wconf 92' lang='lat'>1)</span> <span class='ocrx_word' id='word_1_391' title='bbox 265 2633 406 2667; x_wconf 75' lang='lat' dir='ltr'>Princeps.-</span> <span class='ocrx_word' id='word_1_392' title='bbox 423 2645 522 2663; x_wconf 83' lang='lat' dir='ltr'>severe.</span> 
     </span>
    </p>
   </div>
   <div class='ocr_carea' id='block_1_9' title="bbox 862 199 1390 232">
    <p class='ocr_par' dir='ltr' id='par_1_10' title="bbox 862 199 1390 232">
     <span class='ocr_line' id='line_1_58' title="bbox 862 199 1390 232; baseline 0 -2"><span class='ocrx_word' id='word_1_393' title='bbox 862 199 1048 230; x_wconf 88' lang='lat' dir='ltr'>PRIMUM</span> <span class='ocrx_word' id='word_1_394' title='bbox 1070 199 1390 232; x_wconf 78' lang='lat' dir='ltr'>PRAECEPTUM.</span> 
     </span>
    </p>
   </div>
   <div class='ocr_carea' id='block_1_10' title="bbox 1110 295 1136 2285">
    <p class='ocr_par' dir='ltr' id='par_1_11' title="bbox 1110 295 1136 2285">
     <span class='ocr_line' id='line_1_59' title="bbox 1110 295 1136 2285; baseline 0 0"><span class='ocrx_word' id='word_1_395' title='bbox 1110 295 1136 2285; x_wconf 95' lang='lat' dir='ltr'> </span> 
     </span>
    </p>
   </div>
   <div class='ocr_carea' id='block_1_11' title="bbox 2053 199 2116 231">
    <p class='ocr_par' dir='ltr' id='par_1_12' title="bbox 2053 199 2116 231">
     <span class='ocr_line' id='line_1_60' title="bbox 2053 199 2116 231; baseline -0.016 0"><span class='ocrx_word' id='word_1_396' title='bbox 2053 199 2116 231; x_wconf 85' lang='lat'>314</span> 
     </span>
    </p>
   </div>
   <div class='ocr_carea' id='block_1_12' title="bbox 1149 292 2115 968">
    <p class='ocr_par' dir='ltr' id='par_1_13' title="bbox 1149 292 2115 968">
     <span class='ocr_line' id='line_1_61' title="bbox 1158 292 2115 332; baseline 0.002 -10"><span class='ocrx_word' id='word_1_397' title='bbox 1158 292 1233 331; x_wconf 89' lang='lat' dir='ltr'>quia</span> <span class='ocrx_word' id='word_1_398' title='bbox 1256 293 1371 323; x_wconf 88' lang='lat' dir='ltr'>mulier</span> <span class='ocrx_word' id='word_1_399' title='bbox 1389 293 1517 323; x_wconf 86' lang='lat' dir='ltr'>initium</span> <span class='ocrx_word' id='word_1_400' title='bbox 1538 293 1596 323; x_wconf 90' lang='lat' dir='ltr'>fuit</span> <span class='ocrx_word' id='word_1_401' title='bbox 1616 293 1811 330; x_wconf 85' lang='lat' dir='ltr'>defectionis,</span> <span class='ocrx_word' id='word_1_402' title='bbox 1835 292 1910 323; x_wconf 90' lang='lat' dir='ltr'>dum</span> <span class='ocrx_word' id='word_1_403' title='bbox 1932 303 1950 323; x_wconf 86' lang='lat' dir='ltr'>a</span> <span class='ocrx_word' id='word_1_404' title='bbox 1968 298 2115 332; x_wconf 85' lang='lat' dir='ltr'>serpente</span> 
     </span>
     <span class='ocr_line' id='line_1_62' title="bbox 1158 334 2114 375; baseline 0.001 -11"><span class='ocrx_word' id='word_1_405' title='bbox 1158 334 1291 373; x_wconf 86' lang='lat' dir='ltr'>decepta</span> <span class='ocrx_word' id='word_1_406' title='bbox 1310 335 1461 365; x_wconf 83' lang='lat' dir='ltr'>maritum</span> <span class='ocrx_word' id='word_1_407' title='bbox 1486 346 1593 366; x_wconf 87' lang='lat' dir='ltr'>secum</span> <span class='ocrx_word' id='word_1_408' title='bbox 1617 335 1764 375; x_wconf 80' lang='lat' dir='ltr'>perdidit,</span> <span class='ocrx_word' id='word_1_409' title='bbox 1787 340 1819 365; x_wconf 88' lang='lat' dir='ltr'>et</span> <span class='ocrx_word' id='word_1_410' title='bbox 1842 339 1983 375; x_wconf 84' lang='lat' dir='ltr'>posteros</span> <span class='ocrx_word' id='word_1_411' title='bbox 2005 345 2114 366; x_wconf 86' lang='lat' dir='ltr'>secum</span> 
     </span>
     <span class='ocr_line' id='line_1_63' title="bbox 1157 377 2113 409; baseline 0.001 -2"><span class='ocrx_word' id='word_1_412' title='bbox 1157 377 1259 407; x_wconf 76' lang='lat' dir='ltr'>traxit</span> <span class='ocrx_word' id='word_1_413' title='bbox 1291 377 1325 407; x_wconf 86' lang='lat' dir='ltr'>in</span> <span class='ocrx_word' id='word_1_414' title='bbox 1359 377 1493 408; x_wconf 86' lang='lat' dir='ltr'>eandem</span> <span class='ocrx_word' id='word_1_415' title='bbox 1529 379 1666 408; x_wconf 83' lang='lat' dir='ltr'>ruinam.</span> <span class='ocrx_word' id='word_1_416' title='bbox 1722 377 1804 408; x_wconf 92' lang='lat' dir='ltr'>Mihi</span> <span class='ocrx_word' id='word_1_417' title='bbox 1845 383 1953 408; x_wconf 85' lang='lat' dir='ltr'>tamen</span> <span class='ocrx_word' id='word_1_418' title='bbox 1992 378 2113 409; x_wconf 87' lang='lat' dir='ltr'>rectius</span> 
     </span>
     <span class='ocr_line' id='line_1_64' title="bbox 1156 420 2113 459; baseline 0.002 -10"><span class='ocrx_word' id='word_1_419' title='bbox 1156 420 1283 450; x_wconf 83' lang='lat' dir='ltr'>Videtur</span> <span class='ocrx_word' id='word_1_420' title='bbox 1314 420 1565 451; x_wconf 83' lang='lat' dir='ltr'>circumcisionis</span> <span class='ocrx_word' id='word_1_421' title='bbox 1594 426 1738 459; x_wconf 86' lang='lat' dir='ltr'>respectu</span> <span class='ocrx_word' id='word_1_422' title='bbox 1771 421 1908 451; x_wconf 86' lang='lat' dir='ltr'>levatam</span> <span class='ocrx_word' id='word_1_423' title='bbox 1937 420 1988 450; x_wconf 87' lang='lat' dir='ltr'>vel</span> <span class='ocrx_word' id='word_1_424' title='bbox 2020 420 2113 451; x_wconf 89' lang='lat' dir='ltr'>dimi-</span> 
     </span>
     <span class='ocr_line' id='line_1_65' title="bbox 1154 462 2113 502; baseline 0.002 -11"><span class='ocrx_word' id='word_1_425' title='bbox 1154 467 1265 492; x_wconf 82' lang='lat' dir='ltr'>nutam</span> <span class='ocrx_word' id='word_1_426' title='bbox 1290 463 1386 493; x_wconf 84' lang='lat' dir='ltr'>fuisse</span> <span class='ocrx_word' id='word_1_427' title='bbox 1410 473 1542 502; x_wconf 88' lang='lat' dir='ltr'>poenam</span> <span class='ocrx_word' id='word_1_428' title='bbox 1564 463 1597 493; x_wconf 90' lang='lat' dir='ltr'>in</span> <span class='ocrx_word' id='word_1_429' title='bbox 1621 463 1781 494; x_wconf 85' lang='lat' dir='ltr'>masculis.</span> <span class='ocrx_word' id='word_1_430' title='bbox 1823 462 1895 493; x_wconf 84' lang='lat' dir='ltr'>Etsi</span> <span class='ocrx_word' id='word_1_431' title='bbox 1919 463 2004 493; x_wconf 87' lang='lat' dir='ltr'>enim</span> <span class='ocrx_word' id='word_1_432' title='bbox 2024 463 2113 493; x_wconf 85' lang='lat' dir='ltr'>Deus</span> 
     </span>
     <span class='ocr_line' id='line_1_66' title="bbox 1153 504 2112 544; baseline 0.001 -10"><span class='ocrx_word' id='word_1_433' title='bbox 1153 504 1299 543; x_wconf 85' lang='lat' dir='ltr'>symbolo</span> <span class='ocrx_word' id='word_1_434' title='bbox 1321 504 1375 535; x_wconf 94' lang='lat' dir='ltr'>illo</span> <span class='ocrx_word' id='word_1_435' title='bbox 1395 510 1568 544; x_wconf 88' lang='lat' dir='ltr'>utrumque</span> <span class='ocrx_word' id='word_1_436' title='bbox 1587 516 1698 535; x_wconf 77' lang='lat' dir='ltr'>sexum</span> <span class='ocrx_word' id='word_1_437' title='bbox 1723 505 1784 536; x_wconf 89' lang='lat' dir='ltr'>sibi</span> <span class='ocrx_word' id='word_1_438' title='bbox 1806 504 2021 542; x_wconf 84' lang='lat' dir='ltr'>consecrabat,</span> <span class='ocrx_word' id='word_1_439' title='bbox 2046 505 2112 536; x_wconf 87' lang='lat' dir='ltr'>sin-</span> 
     </span>
     <span class='ocr_line' id='line_1_67' title="bbox 1153 546 2112 588; baseline 0.002 -12"><span class='ocrx_word' id='word_1_440' title='bbox 1153 546 1257 585; x_wconf 82' lang='lat' dir='ltr'>gulari</span> <span class='ocrx_word' id='word_1_441' title='bbox 1282 552 1388 577; x_wconf 84' lang='lat' dir='ltr'>tamen</span> <span class='ocrx_word' id='word_1_442' title='bbox 1413 548 1516 587; x_wconf 79' lang='lat' dir='ltr'>gratia</span> <span class='ocrx_word' id='word_1_443' title='bbox 1537 547 1688 588; x_wconf 77' lang='lat' dir='ltr'>dignatus</span> <span class='ocrx_word' id='word_1_444' title='bbox 1719 551 1768 578; x_wconf 86' lang='lat' dir='ltr'>est</span> <span class='ocrx_word' id='word_1_445' title='bbox 1795 548 1970 584; x_wconf 85' lang='lat' dir='ltr'>masculos,</span> <span class='ocrx_word' id='word_1_446' title='bbox 2000 547 2112 578; x_wconf 75' lang='lat' dir='ltr'>foedus</span> 
     </span>
     <span class='ocr_line' id='line_1_68' title="bbox 1153 589 2110 628; baseline 0.002 -10"><span class='ocrx_word' id='word_1_447' title='bbox 1153 599 1245 619; x_wconf 87' lang='lat' dir='ltr'>suum</span> <span class='ocrx_word' id='word_1_448' title='bbox 1271 590 1301 619; x_wconf 91' lang='lat' dir='ltr'>in</span> <span class='ocrx_word' id='word_1_449' title='bbox 1326 600 1437 619; x_wconf 86' lang='lat' dir='ltr'>eorum</span> <span class='ocrx_word' id='word_1_450' title='bbox 1461 601 1556 621; x_wconf 86' lang='lat' dir='ltr'>carne</span> <span class='ocrx_word' id='word_1_451' title='bbox 1579 590 1732 621; x_wconf 84' lang='lat' dir='ltr'>incidens.</span> <span class='ocrx_word' id='word_1_452' title='bbox 1779 589 1889 628; x_wconf 80' lang='lat' dir='ltr'>Quare</span> <span class='ocrx_word' id='word_1_453' title='bbox 1914 594 1945 620; x_wconf 82' lang='lat' dir='ltr'>et</span> <span class='ocrx_word' id='word_1_454' title='bbox 1975 590 2110 621; x_wconf 88' lang='lat' dir='ltr'>circum-</span> 
     </span>
     <span class='ocr_line' id='line_1_69' title="bbox 1153 631 2111 664; baseline 0.003 -4"><span class='ocrx_word' id='word_1_455' title='bbox 1153 631 1280 661; x_wconf 81' lang='lat' dir='ltr'>cisionis</span> <span class='ocrx_word' id='word_1_456' title='bbox 1305 642 1414 662; x_wconf 90' lang='lat' dir='ltr'>eorum</span> <span class='ocrx_word' id='word_1_457' title='bbox 1446 632 1562 663; x_wconf 84' lang='lat' dir='ltr'>diserte</span> <span class='ocrx_word' id='word_1_458' title='bbox 1591 633 1752 663; x_wconf 81' lang='lat' dir='ltr'>meminit:</span> <span class='ocrx_word' id='word_1_459' title='bbox 1782 633 1833 664; x_wconf 89' lang='lat' dir='ltr'>cui</span> <span class='ocrx_word' id='word_1_460' title='bbox 1864 632 2015 663; x_wconf 86' lang='lat' dir='ltr'>adiuncta</span> <span class='ocrx_word' id='word_1_461' title='bbox 2042 636 2111 663; x_wconf 84' lang='lat' dir='ltr'>erat</span> 
     </span>
     <span class='ocr_line' id='line_1_70' title="bbox 1152 672 2109 715; baseline 0.002 -12"><span class='ocrx_word' id='word_1_462' title='bbox 1152 672 1307 712; x_wconf 71' lang='lat' dir='ltr'>dignitas,</span> <span class='ocrx_word' id='word_1_463' title='bbox 1337 680 1372 704; x_wconf 90' lang='lat' dir='ltr'>ut</span> <span class='ocrx_word' id='word_1_464' title='bbox 1400 675 1527 705; x_wconf 88' lang='lat' dir='ltr'>feminis</span> <span class='ocrx_word' id='word_1_465' title='bbox 1555 675 1796 714; x_wconf 80' lang='lat' dir='ltr'>praecellerent.</span> <span class='ocrx_word' id='word_1_466' title='bbox 1842 674 1882 705; x_wconf 89' lang='lat' dir='ltr'>In</span> <span class='ocrx_word' id='word_1_467' title='bbox 1905 676 1969 705; x_wconf 90' lang='lat' dir='ltr'>fine</span> <span class='ocrx_word' id='word_1_468' title='bbox 1997 675 2109 715; x_wconf 85' lang='lat' dir='ltr'>capitis</span> 
     </span>
     <span class='ocr_line' id='line_1_71' title="bbox 1152 716 2109 757; baseline 0.003 -12"><span class='ocrx_word' id='word_1_469' title='bbox 1152 725 1328 755; x_wconf 78' lang='lat' dir='ltr'>pauperum</span> <span class='ocrx_word' id='word_1_470' title='bbox 1342 716 1479 747; x_wconf 84' lang='lat' dir='ltr'>habetur</span> <span class='ocrx_word' id='word_1_471' title='bbox 1497 718 1586 753; x_wconf 81' lang='lat' dir='ltr'>ratio,</span> <span class='ocrx_word' id='word_1_472' title='bbox 1607 729 1656 755; x_wconf 85' lang='lat' dir='ltr'>ne,</span> <span class='ocrx_word' id='word_1_473' title='bbox 1675 718 1701 748; x_wconf 85' lang='lat' dir='ltr'>si</span> <span class='ocrx_word' id='word_1_474' title='bbox 1721 718 1821 748; x_wconf 90' lang='lat' dir='ltr'>nimio</span> <span class='ocrx_word' id='word_1_475' title='bbox 1840 722 1970 757; x_wconf 87' lang='lat' dir='ltr'>sumptu</span> <span class='ocrx_word' id='word_1_476' title='bbox 1983 718 2109 757; x_wconf 81' lang='lat' dir='ltr'>gravati</span> 
     </span>
     <span class='ocr_line' id='line_1_72' title="bbox 1152 758 2109 799; baseline 0.002 -11"><span class='ocrx_word' id='word_1_477' title='bbox 1152 764 1273 796; x_wconf 86' lang='lat' dir='ltr'>essent,</span> <span class='ocrx_word' id='word_1_478' title='bbox 1305 758 1460 789; x_wconf 83' lang='lat' dir='ltr'>tardiores</span> <span class='ocrx_word' id='word_1_479' title='bbox 1484 760 1521 790; x_wconf 86' lang='lat' dir='ltr'>ad</span> <span class='ocrx_word' id='word_1_480' title='bbox 1546 760 1647 799; x_wconf 81' lang='lat' dir='ltr'>legem</span> <span class='ocrx_word' id='word_1_481' title='bbox 1673 760 1863 791; x_wconf 87' lang='lat' dir='ltr'>servandam</span> <span class='ocrx_word' id='word_1_482' title='bbox 1887 759 2109 790; x_wconf 86' lang='lat' dir='ltr'>redderentur.</span> 
     </span>
     <span class='ocr_line' id='line_1_73' title="bbox 1150 800 2110 842; baseline 0.002 -11"><span class='ocrx_word' id='word_1_483' title='bbox 1150 800 1244 831; x_wconf 84' lang='lat' dir='ltr'>Unde</span> <span class='ocrx_word' id='word_1_484' title='bbox 1274 801 1470 841; x_wconf 79' lang='lat' dir='ltr'>colligimus,</span> <span class='ocrx_word' id='word_1_485' title='bbox 1500 802 1605 832; x_wconf 87' lang='lat' dir='ltr'>Deum</span> <span class='ocrx_word' id='word_1_486' title='bbox 1636 808 1786 833; x_wconf 76' lang='lat' dir='ltr'>externas</span> <span class='ocrx_word' id='word_1_487' title='bbox 1816 812 1951 842; x_wconf 87' lang='lat' dir='ltr'>pompas</span> <span class='ocrx_word' id='word_1_488' title='bbox 1980 806 2012 832; x_wconf 84' lang='lat' dir='ltr'>et</span> <span class='ocrx_word' id='word_1_489' title='bbox 2033 812 2110 842; x_wconf 81' lang='lat' dir='ltr'>opes</span> 
     </span>
     <span class='ocr_line' id='line_1_74' title="bbox 1150 843 2109 885; baseline 0.002 -12"><span class='ocrx_word' id='word_1_490' title='bbox 1150 843 1231 873; x_wconf 89' lang='lat' dir='ltr'>nihil</span> <span class='ocrx_word' id='word_1_491' title='bbox 1262 844 1396 874; x_wconf 88' lang='lat' dir='ltr'>morari:</span> <span class='ocrx_word' id='word_1_492' title='bbox 1428 854 1525 883; x_wconf 90' lang='lat' dir='ltr'>quum</span> <span class='ocrx_word' id='word_1_493' title='bbox 1556 846 1708 885; x_wconf 78' lang='lat' dir='ltr'>exiguum</span> <span class='ocrx_word' id='word_1_494' title='bbox 1740 846 1889 885; x_wconf 85' lang='lat' dir='ltr'>pauperis</span> <span class='ocrx_word' id='word_1_495' title='bbox 1916 845 2109 876; x_wconf 79' lang='lat' dir='ltr'>sacrificium</span> 
     </span>
     <span class='ocr_line' id='line_1_75' title="bbox 1150 886 2108 927; baseline 0.001 -11"><span class='ocrx_word' id='word_1_496' title='bbox 1150 896 1206 924; x_wconf 88' lang='lat' dir='ltr'>pro</span> <span class='ocrx_word' id='word_1_497' title='bbox 1225 886 1353 926; x_wconf 87' lang='lat' dir='ltr'>inopiae</span> <span class='ocrx_word' id='word_1_498' title='bbox 1372 886 1509 921; x_wconf 85' lang='lat' dir='ltr'>modulo⁷</span> <span class='ocrx_word' id='word_1_499' title='bbox 1530 897 1595 917; x_wconf 89' lang='lat' dir='ltr'>non</span> <span class='ocrx_word' id='word_1_500' title='bbox 1612 887 1718 918; x_wconf 86' lang='lat' dir='ltr'>minus</span> <span class='ocrx_word' id='word_1_501' title='bbox 1737 898 1831 927; x_wconf 86' lang='lat' dir='ltr'>quam</span> <span class='ocrx_word' id='word_1_502' title='bbox 1851 888 1971 927; x_wconf 83' lang='lat' dir='ltr'>pingue</span> <span class='ocrx_word' id='word_1_503' title='bbox 1989 887 2108 925; x_wconf 89' lang='lat' dir='ltr'>divitis,</span> 
     </span>
     <span class='ocr_line' id='line_1_76' title="bbox 1149 929 1456 968; baseline 0.003 -10"><span class='ocrx_word' id='word_1_504' title='bbox 1149 934 1276 968; x_wconf 80' lang='lat' dir='ltr'>gratum</span> <span class='ocrx_word' id='word_1_505' title='bbox 1300 929 1328 958; x_wconf 89' lang='lat' dir='ltr'>ei</span> <span class='ocrx_word' id='word_1_506' title='bbox 1353 929 1456 959; x_wconf 90' lang='lat' dir='ltr'>fuerit.</span> 
     </span>
    </p>
   </div>
   <div class='ocr_carea' id='block_1_13' title="bbox 1391 1098 1861 1139">
    <p class='ocr_par' dir='ltr' id='par_1_14' title="bbox 1391 1098 1861 1139">
     <span class='ocr_line' id='line_1_77' title="bbox 1391 1098 1861 1139; baseline 0 -10"><span class='ocrx_word' id='word_1_507' title='bbox 1391 1098 1453 1129; x_wconf 87' lang='lat' dir='ltr'>EX</span> <span class='ocrx_word' id='word_1_508' title='bbox 1478 1099 1671 1131; x_wconf 80' lang='lat' dir='ltr'>DEUTER.</span> <span class='ocrx_word' id='word_1_509' title='bbox 1696 1099 1815 1130; x_wconf 88' lang='lat' dir='ltr'>XXIV</span> <span class='ocrx_word' id='word_1_510' title='bbox 1830 1099 1861 1139; x_wconf 77' lang='lat'>¹).</span> 
     </span>
    </p>
   </div>
   <div class='ocr_carea' id='block_1_14' title="bbox 1144 1183 2108 1394">
    <p class='ocr_par' dir='ltr' id='par_1_15' title="bbox 1144 1183 2108 1394">
     <span class='ocr_line' id='line_1_78' title="bbox 1230 1183 2107 1224; baseline 0 -10"><span class='ocrx_word' id='word_1_511' title='bbox 1230 1183 1257 1214; x_wconf 79' lang='lat'>8.</span> <span class='ocrx_word' id='word_1_512' title='bbox 1298 1183 1432 1214; x_wconf 60' lang='lat' dir='ltr'>Observa</span> <span class='ocrx_word' id='word_1_513' title='bbox 1465 1184 1498 1214; x_wconf 75' lang='lat' dir='ltr'>in</span> <span class='ocrx_word' id='word_1_514' title='bbox 1529 1184 1621 1224; x_wconf 72' lang='lat' dir='ltr'>playa</span> <span class='ocrx_word' id='word_1_515' title='bbox 1655 1184 1772 1222; x_wconf 79' lang='lat' dir='ltr'>leprae,</span> <span class='ocrx_word' id='word_1_516' title='bbox 1814 1184 1854 1215; x_wconf 80' lang='lat' dir='ltr'>acl</span> <span class='ocrx_word' id='word_1_517' title='bbox 1888 1184 2107 1214; x_wconf 80' lang='lat' dir='ltr'>observandum</span> 
     </span>
     <span class='ocr_line' id='line_1_79' title="bbox 1144 1225 2108 1265; baseline 0.002 -10"><span class='ocrx_word' id='word_1_518' title='bbox 1144 1225 1305 1265; x_wconf 70' lang='lat' dir='ltr'>diliyenter</span> <span class='ocrx_word' id='word_1_519' title='bbox 1317 1230 1343 1256; x_wconf 86' lang='lat' dir='ltr'>et</span> <span class='ocrx_word' id='word_1_520' title='bbox 1360 1227 1535 1265; x_wconf 74' lang='lat' dir='ltr'>faciendum</span> <span class='ocrx_word' id='word_1_521' title='bbox 1555 1227 1719 1257; x_wconf 78' lang='lat' dir='ltr'>secundum</span> <span class='ocrx_word' id='word_1_522' title='bbox 1739 1227 1842 1257; x_wconf 79' lang='lat' dir='ltr'>omnia</span> <span class='ocrx_word' id='word_1_523' title='bbox 1857 1237 1936 1265; x_wconf 81' lang='lat' dir='ltr'>quae</span> <span class='ocrx_word' id='word_1_524' title='bbox 1947 1227 2108 1258; x_wconf 83' lang='lat' dir='ltr'>docuerint</span> 
     </span>
     <span class='ocr_line' id='line_1_80' title="bbox 1145 1269 2107 1308; baseline 0.001 -10"><span class='ocrx_word' id='word_1_525' title='bbox 1145 1278 1197 1299; x_wconf 83' lang='lat' dir='ltr'>vos</span> <span class='ocrx_word' id='word_1_526' title='bbox 1219 1269 1388 1299; x_wconf 67' lang='lat' dir='ltr'>sacerdotes</span> <span class='ocrx_word' id='word_1_527' title='bbox 1412 1269 1551 1299; x_wconf 76' lang='lat' dir='ltr'>Levitae:</span> <span class='ocrx_word' id='word_1_528' title='bbox 1573 1270 1663 1299; x_wconf 81' lang='lat' dir='ltr'>sicuti</span> <span class='ocrx_word' id='word_1_529' title='bbox 1679 1269 1826 1308; x_wconf 72' lang='lat' dir='ltr'>praecepi</span> <span class='ocrx_word' id='word_1_530' title='bbox 1849 1269 1908 1306; x_wconf 82' lang='lat' dir='ltr'>eis,</span> <span class='ocrx_word' id='word_1_531' title='bbox 1939 1270 1983 1299; x_wconf 77' lang='lat' dir='ltr'>ita</span> <span class='ocrx_word' id='word_1_532' title='bbox 2006 1269 2107 1300; x_wconf 83' lang='lat' dir='ltr'>obser-</span> 
     </span>
     <span class='ocr_line' id='line_1_81' title="bbox 1144 1310 2107 1350; baseline 0.002 -10"><span class='ocrx_word' id='word_1_533' title='bbox 1144 1310 1257 1342; x_wconf 72' lang='lat' dir='ltr'>vabitis</span> <span class='ocrx_word' id='word_1_534' title='bbox 1276 1312 1318 1342; x_wconf 84' lang='lat' dir='ltr'>ad</span> <span class='ocrx_word' id='word_1_535' title='bbox 1334 1312 1518 1350; x_wconf 58' lang='lat' dir='ltr'>faciendum.</span> <span class='ocrx_word' id='word_1_536' title='bbox 1549 1312 1577 1342; x_wconf 87' lang='lat'>9.</span> <span class='ocrx_word' id='word_1_537' title='bbox 1600 1312 1771 1343; x_wconf 78' lang='lat' dir='ltr'>Recordare</span> <span class='ocrx_word' id='word_1_538' title='bbox 1783 1312 1859 1350; x_wconf 72' lang='lat' dir='ltr'>quid</span> <span class='ocrx_word' id='word_1_539' title='bbox 1875 1311 1980 1350; x_wconf 77' lang='lat' dir='ltr'>fecerit</span> <span class='ocrx_word' id='word_1_540' title='bbox 1993 1311 2107 1342; x_wconf 70' lang='lat' dir='ltr'>Ieliora</span> 
     </span>
     <span class='ocr_line' id='line_1_82' title="bbox 1144 1353 2106 1394; baseline 0 -10"><span class='ocrx_word' id='word_1_541' title='bbox 1144 1353 1234 1385; x_wconf 80' lang='lat' dir='ltr'>Dens</span> <span class='ocrx_word' id='word_1_542' title='bbox 1256 1357 1328 1384; x_wconf 81' lang='lat' dir='ltr'>tuns</span> <span class='ocrx_word' id='word_1_543' title='bbox 1352 1353 1476 1384; x_wconf 79' lang='lat' dir='ltr'>Mariae</span> <span class='ocrx_word' id='word_1_544' title='bbox 1498 1354 1531 1384; x_wconf 76' lang='lat' dir='ltr'>in</span> <span class='ocrx_word' id='word_1_545' title='bbox 1557 1355 1680 1390; x_wconf 78' lang='lat' dir='ltr'>itinere,</span> <span class='ocrx_word' id='word_1_546' title='bbox 1709 1365 1803 1393; x_wconf 80' lang='lat' dir='ltr'>quum</span> <span class='ocrx_word' id='word_1_547' title='bbox 1833 1354 1945 1394; x_wconf 73' lang='lat' dir='ltr'>eqressi</span> <span class='ocrx_word' id='word_1_548' title='bbox 1974 1354 2045 1384; x_wconf 82' lang='lat' dir='ltr'>estis</span> <span class='ocrx_word' id='word_1_549' title='bbox 2069 1363 2106 1384; x_wconf 75' lang='lat' dir='ltr'>ex</span> 
     </span>
    </p>
   </div>
   <div class='ocr_carea' id='block_1_15' title="bbox 1144 1397 1289 1436">
    <p class='ocr_par' dir='ltr' id='par_1_16' title="bbox 1144 1397 1289 1436">
     <span class='ocr_line' id='line_1_83' title="bbox 1144 1397 1289 1436; baseline 0.007 -10"><span class='ocrx_word' id='word_1_550' title='bbox 1144 1397 1289 1436; x_wconf 74' lang='lat' dir='ltr'>Aeyypto.</span> 
     </span>
    </p>
   </div>
   <div class='ocr_carea' id='block_1_16' title="bbox 1460 1566 1781 1597">
    <p class='ocr_par' dir='ltr' id='par_1_17' title="bbox 1460 1566 1781 1597">
     <span class='ocr_line' id='line_1_84' title="bbox 1460 1566 1781 1597; baseline 0 -1"><span class='ocrx_word' id='word_1_551' title='bbox 1460 1566 1523 1596; x_wconf 75' lang='lat' dir='ltr'>EX</span> <span class='ocrx_word' id='word_1_552' title='bbox 1547 1566 1717 1597; x_wconf 87' lang='lat' dir='ltr'>NUMER.</span> <span class='ocrx_word' id='word_1_553' title='bbox 1742 1566 1781 1596; x_wconf 92' lang='lat' dir='ltr'>V.</span> 
     </span>
    </p>
   </div>
   <div class='ocr_carea' id='block_1_17' title="bbox 1137 1649 2101 1857">
    <p class='ocr_par' dir='ltr' id='par_1_18' title="bbox 1137 1649 2101 1857">
     <span class='ocr_line' id='line_1_85' title="bbox 1229 1649 2100 1689; baseline -0.001 -8"><span class='ocrx_word' id='word_1_554' title='bbox 1229 1652 1254 1682; x_wconf 89' lang='lat'>1.</span> <span class='ocrx_word' id='word_1_555' title='bbox 1288 1651 1329 1682; x_wconf 73' lang='lat' dir='ltr'>Et</span> <span class='ocrx_word' id='word_1_556' title='bbox 1360 1652 1502 1689; x_wconf 73' lang='lat' dir='ltr'>loquutus</span> <span class='ocrx_word' id='word_1_557' title='bbox 1532 1654 1575 1681; x_wconf 78' lang='lat' dir='ltr'>cst</span> <span class='ocrx_word' id='word_1_558' title='bbox 1598 1651 1709 1681; x_wconf 76' lang='lat' dir='ltr'>Ieltora</span> <span class='ocrx_word' id='word_1_559' title='bbox 1738 1651 1779 1681; x_wconf 83' lang='lat' dir='ltr'>ad</span> <span class='ocrx_word' id='word_1_560' title='bbox 1804 1649 1929 1686; x_wconf 81' lang='lat' dir='ltr'>Mosen,</span> <span class='ocrx_word' id='word_1_561' title='bbox 1959 1650 2100 1681; x_wconf 78' lang='lat' dir='ltr'>dicendo.-</span> 
     </span>
     <span class='ocr_line' id='line_1_86' title="bbox 1140 1693 2100 1733; baseline -0.001 -9"><span class='ocrx_word' id='word_1_562' title='bbox 1140 1694 1167 1724; x_wconf 75' lang='lat'>2.</span> <span class='ocrx_word' id='word_1_563' title='bbox 1201 1694 1354 1733; x_wconf 70' lang='lat' dir='ltr'>Praccipe</span> <span class='ocrx_word' id='word_1_564' title='bbox 1382 1694 1460 1731; x_wconf 63' lang='lat' dir='ltr'>filiis</span> <span class='ocrx_word' id='word_1_565' title='bbox 1482 1694 1583 1724; x_wconf 83' lang='lat' dir='ltr'>Israel</span> <span class='ocrx_word' id='word_1_566' title='bbox 1611 1696 1645 1724; x_wconf 82' lang='lat' dir='ltr'>ut</span> <span class='ocrx_word' id='word_1_567' title='bbox 1666 1694 1791 1724; x_wconf 66' lang='lat' dir='ltr'>eliciant</span> <span class='ocrx_word' id='word_1_568' title='bbox 1811 1704 1825 1723; x_wconf 91' lang='lat' dir='ltr'>e</span> <span class='ocrx_word' id='word_1_569' title='bbox 1848 1693 1960 1724; x_wconf 81' lang='lat' dir='ltr'>castris</span> <span class='ocrx_word' id='word_1_570' title='bbox 1982 1702 2100 1724; x_wconf 79' lang='lat' dir='ltr'>omnem</span> 
     </span>
     <span class='ocr_line' id='line_1_87' title="bbox 1138 1736 2100 1776; baseline -0.002 -8"><span class='ocrx_word' id='word_1_571' title='bbox 1138 1737 1307 1776; x_wconf 78' lang='lat' dir='ltr'>leprosum,</span> <span class='ocrx_word' id='word_1_572' title='bbox 1331 1746 1447 1767; x_wconf 82' lang='lat' dir='ltr'>omnem</span> <span class='ocrx_word' id='word_1_573' title='bbox 1469 1736 1690 1774; x_wconf 70' lang='lat' dir='ltr'>seminifluum,</span> <span class='ocrx_word' id='word_1_574' title='bbox 1717 1738 1744 1766; x_wconf 88' lang='lat' dir='ltr'>et</span> <span class='ocrx_word' id='word_1_575' title='bbox 1766 1745 1882 1766; x_wconf 84' lang='lat' dir='ltr'>omnem</span> <span class='ocrx_word' id='word_1_576' title='bbox 1904 1736 2100 1766; x_wconf 79' lang='lat' dir='ltr'>immundum</span> 
     </span>
     <span class='ocr_line' id='line_1_88' title="bbox 1137 1778 2100 1819; baseline -0.002 -9"><span class='ocrx_word' id='word_1_577' title='bbox 1137 1790 1230 1819; x_wconf 73' lang='lat' dir='ltr'>super</span> <span class='ocrx_word' id='word_1_578' title='bbox 1266 1780 1381 1810; x_wconf 82' lang='lat' dir='ltr'>anima.</span> <span class='ocrx_word' id='word_1_579' title='bbox 1439 1778 1467 1809; x_wconf 84' lang='lat'>3.</span> <span class='ocrx_word' id='word_1_580' title='bbox 1506 1779 1584 1810; x_wconf 87' lang='lat' dir='ltr'>Tam</span> <span class='ocrx_word' id='word_1_581' title='bbox 1616 1779 1786 1810; x_wconf 82' lang='lat' dir='ltr'>masculum</span> <span class='ocrx_word' id='word_1_582' title='bbox 1819 1788 1912 1817; x_wconf 76' lang='lat' dir='ltr'>quam</span> <span class='ocrx_word' id='word_1_583' title='bbox 1950 1778 2100 1817; x_wconf 83' lang='lat' dir='ltr'>feminam</span> 
     </span>
     <span class='ocr_line' id='line_1_89' title="bbox 1137 1821 2101 1857; baseline -0.002 -4"><span class='ocrx_word' id='word_1_584' title='bbox 1137 1823 1280 1853; x_wconf 77' lang='lat' dir='ltr'>eiicietz&#39;s:</span> <span class='ocrx_word' id='word_1_585' title='bbox 1315 1825 1401 1853; x_wconf 71' lang='lat' dir='ltr'>extra</span> <span class='ocrx_word' id='word_1_586' title='bbox 1435 1824 1539 1853; x_wconf 82' lang='lat' dir='ltr'>eastra</span> <span class='ocrx_word' id='word_1_587' title='bbox 1572 1822 1701 1852; x_wconf 79' lang='lat' dir='ltr'>eiicietis</span> <span class='ocrx_word' id='word_1_588' title='bbox 1737 1831 1801 1857; x_wconf 79' lang='lat' dir='ltr'>eos,</span> <span class='ocrx_word' id='word_1_589' title='bbox 1835 1831 1872 1851; x_wconf 87' lang='lat' dir='ltr'>ne</span> <span class='ocrx_word' id='word_1_590' title='bbox 1898 1821 2101 1852; x_wconf 77' lang='lat' dir='ltr'>contaminent</span> 
     </span>
    </p>
   </div>
   <div class='ocr_carea' id='block_1_18' title="bbox 1137 1863 1935 1904">
    <p class='ocr_par' dir='ltr' id='par_1_19' title="bbox 1137 1863 1935 1904">
     <span class='ocr_line' id='line_1_90' title="bbox 1137 1863 1935 1904; baseline -0.005 -7"><span class='ocrx_word' id='word_1_591' title='bbox 1137 1869 1239 1897; x_wconf 78' lang='lat' dir='ltr'>castra</span> <span class='ocrx_word' id='word_1_592' title='bbox 1262 1875 1331 1902; x_wconf 84' lang='lat' dir='ltr'>sua,</span> <span class='ocrx_word' id='word_1_593' title='bbox 1355 1865 1430 1904; x_wconf 77' lang='lat' dir='ltr'>quia</span> <span class='ocrx_word' id='word_1_594' title='bbox 1452 1875 1503 1904; x_wconf 68' lang='lat' dir='ltr'>eqo</span> <span class='ocrx_word' id='word_1_595' title='bbox 1525 1863 1626 1895; x_wconf 74' lang='lat' dir='ltr'>habito</span> <span class='ocrx_word' id='word_1_596' title='bbox 1649 1865 1682 1895; x_wconf 52' lang='lat' dir='ltr'>&#39;in</span> <span class='ocrx_word' id='word_1_597' title='bbox 1704 1863 1800 1894; x_wconf 80' lang='lat' dir='ltr'>medio</span> <span class='ocrx_word' id='word_1_598' title='bbox 1820 1873 1935 1894; x_wconf 85' lang='lat' dir='ltr'>eorum.</span> 
     </span>
    </p>
   </div>
   <div class='ocr_carea' id='block_1_19' title="bbox 1482 2009 1752 2040">
    <p class='ocr_par' dir='ltr' id='par_1_20' title="bbox 1482 2009 1752 2040">
     <span class='ocr_line' id='line_1_91' title="bbox 1482 2009 1752 2040; baseline 0 0"><span class='ocrx_word' id='word_1_599' title='bbox 1482 2010 1630 2040; x_wconf 82' lang='lat' dir='ltr'>LEVIT.</span> <span class='ocrx_word' id='word_1_600' title='bbox 1655 2009 1752 2040; x_wconf 91' lang='lat' dir='ltr'>XIII.</span> 
     </span>
    </p>
   </div>
   <div class='ocr_carea' id='block_1_20' title="bbox 1132 2076 2102 2542">
    <p class='ocr_par' dir='ltr' id='par_1_21' title="bbox 1132 2076 2102 2542">
     <span class='ocr_line' id='line_1_92' title="bbox 1224 2076 2101 2117; baseline 0 -9"><span class='ocrx_word' id='word_1_601' title='bbox 1224 2080 1250 2109; x_wconf 83' lang='lat'>1.</span> <span class='ocrx_word' id='word_1_602' title='bbox 1276 2078 1319 2108; x_wconf 78' lang='lat' dir='ltr'>Et</span> <span class='ocrx_word' id='word_1_603' title='bbox 1342 2078 1483 2117; x_wconf 73' lang='lat' dir='ltr'>loquutus</span> <span class='ocrx_word' id='word_1_604' title='bbox 1505 2080 1548 2108; x_wconf 82' lang='lat' dir='ltr'>est</span> <span class='ocrx_word' id='word_1_605' title='bbox 1571 2077 1688 2108; x_wconf 78' lang='lat' dir='ltr'>Ieliova</span> <span class='ocrx_word' id='word_1_606' title='bbox 1711 2078 1752 2108; x_wconf 81' lang='lat' dir='ltr'>ad</span> <span class='ocrx_word' id='word_1_607' title='bbox 1775 2076 1883 2108; x_wconf 65' lang='lat' dir='ltr'>Illosen</span> <span class='ocrx_word' id='word_1_608' title='bbox 1911 2079 1939 2107; x_wconf 81' lang='lat' dir='ltr'>et</span> <span class='ocrx_word' id='word_1_609' title='bbox 1960 2076 2101 2114; x_wconf 69' lang='lat' dir='ltr'>Alimon,</span> 
     </span>
     <span class='ocr_line' id='line_1_93' title="bbox 1137 2119 2102 2159; baseline -0.004 -6"><span class='ocrx_word' id='word_1_610' title='bbox 1137 2122 1278 2153; x_wconf 72' lang='lat' dir='ltr'>dicendo:</span> <span class='ocrx_word' id='word_1_611' title='bbox 1322 2121 1350 2151; x_wconf 77' lang='lat'>2.</span> <span class='ocrx_word' id='word_1_612' title='bbox 1384 2121 1484 2151; x_wconf 82' lang='lat' dir='ltr'>Homo</span> <span class='ocrx_word' id='word_1_613' title='bbox 1512 2130 1604 2159; x_wconf 80' lang='lat' dir='ltr'>quum</span> <span class='ocrx_word' id='word_1_614' title='bbox 1634 2120 1730 2159; x_wconf 83' lang='lat' dir='ltr'>fuerit</span> <span class='ocrx_word' id='word_1_615' title='bbox 1760 2120 1794 2150; x_wconf 86' lang='lat' dir='ltr'>in</span> <span class='ocrx_word' id='word_1_616' title='bbox 1820 2122 1884 2150; x_wconf 82' lang='lat' dir='ltr'>cute</span> <span class='ocrx_word' id='word_1_617' title='bbox 1906 2119 2012 2150; x_wconf 84' lang='lat' dir='ltr'>carnis</span> <span class='ocrx_word' id='word_1_618' title='bbox 2034 2119 2102 2150; x_wconf 79' lang='lat' dir='ltr'>cius</span> 
     </span>
     <span class='ocr_line' id='line_1_94' title="bbox 1137 2162 2101 2201; baseline -0.003 -6"><span class='ocrx_word' id='word_1_619' title='bbox 1137 2167 1245 2201; x_wconf 85' lang='lat' dir='ltr'>tumor,</span> <span class='ocrx_word' id='word_1_620' title='bbox 1266 2164 1311 2195; x_wconf 83' lang='lat' dir='ltr'>vel</span> <span class='ocrx_word' id='word_1_621' title='bbox 1334 2163 1456 2199; x_wconf 71' lang='lat' dir='ltr'>scabies,</span> <span class='ocrx_word' id='word_1_622' title='bbox 1480 2163 1528 2194; x_wconf 82' lang='lat' dir='ltr'>vel</span> <span class='ocrx_word' id='word_1_623' title='bbox 1549 2163 1619 2194; x_wconf 83' lang='lat' dir='ltr'>alba</span> <span class='ocrx_word' id='word_1_624' title='bbox 1642 2162 1778 2199; x_wconf 82' lang='lat' dir='ltr'>macula,</span> <span class='ocrx_word' id='word_1_625' title='bbox 1805 2164 1832 2192; x_wconf 87' lang='lat' dir='ltr'>et</span> <span class='ocrx_word' id='word_1_626' title='bbox 1853 2162 1888 2192; x_wconf 82' lang='lat' dir='ltr'>in</span> <span class='ocrx_word' id='word_1_627' title='bbox 1909 2164 1974 2192; x_wconf 82' lang='lat' dir='ltr'>cute</span> <span class='ocrx_word' id='word_1_628' title='bbox 1996 2162 2101 2192; x_wconf 82' lang='lat' dir='ltr'>carnis</span> 
     </span>
     <span class='ocr_line' id='line_1_95' title="bbox 1137 2204 2098 2246; baseline -0.004 -8"><span class='ocrx_word' id='word_1_629' title='bbox 1137 2209 1204 2238; x_wconf 60' lang='lat' dir='ltr'>eius</span> <span class='ocrx_word' id='word_1_630' title='bbox 1220 2207 1314 2246; x_wconf 78' lang='lat' dir='ltr'>fuerit</span> <span class='ocrx_word' id='word_1_631' title='bbox 1328 2206 1424 2246; x_wconf 72' lang='lat' dir='ltr'>playa</span> <span class='ocrx_word' id='word_1_632' title='bbox 1443 2206 1551 2244; x_wconf 80' lang='lat' dir='ltr'>leprae,</span> <span class='ocrx_word' id='word_1_633' title='bbox 1571 2206 1698 2236; x_wconf 82' lang='lat' dir='ltr'>ducetur</span> <span class='ocrx_word' id='word_1_634' title='bbox 1712 2205 1753 2235; x_wconf 83' lang='lat' dir='ltr'>ad</span> <span class='ocrx_word' id='word_1_635' title='bbox 1764 2204 1895 2234; x_wconf 78' lang='lat' dir='ltr'>Aharon</span> <span class='ocrx_word' id='word_1_636' title='bbox 1906 2204 2098 2241; x_wconf 77' lang='lat' dir='ltr'>sacerdotem,</span> 
     </span>
     <span class='ocr_line' id='line_1_96' title="bbox 1136 2246 2100 2287; baseline -0.004 -6"><span class='ocrx_word' id='word_1_637' title='bbox 1136 2250 1182 2281; x_wconf 86' lang='lat' dir='ltr'>vel</span> <span class='ocrx_word' id='word_1_638' title='bbox 1201 2250 1241 2280; x_wconf 81' lang='lat' dir='ltr'>ad</span> <span class='ocrx_word' id='word_1_639' title='bbox 1260 2258 1355 2280; x_wconf 76' lang='lat' dir='ltr'>unum</span> <span class='ocrx_word' id='word_1_640' title='bbox 1374 2258 1388 2278; x_wconf 83' lang='lat' dir='ltr'>e</span> <span class='ocrx_word' id='word_1_641' title='bbox 1404 2248 1481 2287; x_wconf 69' lang='lat' dir='ltr'>siliis</span> <span class='ocrx_word' id='word_1_642' title='bbox 1499 2249 1565 2279; x_wconf 75' lang='lat' dir='ltr'>eius</span> <span class='ocrx_word' id='word_1_643' title='bbox 1583 2247 1796 2279; x_wconf 79' lang='lat' dir='ltr'>sacerdotibus.</span> <span class='ocrx_word' id='word_1_644' title='bbox 1830 2246 1860 2277; x_wconf 88' lang='lat'>3.</span> <span class='ocrx_word' id='word_1_645' title='bbox 1887 2246 1972 2277; x_wconf 77' lang='lat' dir='ltr'>Tunc</span> <span class='ocrx_word' id='word_1_646' title='bbox 1989 2246 2100 2277; x_wconf 83' lang='lat' dir='ltr'>videbit</span> 
     </span>
     <span class='ocr_line' id='line_1_97' title="bbox 1136 2289 2099 2331; baseline -0.004 -8"><span class='ocrx_word' id='word_1_647' title='bbox 1136 2293 1279 2323; x_wconf 75' lang='lat' dir='ltr'>sacerdos</span> <span class='ocrx_word' id='word_1_648' title='bbox 1306 2292 1433 2331; x_wconf 69' lang='lat' dir='ltr'>playam</span> <span class='ocrx_word' id='word_1_649' title='bbox 1466 2291 1498 2320; x_wconf 83' lang='lat' dir='ltr'>in</span> <span class='ocrx_word' id='word_1_650' title='bbox 1531 2293 1595 2321; x_wconf 87' lang='lat' dir='ltr'>cute</span> <span class='ocrx_word' id='word_1_651' title='bbox 1628 2290 1750 2321; x_wconf 84' lang='lat' dir='ltr'>carnis:</span> <span class='ocrx_word' id='word_1_652' title='bbox 1782 2289 1862 2328; x_wconf 69' lang='lat' dir='ltr'>quod</span> <span class='ocrx_word' id='word_1_653' title='bbox 1894 2290 1924 2319; x_wconf 86' lang='lat' dir='ltr'>si</span> <span class='ocrx_word' id='word_1_654' title='bbox 1948 2289 2037 2328; x_wconf 72' lang='lat' dir='ltr'>pilus</span> <span class='ocrx_word' id='word_1_655' title='bbox 2065 2289 2099 2319; x_wconf 81' lang='lat' dir='ltr'>in</span> 
     </span>
     <span class='ocr_line' id='line_1_98' title="bbox 1132 2331 2099 2374; baseline -0.004 -8"><span class='ocrx_word' id='word_1_656' title='bbox 1132 2336 1230 2374; x_wconf 70' lang='lat' dir='ltr'>playa</span> <span class='ocrx_word' id='word_1_657' title='bbox 1252 2344 1359 2365; x_wconf 80' lang='lat' dir='ltr'>versus</span> <span class='ocrx_word' id='word_1_658' title='bbox 1379 2334 1473 2373; x_wconf 78' lang='lat' dir='ltr'>fuerit</span> <span class='ocrx_word' id='word_1_659' title='bbox 1491 2334 1523 2363; x_wconf 86' lang='lat' dir='ltr'>in</span> <span class='ocrx_word' id='word_1_660' title='bbox 1546 2333 1723 2367; x_wconf 76' lang='lat' dir='ltr'>albedinem,</span> <span class='ocrx_word' id='word_1_661' title='bbox 1747 2335 1773 2362; x_wconf 82' lang='lat' dir='ltr'>et</span> <span class='ocrx_word' id='word_1_662' title='bbox 1791 2331 1967 2371; x_wconf 72' lang='lat' dir='ltr'>superficies</span> <span class='ocrx_word' id='word_1_663' title='bbox 1984 2331 2099 2371; x_wconf 75' lang='lat' dir='ltr'>playae</span> 
     </span>
     <span class='ocr_line' id='line_1_99' title="bbox 1132 2374 2100 2418; baseline -0.005 -10"><span class='ocrx_word' id='word_1_664' title='bbox 1132 2378 1323 2418; x_wconf 75' lang='lat' dir='ltr'>profundior</span> <span class='ocrx_word' id='word_1_665' title='bbox 1344 2377 1439 2415; x_wconf 81' lang='lat' dir='ltr'>fuerit</span> <span class='ocrx_word' id='word_1_666' title='bbox 1460 2378 1524 2406; x_wconf 87' lang='lat' dir='ltr'>cute</span> <span class='ocrx_word' id='word_1_667' title='bbox 1545 2376 1649 2406; x_wconf 82' lang='lat' dir='ltr'>carnis</span> <span class='ocrx_word' id='word_1_668' title='bbox 1671 2375 1745 2411; x_wconf 78' lang='lat' dir='ltr'>eius,</span> <span class='ocrx_word' id='word_1_669' title='bbox 1764 2375 1863 2414; x_wconf 70' lang='lat' dir='ltr'>playa</span> <span class='ocrx_word' id='word_1_670' title='bbox 1882 2374 1986 2412; x_wconf 78' lang='lat' dir='ltr'>leprae</span> <span class='ocrx_word' id='word_1_671' title='bbox 2004 2376 2054 2411; x_wconf 73' lang='lat' dir='ltr'>est,</span> <span class='ocrx_word' id='word_1_672' title='bbox 2073 2375 2100 2404; x_wconf 86' lang='lat' dir='ltr'>et</span> 
     </span>
     <span class='ocr_line' id='line_1_100' title="bbox 1132 2416 2099 2460; baseline -0.005 -9"><span class='ocrx_word' id='word_1_673' title='bbox 1132 2423 1298 2460; x_wconf 79' lang='lat' dir='ltr'>postquam</span> <span class='ocrx_word' id='word_1_674' title='bbox 1321 2419 1434 2449; x_wconf 73' lang='lat' dir='ltr'>viderit</span> <span class='ocrx_word' id='word_1_675' title='bbox 1456 2428 1523 2448; x_wconf 88' lang='lat' dir='ltr'>eum</span> <span class='ocrx_word' id='word_1_676' title='bbox 1545 2417 1685 2449; x_wconf 83' lang='lat' dir='ltr'>sacerdos</span> <span class='ocrx_word' id='word_1_677' title='bbox 1708 2417 1857 2448; x_wconf 78' lang='lat' dir='ltr'>iudicabit</span> <span class='ocrx_word' id='word_1_678' title='bbox 1879 2416 1968 2447; x_wconf 84' lang='lat' dir='ltr'>illum</span> <span class='ocrx_word' id='word_1_679' title='bbox 1996 2418 2099 2447; x_wconf 83' lang='lat' dir='ltr'>conta-</span> 
     </span>
     <span class='ocr_line' id='line_1_101' title="bbox 1137 2459 2098 2503; baseline -0.005 -9"><span class='ocrx_word' id='word_1_680' title='bbox 1137 2464 1290 2494; x_wconf 84' lang='lat' dir='ltr'>minatum</span> <span class='ocrx_word' id='word_1_681' title='bbox 1301 2462 1336 2503; x_wconf 72' lang='lat'>2).</span> <span class='ocrx_word' id='word_1_682' title='bbox 1381 2462 1409 2492; x_wconf 87' lang='lat'>4.</span> <span class='ocrx_word' id='word_1_683' title='bbox 1444 2461 1530 2499; x_wconf 74' lang='lat' dir='ltr'>Quod</span> <span class='ocrx_word' id='word_1_684' title='bbox 1555 2460 1584 2491; x_wconf 84' lang='lat' dir='ltr'>si</span> <span class='ocrx_word' id='word_1_685' title='bbox 1610 2459 1731 2491; x_wconf 86' lang='lat' dir='ltr'>macula</span> <span class='ocrx_word' id='word_1_686' title='bbox 1763 2459 1832 2490; x_wconf 79' lang='lat' dir='ltr'>alba</span> <span class='ocrx_word' id='word_1_687' title='bbox 1859 2459 1956 2498; x_wconf 81' lang='lat' dir='ltr'>fuerit</span> <span class='ocrx_word' id='word_1_688' title='bbox 1977 2459 2012 2489; x_wconf 82' lang='lat' dir='ltr'>in</span> <span class='ocrx_word' id='word_1_689' title='bbox 2033 2461 2098 2490; x_wconf 86' lang='lat' dir='ltr'>cute</span> 
     </span>
     <span class='ocr_line' id='line_1_102' title="bbox 1138 2501 2098 2542; baseline -0.006 -5"><span class='ocrx_word' id='word_1_690' title='bbox 1138 2506 1243 2537; x_wconf 72' lang='lat' dir='ltr'>carnis</span> <span class='ocrx_word' id='word_1_691' title='bbox 1276 2506 1356 2542; x_wconf 82' lang='lat' dir='ltr'>eius,</span> <span class='ocrx_word' id='word_1_692' title='bbox 1391 2507 1417 2535; x_wconf 89' lang='lat' dir='ltr'>et</span> <span class='ocrx_word' id='word_1_693' title='bbox 1439 2503 1626 2542; x_wconf 71' lang='lat' dir='ltr'>profundior</span> <span class='ocrx_word' id='word_1_694' title='bbox 1653 2512 1714 2533; x_wconf 82' lang='lat' dir='ltr'>non</span> <span class='ocrx_word' id='word_1_695' title='bbox 1740 2502 1838 2541; x_wconf 82' lang='lat' dir='ltr'>fuerit</span> <span class='ocrx_word' id='word_1_696' title='bbox 1863 2503 2002 2541; x_wconf 74' lang='lat' dir='ltr'>aspectus</span> <span class='ocrx_word' id='word_1_697' title='bbox 2030 2501 2098 2532; x_wconf 83' lang='lat' dir='ltr'>eius</span> 
     </span>
    </p>
   </div>
   <div class='ocr_carea' id='block_1_21' title="bbox 1142 2575 1299 2580">
    <p class='ocr_par' dir='ltr' id='par_1_22' title="bbox 1142 2575 1299 2580">
     <span class='ocr_line' id='line_1_103' title="bbox 1142 2575 1299 2580; baseline 0 0"><span class='ocrx_word' id='word_1_698' title='bbox 1142 2575 1299 2580; x_wconf 95' lang='lat' dir='ltr'> </span> 
     </span>
    </p>
   </div>
   <div class='ocr_carea' id='block_1_22' title="bbox 1224 2603 1935 2674">
    <p class='ocr_par' dir='ltr' id='par_1_23' title="bbox 1224 2603 1935 2674">
     <span class='ocr_line' id='line_1_104' title="bbox 1224 2603 1935 2638; baseline -0.007 -6"><span class='ocrx_word' id='word_1_699' title='bbox 1224 2608 1252 2638; x_wconf 86' lang='lat'>1)</span> <span class='ocrx_word' id='word_1_700' title='bbox 1271 2608 1354 2632; x_wconf 86' lang='lat' dir='ltr'>Autre</span> <span class='ocrx_word' id='word_1_701' title='bbox 1373 2605 1542 2638; x_wconf 85' lang='lat' dir='ltr'>dependence</span> <span class='ocrx_word' id='word_1_702' title='bbox 1561 2604 1593 2629; x_wconf 88' lang='lat' dir='ltr'>de</span> <span class='ocrx_word' id='word_1_703' title='bbox 1612 2603 1740 2629; x_wconf 86' lang='lat' dir='ltr'>forclorre</span> <span class='ocrx_word' id='word_1_704' title='bbox 1760 2603 1798 2628; x_wconf 88' lang='lat' dir='ltr'>les</span> <span class='ocrx_word' id='word_1_705' title='bbox 1817 2603 1935 2636; x_wconf 81' lang='lat' dir='ltr'>lepreux.</span> 
     </span>
     <span class='ocr_line' id='line_1_105' title="bbox 1224 2637 1851 2674; baseline -0.01 -7"><span class='ocrx_word' id='word_1_706' title='bbox 1224 2642 1253 2674; x_wconf 78' lang='lat'>2)</span> <span class='ocrx_word' id='word_1_707' title='bbox 1271 2641 1307 2667; x_wconf 83' lang='lat' dir='ltr'>In</span> <span class='ocrx_word' id='word_1_708' title='bbox 1326 2647 1461 2672; x_wconf 68' lang='lat' dir='ltr'>maraine.-</span> <span class='ocrx_word' id='word_1_709' title='bbox 1479 2638 1539 2670; x_wconf 86' lang='lat' dir='ltr'>Vel,</span> <span class='ocrx_word' id='word_1_710' title='bbox 1559 2637 1751 2663; x_wconf 81' lang='lat' dir='ltr'>contaminabit</span> <span class='ocrx_word' id='word_1_711' title='bbox 1770 2637 1851 2662; x_wconf 87' lang='lat' dir='ltr'>illum.</span> 
     </span>
    </p>
   </div>
  </div>
 </body>
</html>
