2304 3034
203 168 253 186 --ฮฝ
921 160 1110 193 SEXTUM
1134 162 1455 195 PRAEOEPTUM.

192 175 230 199 b..
237 180 254 197 -J

191 262 285 304 quale
310 259 407 291 Stoici
433 258 612 288 finxerunt:
640 256 713 295 quia
736 254 824 286 aliud
847 258 913 292 est,
937 264 1018 294 quae
1042 265 1099 295 per
1122 265 1156 287 se

193 305 348 337 inclinant
378 301 410 331 in
442 300 549 330 varios
580 303 612 329 et
641 298 753 329 dubios
777 302 914 328 eventus
939 297 1034 337 dirigi
1058 308 1157 329 manu

193 348 255 379 Dei
286 352 473 385 quocunque
503 341 657 378 voluerit,
696 339 782 371 aliud
813 350 904 378 vero,
933 339 1156 371 necessitatem

193 387 350 421 dominari
381 396 420 416 ex
449 389 604 424 perpetuo
634 393 804 414 causarum
835 382 1021 422 complexu,
1061 382 1157 422 idque

193 433 262 463 Deo
298 428 501 460 connivente.
554 426 624 457 Imo
664 425 745 456 nihil
783 426 886 466 magis
917 424 1080 456 diversum
1110 430 1158 457 est

193 483 287 515 quam
319 472 423 502 Deum
454 469 539 500 trabi
568 473 600 500 et
629 468 699 508 rapi
728 468 819 499 fatali
852 472 956 505 motu,
991 472 1023 498 et
1050 468 1158 499 omnia

193 520 288 557 prout
323 514 429 544 visum
460 517 509 543 est
540 516 729 550 temperare.
781 510 891 542 Altius
922 510 975 541 hic
1006 521 1079 541 cum
1103 510 1157 541 Iu-

193 559 280 590 daeis
303 555 525 597 philosophari
549 554 630 584 nihil
654 555 785 591 attinet,
811 564 875 584 non
899 553 978 584 alios
1001 552 1094 584 obiici
1118 552 1159 583 ad

193 606 328 633 mortem
363 599 423 630 nisi
456 598 490 628 in
523 597 639 637 quibus
673 596 764 628 Deus
797 596 994 627 occasionem
1029 596 1157 636 reperit.

195 645 328 677 Certum
356 641 485 681 quidem
514 646 563 671 est
588 640 656 670 Deo
680 649 808 679 semper
831 644 979 670 constare
1003 638 1158 678 optimam

193 685 318 719 consilii
349 685 398 716 sui
428 683 602 714 rationem:
631 681 687 713 sed
718 681 793 713 inde
825 691 994 722 perperam
1025 681 1158 712 eliciunt

195 740 278 761 noxa
297 728 403 767 aliqua
422 737 490 757 esse
510 725 683 765 implicitos
701 725 755 765 qui
769 725 838 756 Deo
858 723 937 755 duce
961 723 1000 754 ad
1022 729 1157 755 mortem

194 776 378 805 occurrunt.
423 769 492 801 Nec
523 778 599 799 vero
628 768 655 799 si
680 767 768 799 Deus
800 767 964 798 bominem
988 766 1157 797 innoxium

195 816 286 847 tollat
317 824 332 844 e
356 811 473 849 medio,
504 812 551 842 fas
574 815 623 842 est
645 811 846 851 obstrepere,
870 820 906 842 ae
929 810 955 841 si
979 809 1068 840 nulla
1091 809 1158 840 eius

195 862 279 890 esset
300 856 432 892 iustitia,
453 854 527 894 quia
546 854 638 886 nobis
657 853 845 885 abscondita
864 858 921 891 est,
945 858 1042 892 atque
1062 852 1158 883 etiam

194 897 537 940 incomprehensibilis,

280 943 327 973 14.
359 941 415 972 Sin
449 950 515 971 vero
544 939 720 972 insultando
747 949 778 970 se
808 938 959 970 extulerit.
1012 937 1160 969 Diversis

193 986 295 1018 modis
326 995 392 1016 rem
424 993 521 1014 unam
546 982 716 1023 exprimit:
746 982 804 1013 etsi
828 981 914 1012 enim
939 979 1105 1021 superbire
1128 986 1160 1011 et

192 1028 336 1062 insidiari
361 1027 455 1067 longe
479 1025 640 1062 differunt,
666 1029 838 1064 utrumque
862 1028 970 1055 tamen
991 1023 1097 1054 Moses
1121 1022 1160 1054 ad

193 1072 322 1104 caedem
353 1069 565 1101 voluntariam
593 1067 826 1099 accommodat:
850 1067 924 1107 quia
948 1077 1004 1106 per
1029 1065 1159 1097 insidias

193 1114 344 1154 intelligit
386 1123 520 1153 pravum
563 1111 700 1143 nocendi
741 1111 911 1142 affectum:
953 1107 1158 1149 superbiendi

193 1163 300 1190 autem
322 1165 399 1187 voce
419 1155 549 1186 denotat
568 1154 748 1185 violentum
767 1153 937 1189 insultum,
960 1152 1013 1183 ubi
1032 1161 1066 1182 se
1088 1151 1159 1183 odio

194 1201 266 1241 quis
288 1201 323 1231 in
348 1199 446 1229 alium
470 1197 655 1238 petulanter
678 1197 780 1228 effert.
816 1196 860 1227 Et
883 1200 969 1227 certe
994 1194 1158 1226 truculen-

193 1245 240 1275 tia
270 1249 302 1274 et
334 1242 398 1277 vis,
429 1247 460 1271 et
491 1240 653 1280 quaelibet
682 1239 819 1270 saevitia
843 1238 980 1278 superba
1003 1242 1060 1274 est,
1085 1237 1159 1277 quia

194 1287 256 1318 nisi
286 1285 357 1326 quis
388 1285 520 1315 fratrem
551 1294 645 1314 suum
675 1281 871 1322 despiceret,
904 1292 965 1312 non
997 1280 1159 1311 hostiliter

194 1328 433 1370 aggrederetur.
476 1326 545 1356 Iam
571 1337 609 1357 ne
639 1325 790 1357 caedibus
814 1324 919 1356 dando
943 1324 1072 1354 veniam
1096 1331 1159 1353 ter-

194 1383 263 1404 ram
283 1370 437 1412 polluant,
459 1369 547 1400 iubet
561 1368 650 1400 Deus
668 1367 708 1399 ab
727 1367 822 1398 altari
841 1377 966 1407 quoque
984 1376 1042 1397 suo
1065 1365 1160 1397 avelli

193 1413 389 1446 homicidas:
409 1412 522 1452 quibus
544 1411 649 1443 verbis
669 1411 830 1451 significat
849 1415 915 1441 tam
936 1409 1045 1440 divino
1064 1403 1159 1449 quam

194 1458 336 1489 humano
371 1455 491 1487 auxilio
525 1465 595 1486 esse
629 1453 788 1494 indignos.
840 1453 926 1484 Nam
959 1451 1020 1483 etsi
1051 1451 1160 1482 altaris

195 1501 350 1532 sanctitas
373 1498 412 1530 ad
437 1508 490 1529 eos
513 1498 567 1538 qui
591 1508 647 1537 per
669 1496 922 1537 imprudentiam
946 1495 996 1526 vel
1019 1504 1159 1525 errorem

197 1543 397 1583 deliquerant
426 1540 638 1582 protegendos
670 1539 798 1580 asylum
821 1549 891 1570 esse
915 1537 1033 1578 potuit,
1062 1537 1159 1569 scele-

197 1597 269 1617 rum
289 1592 397 1616 tamen
417 1584 594 1624 impunitas
613 1582 686 1614 inde
707 1582 789 1613 male
812 1587 940 1622 captata
963 1586 1063 1612 esset:
1087 1579 1161 1619 quia

198 1630 258 1661 hoe
287 1627 380 1659 modo
411 1637 603 1658 conversum
632 1626 746 1657 fuisset
776 1624 996 1656 sanctuarium
1027 1624 1059 1654 in
1090 1633 1160 1662 spe-

197 1672 327 1703 luncam
357 1671 535 1706 latronum,
568 1674 599 1700 et
629 1668 740 1699 foedae
770 1667 989 1708 profanationi
1020 1665 1161 1697 subiecta

198 1715 310 1746 fuisset
339 1713 460 1753 religio.
507 1711 668 1751 Quamvis
691 1721 768 1751 ergo
799 1710 947 1743 scelerati
970 1709 1071 1740 altare
1094 1718 1161 1739 am-

198 1757 284 1798 plexi
315 1767 407 1797 opem
433 1755 493 1786 Dei
520 1755 710 1795 implorent,
739 1754 827 1785 iubet
858 1753 910 1784 lex
939 1762 993 1783 eos
1021 1751 1094 1782 inde
1122 1750 1161 1781 ad

197 1810 335 1841 poenam
363 1809 449 1838 rapi,
479 1798 552 1837 quia
576 1796 746 1837 indignum
771 1797 813 1828 sit
836 1807 925 1827 sacro
949 1795 1010 1826 Dei
1034 1794 1162 1825 nomine
1188 1798 1189 1803 ยน

198 1843 238 1874 ad
270 1841 421 1883 peccandi
453 1841 615 1872 licentiam
647 1839 746 1871 abuti.
793 1839 888 1871 Unde
912 1844 1042 1879 apparet
1067 1847 1160 1876 quam

197 1885 294 1917 stulte
315 1885 389 1916 olim
415 1883 536 1924 templa
559 1884 666 1914 ornari
690 1883 844 1922 putarint,
873 1892 970 1922 quum
995 1880 1085 1920 asyla
1108 1880 1161 1910 fie-

199 1935 268 1960 rent
298 1926 443 1959 fovendis
472 1926 647 1957 maleficiis.

198 1984 238 2002 ex
268 1976 397 2011 recepto
428 1970 572 2010 gentium
604 1979 706 2005 more,
738 1968 793 1999 sed
825 1968 915 1998 fatua
939 1965 1162 2002 aemulatione,

198 2024 297 2054 quum
322 2014 426 2044 Deum
458 2012 551 2043 idolis
582 2013 615 2042 in
646 2011 827 2042 adulterino
858 2010 948 2042 cultu
977 2009 1161 2040 miscerent:

198 2067 384 2097 quanquam
415 2055 500 2086 idola
529 2065 589 2085 sua
619 2054 738 2085 castius
771 2060 800 2084 et
832 2054 942 2093 purius
973 2051 1107 2092 gentiles
1130 2052 1160 2082 in

199 2100 258 2130 hae
288 2106 376 2139 parte
406 2108 501 2138 qnam
532 2098 710 2129 Christiani
740 2096 846 2127 Deum
877 2096 1054 2127 coluerunt.
1097 2094 1161 2125 Im-

200 2143 267 2182 pios
291 2142 377 2173 enim
401 2148 429 2171 et
455 2141 628 2181 sacrilegos
652 2146 683 2170 et
706 2141 849 2179 impuros
873 2149 891 2169 a
914 2138 982 2169 iure
1007 2137 1088 2177 asyli
1112 2147 1162 2167 ar-

198 2185 329 2221 cebant,
359 2191 395 2214 ut
426 2194 464 2214 ne
489 2183 581 2214 Persi
603 2182 731 2222 quidem
757 2182 824 2222 regi
848 2180 1061 2212 Macedonum
1085 2179 1159 2210 late-

200 2228 256 2258 bra
280 2228 312 2257 in
336 2226 454 2266 templo
480 2226 728 2257 Samothracum
755 2230 823 2255 tuta
847 2224 954 2254 fuerit.
994 2222 1066 2252 Vox
1091 2233 1162 2262 pro-

200 2271 265 2300 fani
296 2269 435 2300 hominis
469 2270 605 2300 refertur
636 2268 717 2308 apud
743 2268 893 2299 Livium:
925 2265 1034 2305 Quum
1059 2265 1164 2296 omnis
1189 2263 1190 2270 ยน

200 2313 354 2352 praefatio
385 2323 548 2343 sacrorum
572 2323 624 2342 eos
648 2311 763 2351 quibus
788 2321 851 2341 non
876 2314 951 2340 sunt
974 2319 1072 2348 purae
1097 2318 1163 2338 ma-
1190 2345 1191 2356 ฮณ

202 2368 261 2385 nus
282 2355 379 2386 saeris
399 2362 515 2391 arceat,
539 2365 595 2385 vos
620 2354 798 2393 penetralia
824 2357 931 2383 vestra
954 2351 1163 2381 contaminari

202 2406 333 2429 cruento
365 2398 499 2428 latronis
528 2408 659 2437 corpore
684 2396 822 2427 sinetis?
858 2394 984 2426 Pudeat
1006 2404 1081 2433 crgo
1107 2404 1164 2424 nos
1190 2407 1191 2412 ยน

204 2441 420 2471 venei-ationis
446 2446 613 2479 praetextu
638 2440 756 2479 templa
780 2438 932 2478 polluere.

291 2484 336 2513 18,
371 2483 455 2522 Quod
486 2483 513 2513 si
544 2483 649 2513 risati.
697 2482 759 2513 Hic
788 2480 974 2512 verberibus
1004 2483 1033 2509 et
1061 2478 1164 2518 plagis

204 2526 356 2556 statuitur
387 2526 464 2556 levis
498 2536 613 2565 poena,
644 2531 674 2555 et
705 2536 786 2564 quae
810 2523 1047 2554 irritamentum
1073 2526 1163 2560 petu-

207 2569 323 2599 lantiae
354 2569 506 2608 improbis
537 2579 605 2599 esse
638 2568 749 2607 potuit.
796 2566 903 2605 Quum
929 2563 1095 2594 duodecim
1121 2568 1164 2593 taโ

207 2611 299 2641 bulae
330 2612 480 2642 iniustam
512 2611 723 2650 pulsationem
757 2608 1011 2650 vigintiquinque
1040 2605 1163 2637 assibus

694 1924 869 1965 Sumptum
898 1924 928 1955 id
953 1923 1079 1963 quidem
1103 1922 1164 1952 fuit
1188 1932 1189 1937 ยน

2118 163 2182 195 624

1209 256 1418 294 mulctarent,
1452 262 1598 298 repertus
1627 261 1675 288 est
1706 256 1828 287 Lucius
1857 256 1987 296 quidam
2016 258 2179 298 Neratius,

1209 299 1263 339 qui
1299 299 1406 330 lusum
1440 310 1482 331 ex
1512 300 1678 340 protervia
1708 299 1844 336 faciens,
1884 299 2036 340 colaphos
2072 302 2179 335 obviis

1209 341 1451 382 quibuscunque
1474 343 1620 384 infligere
1645 353 1709 372 non
1734 341 1917 379 dubitabat,
1948 353 2023 374 mox
2045 343 2179 376 iubebat

1209 394 1296 416 asses
1324 386 1488 416 numerari
1519 395 1536 416 a
1566 395 1674 416 servo:
1713 388 1748 414 ut
1779 384 1908 415 tandem
1938 385 2040 416 satius
2070 387 2177 419 visum

1209 427 1308 458 fuerit
1328 427 1432 468 legem
1456 428 1654 459 obsolescere
1678 437 1773 466 quam
1798 437 1867 458 esse
1890 427 2038 459 ludibrio.
2083 428 2178 462 Idem

1209 469 1294 510 apud
1317 469 1453 502 Iudaeos
1476 470 1567 502 facile
1587 471 1774 510 contingere
1798 469 1916 508 potuit,
1946 470 2001 501 ubi
2024 471 2081 511 qui
2101 482 2180 512 pro-

1210 512 1334 544 ximum
1355 512 1459 553 plagis
1478 513 1639 544 afflixerat
1659 518 1694 543 ut
1712 512 1744 543 in
1764 512 1844 543 lecto
1863 512 2079 551 decumberet,
2103 519 2179 546 tan-

1211 560 1279 586 tum
1319 555 1465 587 solvebat
1492 555 1574 596 quod
1606 556 1704 586 miser
1732 555 1934 594 impenderat
1961 557 2086 596 corpori
2118 567 2178 589 suo

1210 597 1363 629 curando.
1409 598 1490 637 Quis
1520 599 1606 629 euim
1638 597 1697 628 hac
1720 596 1867 628 mercede
1890 608 1956 629 non
1981 598 2118 630 libenter
2141 610 2177 631 se

1211 640 1350 672 oblectet
1379 640 1621 681 prosternendis
1651 640 1806 678 inimicis,
1836 644 1870 671 ut
1900 651 1953 672 eos
1976 641 2118 673 iacentes
2141 642 2175 673 in

1211 683 1294 715 lecto
1317 683 1404 715 alat?
1429 684 1494 715 Sed
1518 683 1658 714 tenenda
1682 687 1729 713 est
1753 682 1876 714 Christi
1900 684 2071 723 sententia,
2095 695 2174 725 quo-

1211 726 1298 757 niam
1333 726 1510 766 praefracto
1544 730 1637 756 erant
1671 726 1800 764 ingenio
1822 724 1951 764 Iudaei,
1986 726 2089 757 multa
2111 727 2178 759 illis

1212 773 1342 808 propter
1360 768 1511 800 duritiem
1530 779 1681 801 concessa
1702 778 1781 805 esse,
1805 768 1838 798 in
1862 769 1977 807 quibus
2001 780 2176 801 numeran-

1211 811 1252 842 da
1270 816 1319 843 est
1344 812 1421 844 baec
1444 810 1768 852 indulgentia(Matt-.
1794 810 1843 847 19,
1868 811 2034 853 7etpar.).
2063 812 2176 852 Quan-

1211 865 1306 894 quam
1327 854 1455 886 videtur
1474 854 1639 885 remissius
1655 853 1758 893 egisse
1772 852 1861 884 Deus
1881 864 1951 885 eum
1973 865 2009 885 eo
2031 855 2084 894 qui
2103 865 2176 895 perโ

1211 902 1370 935 cusserat,
1404 904 1439 928 ut
1459 897 1595 928 alterum
1620 896 1794 936 castigaret
1816 896 1871 936 qui
1895 897 2017 928 viribus
2040 897 2177 929 debilior

1212 945 1331 971 temere
1351 939 1557 971 descenderat
1577 941 1609 970 in
1628 943 1809 970 certamen:
1833 939 1926 970 ambo
1947 940 2035 971 enim
2054 940 2177 980 pariter

1211 982 1250 1014 ob
1272 983 1335 1013 vim
1354 983 1473 1013 iniuste
1492 982 1613 1013 illatam
1637 981 1800 1021 puniendi.
1835 981 1948 1022 Aequa
1970 982 2071 1022 igitur
2093 983 2175 1014 utri-

1212 1036 1272 1065 que
1286 1026 1355 1056 fieri
1370 1025 1495 1056 videtur
1507 1025 1661 1061 remissio,
1685 1024 1760 1055 dum
1780 1034 1931 1064 percusso
1955 1025 2084 1065 privata
2106 1030 2177 1057 tan-

1213 1072 1281 1099 tum
1311 1068 1435 1099 iactura
1459 1072 1621 1107 pensatur.
1668 1066 1763 1106 Quod
1788 1071 1896 1098 autem
1917 1067 2005 1108 leges
2028 1068 2176 1108 politicas

1213 1111 1302 1142 Deus
1321 1111 1360 1142 ad
1381 1110 1512 1142 solidam
1532 1109 1761 1150 perfectionem
1786 1121 1849 1141 non
1873 1111 1990 1150 exegit,
2015 1111 2075 1143 hae
2097 1111 2175 1143 faci-

1212 1153 1301 1184 litate
1331 1164 1504 1194 coarguere
1534 1153 1636 1184 voluit
1665 1152 1775 1193 populi
1806 1153 2058 1191 contumaciam,
2093 1165 2175 1194 quae

1212 1208 1252 1227 ne
1273 1196 1438 1227 moderato
1462 1195 1588 1236 quidem
1612 1196 1675 1227 iuri
1698 1206 1811 1235 parere
1835 1196 1998 1227 sustinuit.
2041 1195 2176 1235 Quoties

1212 1249 1288 1280 ergo
1312 1239 1440 1270 videtur
1464 1239 1553 1270 Deus
1577 1239 1674 1270 nimis
1698 1238 1874 1269 clementer
1897 1243 1928 1269 et
1954 1238 2042 1270 lente
2066 1240 2174 1280 ignos-

1211 1292 1296 1319 cere,
1326 1282 1436 1313 veniat
1460 1282 1550 1313 nobis
1574 1281 1607 1312 in
1631 1285 1788 1318 mentem,
1812 1281 1918 1322 ipsum
1942 1281 2112 1313 deflexisse
2135 1282 2175 1313 ab

1211 1325 1332 1365 optima
1354 1325 1479 1365 regula,
1511 1324 1586 1364 quia
1609 1324 1775 1365 negotium
1800 1329 1869 1355 erat
1891 1334 1963 1355 cum
1987 1324 2176 1356 indomabili

1211 1367 1338 1408 populo.

1297 1410 1346 1442 20.
1374 1410 1456 1449 Quin
1478 1410 1668 1449 percusserit
1694 1419 1824 1440 servum.
1871 1409 2029 1449 Quamvis
2060 1419 2176 1441 secun-

1212 1453 1288 1484 dum
1310 1452 1455 1484 ordinem
1476 1452 1639 1491 politicum
1659 1452 1755 1492 longe
1775 1452 1927 1483 differant
1949 1452 2034 1484 servi
2057 1462 2076 1483 a
2098 1452 2177 1484 libe-

1212 1496 1273 1527 ris:
1309 1496 1397 1526 Deus
1431 1500 1539 1526 tamen
1569 1499 1605 1525 ut
1633 1494 1785 1526 ostendat
1811 1505 1918 1526 caram
1948 1499 1980 1526 et
2002 1494 2177 1535 pretiosam

1213 1539 1272 1570 sibi
1303 1549 1372 1569 esse
1401 1537 1567 1568 hominum
1598 1538 1715 1575 vitam,
1745 1548 1900 1578 personas
1928 1537 1961 1568 in
1991 1537 2087 1569 caede
2109 1548 2177 1569 non

1215 1581 1360 1621 respicit:
1390 1580 1444 1611 sed
1468 1580 1601 1620 perinde
1624 1581 1790 1612 ulciscitur
1812 1580 1899 1612 servi
1922 1585 2059 1612 mortem
2081 1584 2177 1621 atque

1213 1624 1354 1655 hominis
1375 1623 1474 1660 liberi,
1498 1624 1523 1654 si
1543 1623 1672 1663 quidem
1696 1628 1828 1664 repente
1851 1634 1891 1654 ex
1915 1623 2049 1655 vulnere
2072 1623 2177 1664 perie-

1213 1667 1265 1698 rit.
1301 1667 1342 1697 Et
1366 1676 1441 1696 sane
1464 1665 1601 1697 dominis
1624 1666 1797 1697 concedere
1821 1669 2013 1706 potestatem
2036 1666 2123 1697 vitae
2146 1669 2179 1698 et

1215 1710 1312 1746 necis,
1336 1709 1487 1740 immanis
1506 1709 1565 1739 fuit
1584 1708 1747 1741 barbaries
1760 1709 1845 1749 apud
1857 1709 2022 1740 Romanos
2040 1713 2073 1740 et
2095 1708 2176 1740 alias

1213 1759 1342 1793 gentes:
1367 1757 1398 1782 et
1417 1751 1576 1783 sanctiore
1600 1752 1730 1783 vinculo
1754 1752 1839 1783 inter
1861 1762 1895 1783 se
1916 1751 2078 1783 coniuncti
2101 1755 2178 1783 sunt

1216 1795 1362 1826 homines
1391 1805 1487 1834 quam
1515 1800 1549 1825 ut
1573 1793 1701 1825 domino
1724 1795 1819 1826 liceat
1843 1795 1996 1826 miserum
2020 1794 2178 1835 mancipiโ

1215 1849 1268 1868 um
1300 1838 1430 1877 impune
1459 1837 1647 1868 interficere.
1694 1837 1806 1877 Neque
1829 1837 1915 1868 enim
1940 1837 1992 1868 alii
2017 1838 2061 1868 sic
2084 1847 2178 1877 prae-

1214 1886 1290 1911 sunt
1314 1880 1384 1911 aliis
1408 1884 1442 1910 ut
1466 1879 1671 1919 tyrannidem
1696 1881 1745 1912 vel
1769 1879 1973 1911 latrocinium
1995 1884 2177 1917 exerceant,

1215 1934 1273 1954 nee
1304 1923 1370 1953 ulla
1405 1922 1485 1953 ratio
1517 1923 1638 1962 patitur
1675 1929 1708 1954 ut
1738 1923 1883 1963 privatus
1916 1923 2086 1963 quisquam
2126 1922 2177 1954 ius

1215 1965 1312 2006 gladii
1348 1965 1408 1996 sibi
1439 1965 1581 2005 arripiat.
1634 1966 1676 1996 Et
1704 1966 1851 2005 quamvis
1880 1965 2005 2006 legibus
2036 1965 2178 1996 romanis

1188 2005 1190 2023 โด
1215 2020 1278 2039 non
1309 2008 1404 2039 fuerit
1432 2008 1480 2047 (ut
1502 2018 1560 2048 par
1584 2008 1666 2049 erat)
1688 2008 1827 2039 cohibita
1850 2008 1970 2039 iniusta
1993 2007 2177 2045 crudelitas,

1215 2051 1351 2083 confessi
1383 2056 1489 2081 tamen
1522 2056 1597 2082 sunt
1627 2050 1782 2082 utendum
1813 2051 1917 2082 servis
1940 2061 2009 2082 esse
2033 2055 2069 2081 ut
2092 2061 2178 2081 mer-

1188 2125 1189 2128 ,
1215 2094 1362 2126 cenariis.
1407 2094 1530 2124 Verum
1562 2104 1643 2133 quae
1673 2105 1747 2125 mox
1778 2094 1924 2134 sequitur
1953 2092 2098 2133 exceptio
2130 2093 2177 2124 vi-

1188 2150 1190 2173 i
1215 2136 1308 2167 detur
1337 2146 1399 2166 non
1431 2136 1507 2167 satis
1538 2147 1729 2177 congruere,
1761 2137 1836 2176 quia
1865 2136 1891 2167 si
1922 2145 2035 2167 servus
2066 2135 2178 2176 paula-

1216 2180 1274 2210 tim
1307 2183 1450 2209 mortuus
1480 2179 1590 2216 fuerit,
1615 2179 1720 2210 caedis
1744 2189 1847 2219 poena
1871 2178 2062 2209 remittitur:
2087 2178 2178 2218 atqui

1216 2232 1310 2261 saepe
1330 2226 1508 2261 praestaret
1527 2233 1590 2253 uno
1608 2222 1744 2253 vulnere
1764 2222 1871 2252 statim
1891 2220 2058 2252 concidere
2082 2231 2178 2261 quam

1216 2265 1370 2295 diuturno
1398 2264 1554 2304 languore
1585 2265 1707 2296 confici.
1754 2264 1929 2304 Continget
1953 2274 2083 2295 servum
2107 2274 2179 2295 ver-

1216 2306 1345 2338 beribus
1375 2307 1418 2336 ita
1449 2308 1569 2338 conteri
1593 2313 1624 2338 et
1647 2307 1763 2347 affligi,
1788 2311 1823 2337 ut
1845 2306 2011 2346 aliquanto
2036 2310 2106 2346 post
2128 2306 2178 2337 in-

1217 2356 1334 2381 tereat:
1366 2349 1418 2379 hic
1442 2355 1525 2380 certe
1547 2350 1685 2381 deterior
1708 2354 1756 2380 est
1780 2350 1849 2380 heri
1873 2349 2010 2380 saevitia
2032 2360 2127 2389 quam
2151 2349 2179 2380 si

1217 2390 1401 2423 iracundiae
1418 2392 1542 2423 fervere
1562 2393 1599 2423 ad
1620 2392 1748 2424 caedem
1770 2392 1926 2432 impulsus
1945 2398 2037 2423 esset.
2069 2391 2180 2431 Quare

1218 2435 1345 2466 videtur
1374 2435 1422 2464 ius
1454 2435 1549 2466 nimis
1576 2435 1745 2475 inaequale
1774 2435 1889 2466 statui:
1918 2435 1973 2466 sed
1998 2434 2179 2466 notandum

1217 2484 1275 2513 est,
1300 2477 1428 2508 caedem
1449 2487 1558 2508 corum
1582 2489 1749 2509 servorum
1770 2478 1821 2517 qui
1846 2488 1886 2508 cx
1910 2478 2014 2518 plagis
2038 2476 2179 2509 decubu-

1217 2524 1318 2557 erant,
1343 2531 1404 2550 non
1425 2519 1523 2551 fuisse
1543 2521 1743 2560 impunitam.
1775 2520 1869 2552 Unde
1890 2520 2053 2560 colligitur
2074 2521 2180 2551 saevis

1190 2597 1191 2606 แผต
1217 2568 1248 2593 et
1280 2562 1469 2593 truculentis
1493 2563 1632 2594 โนleminis-
1658 2564 1789 2594 minime
1814 2564 1950 2594 liberum
1973 2563 2070 2594 fuisse
2094 2570 2179 2593 atro-

1190 2623 1192 2629 ฮน
1217 2606 1298 2636 viter
1323 2605 1492 2635 vulnerare
1516 2618 1639 2637 servos:
1672 2606 1767 2646 idque
1792 2606 1907 2637 diserte
1931 2610 2047 2637 sonant
2072 2605 2180 2643 verba,
