2304 3034
89 171 148 203 661

174 265 202 296 4.
227 264 351 296 Iudicia
372 274 438 295 mea
458 263 556 303 facite.
595 261 680 300 Quia
703 270 765 291 non
790 260 899 290 minus
921 259 1050 291 difficile

89 313 137 341 cst
156 308 236 338 vitia
254 307 367 347 quibus
389 305 589 337 assueverint
601 303 748 334 homines
761 303 930 342 corrigere,
954 313 1050 342 quam

91 351 259 382 diuturnos
293 359 407 381 sanare
447 347 588 378 morbos:
630 345 821 386 praesertim
862 355 937 375 vero
978 345 1051 385 quia

89 393 183 425 malis
206 392 360 432 exemplis
380 390 493 431 vulgus
513 388 721 429 pertinaciter
739 387 907 418 adhaeret:
928 390 1051 418 statuta

89 447 148 468 sua
171 435 204 466 in
228 435 366 465 medium
391 433 478 464 Deus
501 430 631 471 profert,
655 441 735 470 quae
759 429 914 469 populum
938 430 977 460 ab
1001 440 1050 460 er-

89 489 163 510 rore
185 477 288 508 malae
317 473 554 508 consuetudinis
588 474 621 504 in
644 474 729 504 viam
753 477 915 503 revocent.
962 472 1051 502 Nihil

90 521 176 553 euim
199 519 367 550 absurdius
389 527 481 557 quam
506 515 544 547 ad
568 515 736 546 hominum
770 515 853 546 facta
874 514 1051 553 attendere,

90 574 156 595 non
186 568 294 593 autem
323 560 361 591 ad
393 559 452 590 Dei
476 569 673 595 sermonem,
709 558 762 588 ubi
791 557 975 597 quaerenda
1004 561 1052 588 est

90 606 172 637 bene
196 603 325 635 vivendi
348 602 467 642 regula.
512 601 651 632 Perinde
674 600 775 641 igitur
798 606 847 631 est
870 611 905 632 ac
929 600 954 631 si
978 610 1050 640 pro-

90 650 249 680 sterneret
279 646 365 676 Deus
397 643 550 684 quidquid
580 643 676 684 longo
700 654 760 674 usu
784 648 948 683 receptum
972 647 1051 682 erat,

91 695 187 731 atque
199 688 360 720 doctrinae
372 697 448 717 suae
471 687 642 717 autoritate
661 685 803 716 aboleret
822 687 920 716 totius
940 685 1051 716 mundi

91 741 291 764 consensum.
336 729 407 760 Hoc
441 729 574 760 consilio
608 739 672 759 non
707 728 805 759 semel
837 734 983 765 tantum,
1014 733 1051 759 ut

91 780 166 807 ante
188 773 342 809 vidimus,
365 772 467 812 legem
491 782 583 802 suam
604 771 802 802 considerari
825 770 923 805 iubet,
954 781 995 801 ne
1018 781 1051 801 se

90 818 131 849 ad
164 817 334 848 obscoenas
368 813 516 845 libidines
549 814 748 854 prostituant
778 813 963 844 Israelitae:
996 812 1050 844 sed

91 860 262 900 diligenter
300 857 456 893 inculcat,
495 861 532 886 ut
565 868 598 887 se
632 856 719 887 intra
753 862 855 888 metas
889 855 1051 887 custodiae

90 903 185 943 legis,
222 900 307 932 omni
343 900 443 930 abusu
475 899 583 930 valere
612 899 699 930 iusso
730 899 925 930 contineant.
978 898 1052 929 Huc

90 946 186 976 etiam
208 946 329 983 spectat
352 942 436 982 quod
461 941 551 973 dicit:
575 942 644 982 Ego
667 941 789 972 Iehova
813 942 901 972 Deus
925 946 1050 972 vester:

90 988 163 1028 quia
185 986 293 1017 subest
315 985 413 1016 tacita
435 985 519 1015 inter
542 985 647 1024 ipsum
671 984 868 1024 comparatio
891 988 924 1014 et
947 984 1051 1024 profa—

90 1040 147 1062 nas
176 1031 303 1069 gentes,
337 1038 355 1058 a
383 1027 497 1067 quibus
529 1026 683 1067 populum
716 1038 809 1058 suum
845 1026 1052 1064 subduxerat,

89 1071 178 1113 quasi
201 1070 390 1110 interposita
413 1070 559 1101 maceria.

173 1114 200 1144 6.
227 1113 322 1144 Nemo
346 1113 387 1144 ad
403 1113 623 1152 propinquam.
669 1112 740 1143 Non
770 1122 882 1143 omnes
917 1122 1051 1143 consan-

89 1157 221 1198 guineas
245 1156 304 1187 hoc
328 1166 442 1186 nomen
466 1155 698 1195 complectitur,
734 1155 809 1194 quia
833 1155 970 1195 patrueli
999 1154 1052 1185 vel

88 1199 276 1231 consobrino
310 1198 510 1238 permittitur
543 1198 711 1228 amitinam
747 1198 796 1228 vel
828 1197 1051 1228 consobrinam

88 1242 217 1274 ducere:
248 1240 303 1272 scd
334 1241 485 1280 restringi
516 1239 611 1271 debet
641 1240 679 1271 ad
703 1240 825 1280 species
849 1251 928 1279 quas
950 1240 1050 1271 conti-

87 1296 150 1316 nuo
181 1288 251 1324 post
280 1287 461 1314 enumerat:
492 1294 567 1314 nam
596 1283 739 1314 breviter
768 1283 932 1324 praefatur
962 1282 1052 1313 Deus

87 1333 191 1359 certos
214 1337 283 1358 esse
306 1326 508 1366 cognationis
531 1325 661 1366 gradus,
696 1326 748 1366 qui
773 1327 955 1357 incestuosa
977 1336 1051 1356 con-

87 1370 175 1411 iugia
198 1369 327 1400 faciunt.
353 1369 554 1408 Propinquas
578 1379 653 1409 ergo
676 1369 844 1409 sanguinis
867 1374 951 1399 recte
975 1368 1051 1399 defi-

88 1413 165 1449 nies,
186 1412 225 1443 de
244 1412 359 1452 quibus
380 1411 534 1442 continuo
547 1416 618 1451 post
631 1412 749 1452 agitur,
768 1422 894 1451 nempe,
915 1421 954 1441 ne
967 1411 1051 1441 filius

88 1466 161 1487 cum
194 1460 312 1491 matre,
356 1454 523 1494 privignus
557 1465 630 1485 eum
665 1465 819 1491 noverca,
854 1459 986 1493 patruus
1020 1458 1052 1484 et

88 1498 269 1530 avunculus
291 1508 363 1529 cum
388 1503 490 1536 nepte,
514 1508 593 1528 avus
616 1497 712 1528 etiam
733 1508 806 1528 cum
827 1501 931 1536 nepte,
955 1497 1052 1526 frater

88 1551 159 1572 cum
184 1550 291 1572 sorore
315 1550 485 1580 germana,
516 1550 615 1579 nepos
638 1550 710 1570 cum
735 1540 834 1570 amita
862 1540 911 1570 vel
937 1544 1052 1570 mater-

88 1587 167 1620 tera,
192 1583 244 1614 vel
267 1594 339 1614 cum
360 1592 460 1613 uxore
483 1582 599 1622 patrui,
624 1582 673 1613 vel
693 1592 782 1613 socer
801 1593 872 1613 cum
897 1593 991 1617 nuru,
1012 1592 1052 1613 ne

87 1625 172 1657 levir
199 1636 271 1656 cum
302 1636 404 1656 uxore
432 1625 555 1661 fratris,
586 1635 625 1655 ne
650 1625 783 1655 vitricus
807 1635 877 1655 cum
903 1625 1053 1665 privigna

89 1679 122 1700 se
144 1669 283 1699 misceat.
308 1667 424 1699 Ordini
448 1667 603 1698 divinitus
626 1667 823 1707 praescripto
846 1669 1053 1699 consentiunt

89 1721 240 1742 romanae
273 1710 369 1751 leges,
405 1721 439 1741 ac
474 1711 499 1741 si
534 1721 573 1741 ex
598 1710 689 1741 Mose
723 1709 908 1741 didicissent
941 1720 1052 1741 earum

90 1759 218 1785 autores
252 1753 326 1792 quid
362 1753 532 1784 honestum
575 1753 616 1784 sit
650 1759 682 1784 et
714 1758 849 1784 naturae
884 1757 1052 1784 consenta-

90 1806 195 1827 neum.
241 1796 360 1827 Forma
396 1806 470 1826 vero
504 1795 656 1835 loquendi
690 1806 752 1835 qua
786 1795 924 1827 subinde
951 1797 1054 1827 utitur

90 1838 188 1875 Deus,
213 1838 356 1869 revelare
375 1837 618 1879 turpitudinem,
643 1838 683 1869 ad
701 1839 896 1879 gignendam
916 1838 1052 1870 detesta-

91 1882 207 1912 tionem
232 1881 332 1918 valet‚
365 1891 427 1921 quo
457 1880 645 1921 diligentius
668 1881 728 1912 sibi
758 1886 892 1912 caveant
924 1881 1054 1913 Israeli·

91 1928 142 1955 tae
169 1923 207 1954 ab
237 1924 325 1954 omni
356 1924 491 1955 incestu.
543 1923 617 1954 Vox
641 1923 769 1963 quidem
800 1924 949 1955 hebraica
979 1931 1055 1958 ΠἸἾὨ

92 1966 271 1997 nuditatem
294 1966 468 2007 significat,
504 1965 574 1996 ideo
597 1966 725 2006 quidam
750 1967 855 1998 active
879 1972 1055 2007 exponunt,

92 2008 277 2040 Nuditatem
302 2010 418 2049 patris:
442 2014 568 2039 uterum
592 2020 686 2049 quem
711 2009 923 2049 discooperuit
946 2015 1056 2050 pater:

94 2062 205 2082 verum
239 2062 352 2083 sensus
386 2051 439 2083 hic
474 2062 537 2082 non
573 2051 747 2092 quadraret
781 2052 919 2083 nuditati
962 2052 1055 2089 filiae,

94 2093 145 2124 vel
168 2104 278 2132 nurus,
302 2094 354 2126 vel
378 2095 505 2125 sororis.
549 2095 638 2135 Ergo
660 2105 725 2125 non
750 2094 883 2126 dubium
908 2099 956 2126 est
979 2096 1056 2135 quin

95 2135 199 2167 Moses
228 2136 355 2167 foedum
386 2137 505 2177 aliquid
536 2142 566 2167 et
594 2137 779 2177 pudendum
813 2142 908 2169 notet.
956 2138 1057 2169 Porro

97 2178 266 2209 tenendum
296 2185 345 2210 est
375 2180 458 2220 quod
489 2180 550 2210 iam
587 2180 696 2220 attigi,
731 2191 792 2210 nou
818 2185 944 2211 tantum
967 2181 1056 2211 dam-

97 2221 166 2250 nari
184 2221 378 2253 incestuosos
401 2223 504 2254 coitus
525 2227 618 2253 extra
641 2223 836 2263 coniugium,
860 2223 916 2254 sed
936 2223 1057 2263 gradus

99 2261 255 2302 designari
283 2264 315 2295 in
345 2265 459 2305 quibus
490 2264 601 2295 illicita
628 2270 704 2296 sunt
729 2266 885 2305 coniugia.
932 2266 1056 2297 Verum

99 2305 224 2344 quidem
247 2312 294 2337 est
315 2307 397 2338 hanc
421 2318 489 2338 esse
513 2312 638 2347 partem
663 2307 785 2339 ordinis
815 2309 935 2348 politici
961 2320 1055 2349 quem

99 2348 131 2377 in
165 2349 265 2378 veteri
297 2349 413 2389 populo
447 2351 559 2381 statuit
590 2351 694 2381 Deus:
737 2350 913 2381 tenendum
948 2355 1057 2383 tamen

99 2389 194 2420 simul
217 2395 271 2427 est,
294 2392 445 2432 quidquid
469 2393 676 2433 praecipitur,
701 2403 739 2423 ex
762 2393 833 2433 ipso
855 2394 1057 2426 rectitudinis

100 2432 186 2462 fonte
208 2442 363 2473 sensuque
393 2436 482 2466 nobis
507 2435 662 2466 divinitus
686 2436 832 2475 ingenito
856 2446 926 2467 esse
949 2448 1057 2476 sump-

101 2481 178 2505 tum.
229 2474 338 2515 Itaque
367 2483 608 2518 praeposterum
639 2488 773 2509 acumen
803 2479 953 2509 affectant
988 2482 1057 2519 qui-

101 2516 172 2546 dam
196 2516 228 2546 in
251 2518 407 2557 scriptura
429 2521 510 2551 male
534 2521 710 2559 exercitati,
736 2521 810 2551 dum
835 2521 962 2559 iactant,
987 2523 1057 2563 lege

102 2559 253 2598 abrogata
278 2561 414 2592 solutum
445 2573 513 2594 esse
541 2564 707 2594 vinculum
731 2574 791 2603 quo
821 2574 894 2595 suos
918 2564 1056 2596 adstrin-

101 2602 148 2631 xit
172 2601 288 2632 Moses.
332 2603 441 2643 Neque
463 2606 548 2636 enim
573 2606 762 2646 simpliciter
793 2607 954 2647 politicam
986 2618 1056 2640 esse
1081 2606 1083 2629 ἶ

783 167 1023 199 SEPTIMUM
1046 168 1366 202 PRAECEPTUM.

1082 2530 1083 2564 ᾖ
1108 2528 1181 2555 cent
1205 2522 1295 2561 aequi
1321 2527 1353 2552 et
1376 2522 1532 2553 moderati
1564 2524 1727 2559 homines,
1758 2522 1853 2553 ctiam
1885 2523 1969 2563 apud

2011 176 2074 207 662

1088 261 1185 294 «hanc
1209 262 1396 301 doctrinam,
1421 265 1470 295 vel
1494 264 1608 296 debere
1631 267 1771 304 censeri,
1802 277 1841 297 ex
1873 269 2073 307 praefatione

1103 315 1206 344 nuper
1234 307 1379 345 exposita
1416 307 1587 348 colligitur.
1641 307 1804 346 Quoniam
1838 310 1923 341 enim
1959 321 2071 343 omnes

1102 348 1224 379 vicinas
1248 354 1360 389 gentes
1384 350 1569 390 abripuerat
1592 350 1691 381 libido
1715 351 1754 381 ad
1778 351 1928 388 incestus,
1955 359 1989 384 ut
2014 365 2071 393 pu-

1102 388 1243 421 dicitiam
1273 390 1363 422 Deus
1392 392 1509 432 populo
1545 403 1602 424 suo
1636 394 1854 425 commendet:
1900 396 1991 436 Ego,
2022 398 2071 427 in-

1102 432 1180 471 quit,
1204 444 1274 463 sum
1299 433 1419 465 Iehova
1432 434 1521 466 Deus
1546 439 1662 472 vester,
1686 441 1810 466 statuta
1834 448 1904 467 mea
1934 445 2070 476 servate,

1103 475 1280 506 secundum
1318 487 1437 508 morem
1471 482 1575 508 terrae
1605 479 1747 519 Aegypti
1779 484 1811 509 et
1842 479 1998 512 Chanaan
2030 493 2071 512 ne

1103 517 1283 549 ambuletis.
1329 519 1408 550 Mox
1432 530 1509 551 vero
1533 520 1668 558 subiicit,
1693 521 1823 561 quinam
1848 528 1878 552 et
1902 530 1979 562 quot
1999 535 2072 564 gra-

1104 559 1163 590 dus
1186 562 1387 601 cognationis
1411 563 1461 593 vel
1492 563 1660 594 affinitatis
1696 564 1782 595 viros
1806 570 1837 594 et
1859 565 1996 597 feminas
2019 578 2071 597 ar-

1103 608 1197 633 ceant
1220 614 1238 634 a
1261 604 1419 644 coniugio.
1467 604 1502 635 Si
1526 607 1596 645 quis
1619 617 1731 637 rursus
1752 607 1901 646 excipiat,
1926 619 1990 639 non
2013 609 2070 640 ha-

1103 645 1245 676 bendum
1275 657 1344 677 esse
1374 657 1430 686 pro
1460 648 1528 678 iure
1552 649 1697 688 gentium
1722 649 1805 688 quod
1829 649 1862 680 in
1887 651 1996 681 multis
2020 663 2069 682 re·

1104 688 1250 727 gionibus
1280 691 1497 730 contempt-uni
1530 691 1602 729 fuit,
1631 698 1781 731 prompta.
1811 696 1860 722 est
1890 695 2069 732 responsio:

1104 730 1283 761 barbariem
1307 742 1388 771 quae
1411 733 1444 762 in
1464 733 1587 764 oriente
1606 740 1752 774 grassata
1771 734 1840 771 fuit,
1866 746 1930 766 non
1950 737 2071 767 exstin-

1104 784 1201 812 guere
1232 774 1458 805 verecundiam
1489 786 1570 815 quae
1599 777 1746 816 gentium
1777 776 2070 810 abominationibus

1103 816 1290 855 opponitur:
1322 827 1393 847 nam
1419 817 1503 856 quod
1528 819 1675 849 naturale
1706 824 1762 857 est,
1791 819 1879 851 nullo
1909 831 2070 852 consensu

1105 858 1154 888 vel
1179 869 1266 889 more
1290 864 1394 898 potest
1417 859 1524 890 deleri.
1570 861 1608 891 In
1639 872 1783 900 summa,
1818 862 1991 902 prohibitio
2021 865 2069 894 iu-

1103 906 1248 932 cestuum
1273 902 1311 932 de
1334 912 1397 941 qua
1420 913 1506 933 nunc
1529 903 1644 942 agitur,
1669 905 1802 935 minime
1825 911 1873 936 est
1896 917 1935 936 ex
1962 906 2070 947 legum

1105 954 1246 981 numero,
1271 955 1352 983 quae
1375 954 1431 985 pro
1457 950 1637 985 temporum
1651 952 1682 977 et
1695 947 1836 978 locorum
1860 948 2071 980 circumstan-

1104 987 1157 1017 tiis
1192 986 1339 1027 abrogari
1375 987 1490 1018 solent:
1533 988 1790 1028 quandoquidem
1825 991 1897 1021 fluit
1930 991 1969 1022 ab
2003 992 2072 1031 ipso

1104 1034 1240 1059 naturae
1271 1030 1373 1067 fonte,
1402 1034 1433 1060 et
1464 1030 1597 1060 fundata
1627 1036 1674 1061 est
1704 1031 1736 1061 in
1761 1033 1904 1072 generali
1928 1034 2071 1065 omnium

1104 1071 1209 1111 legum
1234 1072 1400 1112 principio,
1425 1072 1507 1112 quod
1532 1079 1723 1113 perpetuum
1743 1080 1791 1105 est
1811 1085 1846 1105 ac
1869 1076 2073 1108 inviolabile:

1104 1114 1193 1145 Deus
1225 1119 1312 1145 certe
1346 1125 1468 1146 morem
1500 1116 1552 1155 qui
1584 1116 1667 1155 apud
1699 1118 1848 1156 profanos
1881 1119 2070 1155 invaluerat,

1104 1156 1162 1187 sibi
1187 1157 1356 1197 displicere
1379 1158 1501 1188 asserit.
1547 1158 1642 1189 Unde
1665 1158 1720 1189 id?
1748 1160 1808 1191 nisi
1832 1161 1915 1200 quod
1939 1161 2072 1193 foedita-

1104 1204 1184 1236 tem,
1216 1200 1292 1231 licet
1321 1200 1490 1230 hominum
1522 1201 1684 1241 suffragiis
1708 1202 1891 1241 probatam,
1924 1204 2073 1243 repudiat

1104 1247 1221 1273 natura
1240 1243 1308 1282 ipsa
1330 1248 1425 1282 atque
1444 1243 1658 1283 aspernatur?
1684 1244 1771 1284 Ergo
1790 1256 1886 1285 quum
1901 1246 1990 1277 Deus
2012 1247 2072 1278 hac

1106 1289 1182 1315 nota
1211 1285 1346 1316 electum
1377 1285 1534 1325 populum
1571 1292 1698 1326 separet
1732 1298 1750 1317 a
1785 1289 1928 1328 profanis
1966 1290 2071 1329 genti-

1106 1327 1172 1364 bus,
1197 1333 1282 1359 certo
1307 1332 1450 1359 statuere
1474 1328 1556 1367 licet,
1581 1329 1732 1366 incestus,
1757 1341 1835 1369 quos
1856 1331 1949 1361 vitari
1973 1332 2071 1368 iubet,

1106 1381 1194 1400 mera
1217 1381 1285 1401 esse
1307 1371 1560 1410 inquinamenta.
1585 1372 1709 1403 Paulus
1722 1372 1754 1402 in
1775 1383 1808 1404 re
1830 1374 1962 1404 minima
1981 1375 2073 1405 nobis

1106 1412 1214 1443 obiicit
1226 1419 1299 1444 ante
1313 1413 1422 1444 oculos
1435 1414 1538 1453 ipsam
1552 1419 1686 1445 naturae
1700 1415 1819 1455 legem:
1834 1427 1907 1446 nani
1919 1416 1971 1447 ubi
1982 1417 2073 1448 docet

1106 1461 1200 1496 turpe
1223 1467 1291 1487 esse
1313 1460 1346 1486 et
1368 1456 1564 1493 indecorum,
1590 1458 1740 1488 mulieres
1759 1458 1791 1488 in
1815 1459 1978 1498 publicum
1999 1470 2072 1499 pro-

1106 1498 1173 1529 dire
1191 1499 1253 1529 nisi
1276 1499 1406 1536 velatas,
1430 1499 1596 1530 consulere
1613 1506 1764 1531 naturam
1784 1501 1880 1540 iubet,
1900 1513 1940 1532 an
1962 1502 2073 1533 deceat

1105 1542 1192 1581 ipsas
1201 1545 1292 1572 tonso
1305 1542 1409 1581 capite
1421 1542 1453 1571 in
1466 1541 1592 1581 publico
1606 1543 1727 1574 versari
1740 1542 1781 1584 (1.
1796 1543 1868 1575 Cor.
1884 1544 2004 1586 11‚14).
2028 1545 2073 1576 Et

1106 1583 1235 1614 tandem
1259 1584 1400 1615 subiicit:
1423 1584 1547 1615 Natura
1571 1585 1602 1615 id
1627 1596 1691 1615 non
1712 1586 1842 1625 patitur.
1874 1587 1984 1625 Quare
2007 1598 2071 1618 non

1105 1626 1199 1657 video
1213 1637 1269 1657 cur
1283 1631 1453 1666 praetextu
1473 1627 1552 1667 legis
1571 1627 1718 1667 politicae
1737 1628 1892 1660 abolenda
1913 1630 1955 1660 sit
1978 1635 2072 1660 natu-

1105 1680 1159 1700 rae
1179 1669 1356 1709 integritas,
1373 1680 1413 1699 ex
1433 1680 1495 1708 qua
1513 1671 1650 1710 emergit
1662 1671 1834 1702 discrimen
1850 1673 1932 1702 inter
1952 1676 2073 1703 statuta

1106 1712 1176 1748 Dei,
1195 1717 1227 1742 et
1242 1712 1388 1752 gentium
1413 1713 1620 1752 corruptelas.
1645 1712 1680 1744 Si
1705 1714 1848 1745 doctrina
1873 1715 1951 1745 haec
1976 1715 2024 1746 vel
2039 1715 2071 1745 in

1105 1755 1201 1785 unius
1224 1755 1331 1794 populi
1353 1754 1501 1792 utilitate,
1526 1756 1575 1786 vel
1599 1756 1632 1786 in
1654 1767 1714 1787 usu
1735 1757 1812 1787 certi
1836 1758 1997 1797 temporis,
2022 1757 2073 1788 vel

1104 1798 1137 1828 in
1167 1797 1326 1837 praesenti
1358 1798 1563 1834 necessitate,
1599 1799 1647 1830 vel
1672 1799 1704 1829 in
1730 1800 1801 1830 aliis
1823 1800 2076 1831 circumstantiis

1108 1840 1241 1871 fundata
1271 1845 1369 1877 esset,
1401 1840 1547 1880 abrogari
1579 1846 1711 1881 possent
1741 1842 1827 1882 leges
1852 1842 1924 1872 inde
1948 1843 2073 1874 elicitae

1108 1884 1200 1913 novis
1225 1882 1262 1913 de
1286 1883 1407 1917 causis,
1437 1889 1493 1913 aut
1525 1883 1604 1914 solvi
1629 1889 1736 1924 posset
1759 1896 1869 1915 earum
1894 1885 2074 1916 observatio

1108 1926 1140 1956 in
1165 1926 1259 1956 certis
1283 1926 1438 1965 personis,
1464 1926 1631 1967 privilegio
1655 1927 1826 1967 singulari:
1863 1938 1973 1958 verum
1999 1928 2074 1967 quia

1109 1969 1140 1999 in
1162 1968 1224 1999 illis
1243 1967 1383 1998 ferendis
1407 1973 1534 1999 tantum
1558 1974 1699 2008 spectatu
1725 1970 1785 2000 fuit
1808 1974 1961 2009 perpetua
1981 1975 2074 2001 natu-

1110 2022 1163 2042 rae
1177 2011 1336 2045 honestas,
1362 2021 1401 2040 ne
1421 2010 1617 2050 dispensatio
1637 2012 1763 2052 quidem
1781 2019 1863 2043 esset
1887 2013 2074 2044 tolerabilis.

1109 2054 1246 2094 Impune
1269 2053 1397 2093 quidem
1422 2060 1455 2084 ut
1480 2054 1573 2085 liceat
1595 2055 1692 2085 statui
1716 2060 1829 2095 potest,
1854 2055 1948 2085 sicuti
1972 2056 2004 2085 in
2026 2067 2075 2086 ar-

1109 2097 1204 2127 bitrio
1228 2096 1380 2136 principis
1400 2101 1448 2126 est
1467 2107 1587 2136 poenas
1601 2098 1779 2128 remittere:
1802 2108 1911 2127 verum
1931 2102 1967 2127 ut
1982 2099 2075 2129 vitio-

1109 2150 1179 2171 sum
1205 2150 1267 2169 non
1291 2138 1334 2169 sit
1357 2138 1439 2178 quod
1465 2139 1615 2170 vitiosum
1639 2151 1708 2171 esse
1729 2144 1845 2171 natura
1870 2139 1978 2178 dictat,
2002 2140 2074 2171 nul-

1109 2183 1160 2213 lus
1183 2181 1348 2221 legislator
1371 2181 1503 2212 efficiet:
1527 2182 1610 2222 quod
1634 2183 1661 2212 si
1684 2183 1754 2222 quis
1778 2183 1945 2222 tyrannica
1968 2193 2076 2223 super-

1109 2225 1160 2256 bia
1194 2224 1224 2254 id
1259 2223 1376 2254 audeat
1407 2229 1542 2262 tentare,
1577 2230 1720 2264 emerget
1748 2230 1854 2255 tamen
1886 2235 2075 2265 oppressum

1109 2273 1244 2298 naturae
1269 2267 1374 2296 lumen
1399 2276 1434 2297 ac
1456 2268 1661 2306 praevalebit.
1687 2267 1774 2298 Olim
1798 2278 1895 2307 quum
1919 2268 2075 2300 Claudius

1110 2311 1284 2350 imperator
1307 2319 1439 2339 uxorem
1464 2309 1523 2340 sibi
1548 2311 1737 2350 sumpsisset
1760 2311 1971 2350 Agrippinam
1996 2322 2074 2351 nep-

1110 2357 1174 2383 tem
1198 2362 1299 2387 suam,
1323 2351 1455 2382 tollendi
1479 2353 1588 2392 probri
1611 2363 1716 2389 causa,
1741 2357 1872 2383 senatus
1889 2354 2073 2385 consultum

1109 2396 1177 2426 fieri
1200 2394 1335 2429 curavit,
1360 2405 1422 2433 quo
1446 2394 1582 2425 dabatur
1604 2396 1721 2426 talibus
1745 2395 1901 2435 coniugiis
1925 2395 2074 2428 libertas:

1109 2448 1203 2468 nemo
1238 2443 1346 2467 tamen
1380 2442 1526 2476 repertus
1560 2442 1609 2469 est
1643 2439 1695 2477 qui
1731 2437 1916 2477 exemplum
1954 2439 2073 2470 imitari

1109 2481 1213 2517 vellet,
1236 2484 1369 2518 excepto
1393 2480 1552 2510 duntaxat
1575 2481 1689 2511 liberto
1713 2491 1786 2511 uno.
1832 2480 1927 2512 Unde
1956 2492 2074 2522 agnos-

2023 2536 2073 2556 ro-

1108 2566 1199 2596 fanas
1220 2569 1333 2606 gentes
1363 2565 1422 2596 hoc
1451 2565 1500 2596 ius
1532 2566 1628 2597 fuisse
1652 2565 1796 2596 habitum
1821 2535 2019 2603 insolubile,p
2037 2578 2073 2599 ac

1109 2609 1135 2639 si
1164 2609 1262 2639 fixum
1297 2612 1381 2638 essct
1413 2611 1445 2638 et
1478 2609 1675 2648 insculptum
1710 2607 1878 2638 hominum
1912 2609 2073 2641 cordibus.

1820 2657 1870 2683 42*
