2304 3034
213 190 274 222 387

212 296 287 316 rum
318 285 357 316 sit
383 285 486 315 Deum
515 295 668 324 quaerere
692 285 724 315 in
745 285 839 316 rebus
864 287 1018 323 terrenis,
1041 287 1091 318 vel
1116 287 1177 318 ele-

215 328 334 358 mentis
358 327 486 361 mundi,
513 328 562 358 vel
588 328 788 367 corruptibili
813 329 957 365 materia,
983 328 1100 360 diserte
1124 341 1179 361 ex-

216 371 330 410 pressit
352 380 390 399 ne
412 371 443 399 in
466 370 657 401 coelestibus
681 371 810 410 quidem
836 371 992 402 creaturis
1016 383 1085 403 esse
1109 373 1181 404 sub-

217 412 411 443 sistendum:
450 413 525 451 quia
557 412 618 443 Dei
658 413 810 444 maiestas
847 414 994 453 superior
1029 421 1077 445 est
1106 416 1181 454 sole,

219 456 303 489 luna,
326 460 355 484 et
380 455 480 485 stellis
504 455 663 486 omnibus.
710 456 812 487 Porro
837 456 1070 488 absurditatem
1096 468 1181 489 coar-

217 497 294 537 guit,
318 497 343 527 si
367 497 489 528 cultum
516 498 574 528 Dei
601 499 798 529 transferant
821 499 861 529 ad
885 499 1011 536 stellas,
1037 511 1118 540 quae
1141 511 1180 532 ex

218 540 275 570 Dei
316 539 467 570 mandato
501 541 645 572 ancillari
678 542 768 573 nobis
800 541 927 573 debent.
978 542 1062 573 Nam
1098 544 1180 583 quod

217 582 293 613 dicit
319 583 422 613 Deum
452 582 523 614 illas
548 584 698 623 gentibus
723 584 942 620 distribuisse,
973 585 1012 615 ad
1036 585 1180 617 ordinem

216 625 425 656 subiectionis
439 626 591 657 refertur:
613 638 648 657 ac
667 627 694 657 si
714 627 814 658 solem
835 627 968 659 dixisset
988 629 1181 667 ministrum,

218 668 324 698 lunam
355 668 504 699 ancillam
537 681 601 700 una
629 680 702 700 cum
733 670 882 701 omnibus
913 670 1024 702 stellis.
1069 670 1181 710 Quan-

217 721 310 750 quam
341 710 552 742 distribuendi
585 713 683 744 verbo
708 714 835 753 proprie
860 713 1103 745 commendatur
1126 715 1181 745 ad-

217 753 374 784 mirabilis
405 755 466 785 Dei
502 755 707 794 providentia
742 756 774 786 in
809 756 978 796 multiplici
1014 757 1119 796 positu
1151 762 1183 788 et,

217 796 378 831 discursu,
409 797 608 838 diversisque
637 799 761 829 officiis.
806 799 918 839 Neque
950 800 1036 830 euim
1059 799 1106 830 sol
1130 811 1182 831 eo—

217 839 289 870 dem
314 845 476 871 momento
501 845 602 872 terras
627 852 738 872 omnes
761 841 919 878 illustrat,
946 842 996 873 vel
1020 842 1180 874 calefacit:

216 881 331 913 deinde
361 894 445 914 nunc
470 894 487 914 a
511 884 602 915 nobis
627 884 783 921 declinat,
816 895 903 915 nunc
932 886 1063 925 propius
1094 895 1181 916 acce-

217 924 277 956 dit:
311 926 386 956 luna
410 936 485 956 suos
508 926 606 958 habet
630 927 797 958 circuitus:
828 927 940 958 stellae
964 939 1050 959 nunc
1073 928 1181 959 oriun-

216 972 279 1005 tur,
304 978 391 999 nuuc
415 969 574 1006 occidunt,
599 974 695 1009 prout
717 970 841 1001 eoelum
867 970 1021 1001 volvitur.
1057 970 1181 1002 Omitto

216 1011 371 1042 tardiores
392 1022 580 1052 progressus
601 1013 812 1052 planetarum.
845 1014 913 1044 Iam
935 1024 992 1053 pro
1012 1013 1180 1044 stellarum

215 1060 354 1093 aspectu,
380 1055 467 1095 regio
487 1066 550 1086 uua
574 1055 736 1086 humidior
760 1063 817 1092 est,
841 1056 942 1087 altera
965 1056 1093 1088 siccior:
1119 1058 1181 1087 alia

214 1096 287 1136 plus
306 1097 419 1128 caloris
443 1099 550 1135 sentit,
574 1099 635 1129 alia
659 1099 730 1138 plus
754 1099 891 1139 frigoris.
927 1099 1018 1130 Haec
1043 1099 1181 1131 varietas

215 1146 288 1180 apte
319 1147 454 1171 vocatur
481 1151 499 1171 a
523 1141 615 1172 Mosa¹
647 1141 785 1181 partitio.
832 1142 1082 1182 Superstitionis
1107 1154 1180 1173 vcro

215 1183 333 1213 crimen
355 1189 540 1224 exaggerat,
564 1185 590 1215 si
604 1184 716 1215 Iudaei
736 1185 839 1215 stellis
861 1196 894 1215 se
909 1184 1074 1216 addicant:
1099 1196 1180 1225 quae

215 1226 358 1265 profanis
389 1237 512 1266 quoque
542 1227 692 1267 gentibus
720 1228 930 1259 famulantur,
977 1227 1063 1266 Quid
1094 1229 1177 1259 enim

215 1268 381 1309 indignius
416 1281 511 1309 quam
543 1270 625 1301 filios
658 1269 721 1301 Dei
750 1271 825 1302 solis
855 1281 924 1302 esse
954 1271 1094 1302 cultores
1125 1272 1178 1311 qui

215 1322 329 1342 servus
360 1317 407 1342 est
438 1313 535 1343 totius
567 1312 699 1343 mundi?
752 1313 847 1345 Unde
877 1314 993 1344 iterum
1025 1314 1179 1353 sequitur,

215 1365 276 1394 quo
301 1355 371 1394 pius
396 1360 444 1385 est
467 1355 635 1396 dignitatis
659 1366 694 1386 ac
718 1357 935 1396 praestantiae
956 1357 988 1387 iu
1013 1357 1088 1396 ipsis
1111 1368 1178 1388 cre-

215 1398 332 1435 aturis,
365 1409 399 1429 eo
432 1399 560 1438 turpius
590 1399 735 1439 ingratos
758 1399 829 1429 Deo
860 1411 928 1430 esse
959 1399 1120 1436 homines,
1151 1400 1176 1431 si

215 1441 282 1471 eius
311 1441 415 1479 cultu,
444 1448 595 1481 tanquam
627 1441 753 1481 spoliis,
784 1443 871 1483 ipsas
895 1449 1070 1479 exornent,
1101 1453 1178 1482 quas

215 1494 325 1514 eorum
351 1484 483 1515 utilitati
508 1485 631 1515 servire
657 1485 767 1515 voluit.
813 1484 954 1525 Indigna.
978 1496 1053 1516 vero
1077 1486 1178 1516 relatu

215 1532 262 1557 est
286 1527 468 1564 insulsitas,
498 1527 529 1558 in
554 1538 616 1568 qua
639 1528 698 1558 sibi
724 1528 848 1567 placent
874 1528 1002 1568 quidam
1027 1528 1177 1565 Rabbiui‚

216 1569 320 1600 Deum
346 1571 496 1609 gentibus
522 1571 676 1610 partitum
699 1577 795 1608 astra,
819 1571 969 1610 quoniam
994 1582 1105 1602 corum
1128 1571 1177 1601 in-

215 1613 356 1643 fluentiis
387 1613 451 1644 sint
480 1613 651 1651 obnoxiae,
687 1625 704 1644 a
735 1613 849 1653 quibus
880 1614 991 1645 Iudaei
1022 1614 1177 1654 singulari

213 1655 383 1695 privilegio
406 1656 472 1687 sint
496 1657 665 1687 immunes.
707 1656 809 1695 Quasi
835 1668 909 1688 vero
933 1669 996 1688 non
1020 1658 1112 1688 tuerit
1139 1657 1177 1688 ab

215 1698 305 1728 initio
337 1699 451 1730 similis
474 1699 615 1730 conditio
640 1700 773 1730 humani
798 1701 935 1740 generis.
979 1700 1103 1731 Verum
1127 1710 1176 1730 ra-

214 1741 256 1771 tio
279 1752 375 1781 quam
397 1742 499 1779 attuli,
523 1742 608 1773 clare
632 1743 772 1773 ostendit
795 1756 848 1774 eos
872 1755 890 1774 a
914 1743 1054 1783 genuino
1078 1743 1177 1773 Mosis

213 1795 311 1815 sensu
331 1785 517 1825 longissime
538 1785 710 1823 discedere,
735 1785 875 1826 adeoque
899 1791 1085 1826 pervertere
1109 1787 1177 1816 eius

213 1827 398 1858 consilium:
427 1839 540 1868 nempe
565 1834 729 1859 creaturas
754 1840 834 1868 quae
856 1830 888 1859 in
914 1840 1006 1860 usum
1032 1834 1176 1859 nostrum

214 1870 393 1901 destinatae
417 1880 502 1906 sunt,
528 1872 662 1902 minime
687 1883 743 1912 pro
768 1871 837 1903 Deo
861 1883 930 1903 esse
954 1871 1112 1903 colendas.

298 1913 347 1944 23.
375 1914 528 1945 Custodit&
553 1925 601 1945 ros
624 1925 660 1944 nv
682 1914 915 1946 obliviscamini.
954 1914 1048 1953 Quod
1072 1914 1177 1954 priore

214 1955 280 1986 loco
306 1957 337 1986 in
364 1964 468 1987 totum
494 1963 582 1987 vetat
606 1957 763 1988 fabricare
788 1957 881 1995 idola,
906 1957 1046 1989 secundo
1070 1964 1176 1988 autem

213 2006 338 2029 tantum
371 1999 408 2030 de
440 2000 528 2030 cultu
560 2006 590 2029 et
620 2000 807 2031 adoratione
838 2000 998 2040 loquitur,
1022 2001 1053 2030 in
1079 2010 1175 2030 sensu

212 2041 301 2073 nulla
332 2048 379 2072 est
404 2042 634 2082 discrepantia,
665 2044 738 2082 quia
761 2044 825 2074 iani
850 2055 907 2083 per
930 2055 962 2074 se
987 2043 1105 2082 impius
1129 2047 1177 2073 est

211 2096 314 2121 error,
346 2085 413 2115 Deo
439 2085 579 2116 tribuere
604 2086 792 2126 imaginem:
825 2092 856 2117 ct
880 2097 952 2117 eum
977 2096 1101 2125 semper
1124 2095 1175 2116 co-

212 2128 344 2158 mitatur
375 2128 475 2158 altera
505 2129 707 2168 superstitio,
746 2136 778 2159 ut
811 2129 842 2159 in
875 2130 1019 2170 symbolo
1059 2127 1175 2160 visibili

212 2176 415 2210 praepostere
444 2171 568 2202 colatur
598 2172 695 2202 Deus.
740 2171 845 2202 Probe
875 2178 983 2203 autem
1015 2171 1065 2202 hic
1100 2181 1174 2201 conv

211 2215 359 2244 firmatur
382 2214 465 2253 quod
489 2220 564 2244 ante
588 2216 688 2254 posui,
712 2215 912 2246 contrarium
936 2226 1004 2246 esse
1026 2215 1085 2245 Dei
1112 2214 1176 2244 foe-

212 2256 279 2286 deri
310 2256 463 2296 quidquid
495 2268 609 2287 sensus
643 2263 768 2288 nostros
799 2259 830 2288 in
856 2263 942 2288 terra
972 2261 1116 2288 moratur
1140 2267 1175 2287 ac

212 2300 343 2330 retinet:
370 2300 420 2330 ubi
448 2312 503 2330 nos
529 2300 566 2330 ad
592 2311 625 2330 se
650 2301 794 2331 invitans
819 2301 899 2331 nihil
926 2300 986 2331 nisi
1010 2299 1174 2340 spirituale

212 2343 350 2381 cogitare
371 2343 537 2382 permittit,
564 2343 696 2383 ideoque
718 2354 827 2374 vocem
848 2355 938 2375 suam
963 2343 1093 2382 opponit
1117 2343 1174 2381 fig-

213 2386 327 2415 mentis
361 2386 526 2422 omnibus,
554 2386 670 2424 quibus
699 2397 825 2426 semper
865 2387 1014 2425 deceptae
1044 2385 1175 2415 fuerunt
1199 2409 1201 2426 ἐ

212 2429 363 2466 profanae
383 2436 510 2467 gentes:
536 2430 610 2468 quia
635 2429 894 2460 destituebantur
914 2429 982 2459 luce
1002 2427 1173 2463 doctrinae,

211 2482 290 2509 quae
311 2471 395 2509 ipsas
419 2471 572 2510 dirigeret
597 2471 635 2501 ad
660 2472 831 2503 coelestem
856 2472 917 2503 Dei
942 2471 1040 2510 ipsius
1064 2470 1172 2500 aititu-

212 2514 327 2543 dinem.

211 2555 302 2586 niodo
322 2557 424 2596 ipsum
447 2556 549 2587 solum
575 2568 642 2587 csse
666 2557 844 2595 colendum,
868 2557 922 2588 sed
943 2556 1030 2586 nulla
1056 2555 1171 2585 visibili

211 2599 314 2637 eflign·
340 2610 430 2637 posse
457 2601 707 2638 repraesentari,
733 2601 792 2631 nisi
818 2612 850 2630 so
875 2599 1059 2630 contineant
1086 2599 1172 2628 intra

208 2642 264 2671 iios
291 2643 383 2678 lines,
409 2643 523 2672 merito
546 2650 720 2673 censentur
744 2643 926 2682 foedifragi:
952 2642 1025 2681 quia
1049 2641 1172 2672 violant

902 192 1154 225 SECUNDUM
1178 194 1498 227 PRAEOEPTUM.

382 2514 446 2551 Qui
486 2525 558 2544 vero
593 2526 633 2544 ex
670 2514 730 2545 Dei
766 2515 836 2555 lege
870 2514 972 2545 edocti
1004 2520 1079 2544 sunt
1110 2524 1171 2542 non
1198 2528 1199 2543 ;

2135 196 2197 228 388

1234 288 1410 319 secundum
1435 288 1513 319 iliud
1537 292 1642 328 caput,
1667 298 1728 326 quo
1753 287 1903 318 iubentur
1918 288 2021 319 Deum
2046 289 2198 328 spiritua-

1234 331 1307 362 liter
1327 331 1445 362 colere:
1471 336 1503 362 et
1523 330 1655 370 proinde
1682 335 1831 361 vetantur
1855 330 2026 362 simulacra
2047 332 2095 363 vel
2116 332 2197 363 ima—

1233 374 1324 414 gines
1361 374 1421 405 sibi
1453 374 1571 409 facere,
1611 372 1727 412 quibus
1756 372 1825 402 eius
1856 372 1990 412 gloriam
2020 373 2198 406 deforment

1233 422 1328 456 atque
1348 416 1529 455 inquinent.
1564 415 1604 446 In
1630 416 1692 446 fine
1717 425 1837 451 versus,
1863 415 1915 446 ubi
1940 416 2069 455 quidam
2093 421 2198 448 trans-

1233 460 1358 490 ferunt:
1382 458 1636 490 similitudinem
1661 468 1757 497 quam
1782 457 1945 497 prohibuit
1969 458 2059 490 Deus
2082 465 2198 498 vester,

1232 503 1306 542 qnia
1329 502 1457 542 proprie
1481 502 1616 541 legitur,
1643 499 1822 538 Mandavit,
1845 500 1897 531 Vel
1920 502 2093 541 praecepit,
2117 502 2197 533 rela-

1233 545 1337 575 tivum
1361 551 1444 582 Ἶῐϋκ,
1468 544 1559 575 sicuti
1585 542 1729 583 pluribus
1752 543 1837 579 locis,
1852 554 1908 583 pro
1921 543 2071 575 adverbio
2084 544 2198 575 simili-

1233 586 1354 619 tudinis
1382 587 1516 627 capitur.
1562 585 1685 618 Sensus
1709 585 1837 625 quidem
1861 586 1962 617 Mosis
1987 587 2119 618 minime
2143 587 2197 618 ob-

1232 641 1346 661 scurus
1377 639 1439 662 est.
1471 629 1660 669 simpliciter
1691 628 1866 667 parendum
1898 640 1966 660 esse
1999 630 2059 660 Dei
2086 630 2197 661 verbo:

1234 684 1292 704 nec
1318 684 1386 704 esse
1415 672 1646 712 disputandum
1678 671 1770 701 liccat
1794 682 1894 703 necne
1914 672 1996 711 quod
2017 673 2196 713 interdixit,

1233 726 1290 746 nec
1311 716 1406 746 aliam
1431 716 1508 746 iuris
1533 716 1689 745 rationem
1713 714 1929 753 quaerendam
1953 725 2021 746 esse
2045 726 2138 755 quam
2163 720 2199 747 ut

1233 769 1405 798 sequamur
1439 757 1521 797 quod
1552 757 1766 797 praescripsit.
1816 757 1989 796 Disputeut
2025 769 2111 789 nunc
2142 768 2198 798 pa-

1234 802 1334 841 pistae
1356 807 1391 832 ut
1411 801 1550 837 libuerit,
1575 811 1639 830 non
1659 810 1727 830 csse
1748 799 1906 831 tollendas
1926 800 2092 841 imagines,
2114 811 2198 841 quae

1234 844 1357 874 utiliter
1387 843 1538 883 populum
1568 842 1737 873 erudiunt:
1774 842 1852 873 haec
1883 848 1989 874 autem
2019 849 2128 874 nostra
2157 845 2198 874 sit

1233 887 1398 926 sapientia,
1424 887 1499 926 quia
1512 886 1600 916 Deus
1620 885 1679 916 hac
1699 884 1737 916 de
1757 896 1790 916 re
1813 886 1928 916 statuit
1951 886 2035 925 quod
2060 885 2196 925 volebat,

1233 930 1443 969 acquiescere.
1489 929 1560 960 Etsi
1592 933 1699 958 autem
1732 938 1812 967 quae
1836 927 1966 959 additur
1989 929 2196 960 comminatio

1233 979 1360 1012 poterat
1396 973 1507 1012 reponi
1545 971 1632 1001 inter
1661 972 1842 1002 sanctiones
1873 971 1911 1001 de
1941 971 2056 1011 quibus
2087 977 2198 1011 postea

1232 1025 1289 1045 suo
1313 1015 1379 1047 loco
1405 1015 1599 1051 videbimus,
1622 1014 1696 1053 quia
1721 1019 1828 1044 tamen
1860 1013 1998 1045 secundo
2027 1019 2198 1055 praecepto

1233 1068 1361 1088 annexa
1384 1065 1440 1095 est,
1465 1057 1616 1088 divellere
1642 1056 1739 1088 nolui.
1774 1056 1811 1087 Iu
1825 1056 2081 1088 Deuteronomio
2104 1057 2193 1088 addi-

1233 1107 1284 1131 tur
1306 1101 1521 1132 confirmatio:
1547 1100 1629 1139 quod
1648 1100 1745 1136 Deus,
1766 1099 1792 1130 si
1817 1100 1937 1130 exteris
1959 1100 2109 1140 gentibus
2132 1111 2198 1131 nou

1232 1144 1389 1183 pepercit,
1414 1143 1515 1174 multo
1539 1143 1647 1173 minus
1670 1142 1787 1182 populo
1811 1153 1868 1173 suo
1892 1143 2053 1182 ignoscet,
2077 1148 2197 1183 quanto

1231 1186 1353 1217 seilicet
1381 1186 1513 1227 gravius
1544 1192 1593 1216 est
1620 1185 1760 1223 crimen,
1791 1190 1823 1216 et
1846 1185 1966 1216 foedior
1986 1186 2197 1226 ingratitudo,

1234 1229 1339 1259 Deum
1368 1229 1465 1259 semel
1497 1229 1664 1269 cognitum
1695 1227 1857 1266 deserere,
1889 1235 1921 1259 et
1951 1228 2088 1259 abiicere
2118 1229 2198 1269 legis

1232 1272 1420 1309 doctrinam,
1445 1282 1539 1311 quam
1559 1282 1683 1302 errores
1703 1281 1721 1301 a
1745 1270 1919 1302 maioribus
1942 1272 2075 1302 traditos
2096 1272 2196 1312 sequi.

1234 1315 1378 1354 Exposui
1409 1315 1469 1344 iam
1496 1319 1571 1344 ante
1595 1324 1656 1353 quo
1680 1325 1777 1344 sensu
1802 1319 1932 1345 vocetur
1958 1314 2047 1345 Deus
2070 1315 2196 1346 zelotes.

1233 1358 1404 1388 Caeterum
1434 1357 1611 1397 penultimo
1643 1357 1709 1388 loco
1732 1357 1840 1387 Moses
1871 1367 1935 1387 non
1966 1358 2043 1388 satis
2075 1357 2197 1397 habuit,

1231 1400 1420 1439 simpliciter
1452 1400 1510 1431 hoc
1541 1400 1685 1439 epitheto
1709 1399 1814 1430 Deum
1845 1400 2017 1440 insignire:
2049 1399 2102 1430 sed
2128 1410 2196 1430 am-

1231 1443 1393 1482 plificandi
1413 1453 1508 1474 eausa
1527 1442 1649 1473 addidit
1667 1442 1727 1474 hoe
1748 1454 1818 1473 esse
1838 1443 1906 1473 eius
1930 1453 2055 1479 nomen,
2080 1447 2116 1474 ut
2137 1443 2197 1474 sci-

1232 1496 1339 1516 remus
1371 1496 1435 1516 non
1461 1486 1563 1526 magis
1587 1496 1680 1525 posse
1705 1485 1827 1517 socium
1852 1485 1903 1516 vel
1926 1486 2088 1516 aemulum
2112 1485 2196 1517 ferre

1232 1529 1291 1559 sibi
1321 1529 1438 1569 opponi
1470 1540 1565 1568 quam
1596 1528 1733 1559 abiicere
1757 1538 1848 1559 suam
1872 1528 2041 1565 deitatem,
2068 1529 2117 1559 vel
2140 1529 2195 1560 ab·

1232 1582 1349 1611 negare
1368 1582 1402 1602 se
1421 1572 1535 1611 ipsum.
1567 1570 1660 1610 Quod
1682 1575 1788 1601 autem
1814 1582 1887 1602 eum
1911 1572 1976 1611 igni
2002 1582 2088 1602 nunc
2109 1582 2195 1602 com-

1232 1620 1323 1653 parat
1355 1614 1393 1644 ad
1425 1622 1577 1645 terrorem
1610 1613 1793 1654 augendum
1818 1614 1900 1645 facit.
1948 1613 2074 1646 Scimus
2098 1625 2194 1654 quam

1230 1656 1382 1688 audacter
1405 1658 1465 1687 sibi
1489 1657 1657 1697 indulgeat
1680 1657 1819 1688 mundns
1843 1657 1875 1688 in
1900 1657 2192 1697 superstitionibus.

1229 1700 1323 1731 Unde
1343 1701 1379 1730 fit
1403 1706 1438 1730 ut
1458 1706 1609 1739 tanquam
1629 1699 1828 1730 ludibundus
1849 1699 1955 1730 Deum
1977 1700 2195 1738 transformet,

1229 1751 1323 1782 prout
1354 1743 1428 1773 tulit
1457 1743 1563 1773 libido.
1610 1743 1697 1782 Ergo
1722 1748 1756 1773 ut
1780 1742 1819 1773 ad
1844 1743 2060 1774 reverentiam
2086 1743 2195 1774 flectat

1229 1786 1397 1816 hominum
1422 1786 1559 1822 animos,
1590 1785 1825 1817 formidabilem
1850 1785 1911 1817 Dei
1935 1786 2111 1817 vindictam
2136 1786 2194 1817 sub

1228 1827 1287 1859 hac
1318 1829 1422 1868 figura
1452 1829 1614 1868 proponit:
1649 1828 1732 1868 quod
1764 1829 1849 1868 ipsos
1880 1840 1943 1859 non
1973 1840 2065 1860 secus
2096 1833 2194 1868 atque

1229 1871 1312 1911 iguis
1331 1871 1482 1910 stipulam
1504 1872 1652 1911 protinus
1675 1876 1850 1910 consumet,
1869 1872 1896 1902 si
1916 1871 2010 1902 aliter
2029 1882 2125 1911 quam
2145 1871 2194 1903 fas

1229 1921 1276 1945 est
1300 1913 1337 1944 dc
1359 1915 1426 1953 ipso
1451 1916 1570 1945 sentire
1595 1914 1663 1945 ausi
1688 1914 1819 1945 fuerint.

1313 1957 1368 1987 Dt.
1386 1957 1491 1994 11‚16.
1515 1956 1724 1988 Caretcvobis.
1745 1956 1840 1995 Quod
1853 1957 2076 1997 saepiusidem
2092 1957 2192 1988 incul-

1229 2005 1287 2036 cat,
1313 2006 1349 2029 ut
1371 2001 1408 2029 ad
1438 2000 1618 2031 cavendum
1643 2000 1705 2030 sint
1732 2000 1864 2037 attenti,
1890 2000 1984 2031 tacite
2008 2001 2193 2040 coarguitur

1229 2042 1395 2072 hominum
1421 2043 1458 2073 ad
1477 2043 1742 2082 superstitionem
1763 2043 1943 2082 propensio.
1981 2042 2074 2081 Quod
2095 2043 2192 2074 etiam

1228 2085 1344 2115 iterum
1382 2086 1576 2125 exprimitur
1615 2085 1664 2116 his
1695 2085 1814 2116 verbis:
1852 2085 1900 2116 Ne
1931 2085 2109 2125 decipiatur
2139 2097 2192 2117 cor

1201 2135 1203 2149 ¹
1231 2135 1386 2158 vestrum:
1411 2128 1485 2167 quia
1505 2128 1673 2168 signifieat,
1698 2128 1757 2158 nisi
1779 2127 1950 2167 diligenter
1968 2128 2029 2159 sibi
2048 2133 2192 2167 caveant,

1201 2184 1203 2208 ς
1230 2170 1309 2201 nihil
1344 2171 1410 2201 fore
1447 2171 1620 2210 proclivius
1650 2181 1745 2210 quam
1778 2178 1813 2200 ut
1841 2171 1957 2200 cadant
1988 2171 2018 2201 in
2049 2170 2192 2202 Satanae

1201 2219 1203 2235 t
1228 2213 1400 2253 decipulas.
1453 2213 1524 2251 Quo
1555 2214 1662 2244 minus
1693 2213 1888 2244 excusabilis
1919 2218 1966 2243 est
1992 2214 2191 2253 papistarum

1228 2256 1445 2295 impudentia,
1476 2256 1530 2294 qni
1561 2256 1732 2287 securitate
1755 2267 1829 2286 suas
1853 2263 1884 2286 ct
1908 2255 2043 2286 aliorum
2069 2260 2193 2288 mentes

1228 2299 1398 2334 inebriant,
1423 2298 1475 2328 ubi
1492 2299 1580 2329 Deus
1599 2298 1638 2328 ad
1657 2298 1908 2329 sollicitudiuem
1928 2298 2065 2329 subinde
2085 2298 2192 2330 horta-

1229 2347 1288 2371 tur.
1334 2341 1481 2372 Sciamus
1511 2352 1602 2381 ergo,
1633 2352 1730 2380 quum
1765 2352 1820 2371 nos
1853 2341 1994 2380 undique
2023 2341 2192 2373 obsideant

1228 2384 1346 2414 multae
1378 2384 1574 2423 imposturae
1606 2392 1636 2413 et
1668 2383 1811 2419 fraudes,
1847 2394 1902 2423 pro
1934 2384 2056 2424 ingenii
2089 2385 2192 2416 nostri

1228 2427 1369 2457 vanitate
1401 2438 1456 2456 nos
1481 2426 1542 2457 illis
1568 2426 1633 2456 fore
1658 2427 1768 2457 statim
1793 2426 1962 2463 obnoxios,
1995 2428 2055 2458 nisi
2078 2427 2189 2458 sedulo

1198 2477 1200 2490 t
1227 2481 1282 2499 nos
1313 2469 1540 2500 custodiamus.
1590 2469 1697 2499 Verbo
1727 2469 1894 2500 recedendi
1919 2470 2079 2509 siguificat
2106 2470 2190 2510 quod

1197 2506 1199 2517 ¹
1225 2518 1298 2542 ante
1323 2511 1443 2542 dictum
1469 2519 1525 2549 est,
1551 2513 1648 2552 impie
1673 2525 1690 2542 a
1712 2523 1785 2543 vero
1802 2511 1871 2543 Deo
1895 2512 2031 2543 deficere
2055 2513 2189 2553 quicun-

1197 2553 1199 2589 ἷ
1224 2566 1283 2594 que
1304 2554 1344 2585 ad
1369 2555 1497 2585 vitiosos
1521 2555 1626 2585 cultus
1651 2555 1822 2585 declinant.
1858 2555 1894 2585 Id
1921 2555 2052 2586 minime
2077 2561 2190 2595 putant

1197 2616 1198 2634 1
1225 2597 1390 2633 increduli,
1415 2597 1531 2636 quibus
1552 2597 1620 2628 lere
1646 2598 1797 2628 delictum
1821 2603 1870 2628 cst
1893 2598 2047 2629 excedere
2071 2599 2104 2629 in
2129 2599 2189 2630 hac

1197 2639 1198 2665 l
1224 2646 1324 2680 parte.
1351 2641 1396 2670 Ac
1417 2641 1484 2671 suis
1502 2640 1629 2680 quidem
1646 2641 1835 2672 commentis
1856 2641 1992 2672 libenter
2010 2641 2190 2673 oblinet-ent
