2304 3034
171 126 232 157 497

170 218 266 251 decim
294 216 510 248 immaculatos.
561 214 609 244 27.
634 212 676 243 Et
705 211 842 242 minham
871 221 982 248 eorum,
1005 214 1031 241 et
1052 211 1126 241 liba-

170 261 255 292 mina
278 269 389 297 eorum,
412 259 446 289 in
474 259 619 293 iuvencos,
647 255 680 285 in
707 254 825 291 arictes,
856 256 883 284 et
903 254 935 283 in
959 263 1061 293 aynos,
1085 264 1128 284 seâ€”

172 303 306 334 cundum
328 310 485 331 numerum
507 308 615 335 eorum,
645 297 733 327 iuxta
754 306 877 327 morem.
923 296 971 326 28.
998 295 1040 326 Et
1064 295 1126 325 hir-

172 355 241 377 cum
269 344 301 374 in
328 342 524 381 sacrificium.
533 350 594 379 pro
617 340 739 379 peccato
762 348 867 375 unum,
895 340 1019 376 praeter
1047 337 1122 368 holo-

172 389 312 419 caustum
351 386 431 425 iuye,
468 386 495 414 et
534 381 669 413 minlzam
707 381 788 418 eius,
828 383 854 411 et
887 380 1018 411 libamen
1052 381 1125 411 eius.

175 430 224 461 29.
250 428 310 459 Die
333 430 493 466 praeterea
523 427 604 456 seoeto
633 424 771 454 invencos
798 425 874 460 octo,
908 423 1020 453 arietes
1042 423 1126 459 duos,

174 481 269 512 aynos
297 469 456 501 anniculos
483 465 706 507 quatuordecim
740 465 959 496 immaculatos.
1005 465 1054 496 30.
1085 465 1128 495 Et

174 513 312 545 minlzam
339 520 456 547 eorum,
487 512 513 540 et
534 508 682 540 libamina
708 517 812 538 eorum
842 508 874 538 in
905 508 1059 543 iuvencos,
1093 508 1128 538 in

175 556 292 594 arietes,
315 557 341 585 et
361 554 394 584 in
415 562 516 592 aynos,
539 550 703 582 secundum
725 559 886 580 numerum
911 559 1016 580 eorum
1038 550 1127 580 iuoeta

175 608 294 629 morem.
345 596 393 626 31.
417 594 459 625 Et
490 594 606 624 hircum
638 593 671 622 in
703 592 889 630 sacrificium
916 602 978 632 pro
1006 595 1128 631 peccato

175 649 285 672 unum:
308 639 431 678 praeter
452 636 654 667 holocaustum
676 635 760 674 iuye,
784 634 922 665 minliam
945 635 1020 672 eius,
1044 638 1070 665 et
1093 634 1128 665 li-

175 683 298 714 bamina
310 681 382 712 eius.
416 679 463 710 32.
488 677 531 708 Et
552 678 599 708 die
616 677 741 716 septimo
759 677 900 708 iuvencos
921 680 1041 716 septem,
1065 678 1128 707 ari-

176 728 235 756 etes
256 724 339 763 duos,
362 731 454 762 aynos
475 719 634 751 anniculos
656 719 884 758 quatuordecim
907 719 1127 750 immaculatos.

177 768 226 799 33.
251 766 294 797 Et
313 764 448 796 minham
469 773 586 800 eorum,
616 764 643 792 et
662 762 811 793 libamina
834 772 945 799 eorum,
968 763 1001 792 in
1024 763 1128 792 iuven-

177 820 234 847 cos,
256 809 288 839 in
310 808 425 844 arietes,
447 807 473 836 et
493 806 526 835 in
544 814 646 844 aym-s,
667 805 833 835 secundum
851 814 1012 835 numerum
1028 815 1130 835 eorum

176 853 264 883 iuxta
296 859 413 880 morem.
474 847 522 878 34.
552 846 595 877 Et
626 846 745 877 hircum
786 847 818 877 in
850 846 1040 886 sacrificium
1068 857 1130 886 pro

171 895 291 935 peccato
319 900 429 928 unum,
453 892 579 929 praeter
605 889 807 920 holocaustum
837 890 914 929 iuye,
943 892 969 920 et
991 889 1130 920 minham

176 937 252 973 eius,
275 937 301 966 et
321 934 449 965 libamen
471 932 546 963 eius.
590 931 639 962 35.
664 931 727 962 Die
749 934 849 963 octavo
879 931 1044 963 solennitas
1073 933 1130 963 erit

174 978 273 1010 vobis.-
300 976 419 1008 nullum
440 984 516 1013 opus
539 974 648 1005 servile
675 974 805 1013 facietis.
851 974 900 1005 36.
926 974 969 1004 Et
998 975 1129 1013 offeretis

175 1020 386 1056 holocaustum,
420 1020 447 1048 et
468 1017 645 1048 oblationem
668 1017 798 1056 iynitam
820 1017 923 1048 odoris
945 1017 1056 1056 quietis
1079 1017 1128 1047 Ie-

174 1063 266 1094 lwvae
287 1062 441 1092 iuvencum
457 1069 561 1097 unum,
586 1059 710 1089 arietem
729 1069 833 1095 unum,
857 1069 951 1099 aynos
969 1059 1129 1090 anniculos

172 1107 281 1144 septem
309 1101 529 1134 immaculatos:
565 1101 613 1131 37.
638 1101 680 1132 Et
706 1101 845 1132 minltam
866 1112 977 1140 eorum,
1006 1105 1032 1133 et
1053 1101 1129 1132 liba-

172 1147 258 1177 mina
287 1155 401 1181 eorum,
432 1145 466 1175 in
495 1144 671 1181 iuvencum,
701 1144 735 1174 in
757 1145 890 1180 arietem,
921 1148 947 1175 et
970 1145 1002 1175 in
1024 1155 1128 1184 aynos,

171 1188 333 1220 secundum
354 1196 515 1218 numerum
537 1196 641 1217 eorum
658 1187 749 1217 iuxta
766 1197 886 1218 morem.
932 1187 981 1217 38.
1006 1187 1047 1217 Et
1065 1187 1128 1217 hir-

171 1241 239 1263 cum
268 1230 299 1261 in
327 1229 512 1268 sacrificium
537 1239 597 1268 pro
613 1231 733 1268 peccato
762 1239 873 1260 unum.-
896 1232 1020 1268 praeter
1049 1229 1126 1259 holo-

171 1275 308 1305 caustum
324 1273 401 1312 iuye,
421 1274 447 1302 et
457 1271 594 1302 minham
613 1272 689 1309 cius,
712 1274 738 1302 et
749 1271 879 1302 libamen
890 1272 964 1303 eius.
989 1272 1038 1303 39.
1061 1272 1128 1302 Ista

171 1316 290 1356 facietis
309 1314 437 1346 Iehovae
460 1315 493 1345 in
516 1313 750 1345 solennitatibus
767 1315 894 1346 vestris:
911 1318 1038 1353 praeter
1059 1318 1128 1345 vota

172 1360 284 1396 vestra,
314 1360 340 1388 et
361 1359 526 1398 spontanea
555 1359 656 1388 vestra
685 1357 719 1387 in
742 1356 926 1388 holocaustis
953 1358 1075 1395 vestris,
1102 1360 1129 1388 et

172 1400 286 1432 minhis
313 1400 434 1436 vestris,
464 1401 490 1430 et
516 1399 718 1431 libaminibus
746 1400 874 1437 vestris,
905 1402 930 1430 et
962 1400 1128 1438 sacrificiis

165 1443 412 1483 prosperitatum.

259 1529 284 1559 1.
310 1527 412 1558 Mense
445 1529 545 1558 autem
579 1527 716 1566 septimo.
773 1527 842 1558 Iam
876 1526 1027 1558 admonui
1063 1538 1126 1558 non

173 1571 302 1601 tractari
326 1570 363 1600 de
394 1570 483 1601 festis
507 1569 626 1606 diebus,
658 1569 713 1601 sed
737 1573 863 1600 tantum
890 1570 1006 1610 quibus
1029 1571 1126 1601 sacri-

174 1613 254 1644 ficiis
280 1612 421 1643 ornanda
450 1617 532 1643 esset
562 1622 670 1642 eorum
702 1611 887 1643 solennitas.
934 1612 1029 1643 Initio
1055 1623 1126 1653 sep-

173 1655 242 1685 timi
272 1655 389 1686 mensis
418 1659 487 1685 erat
516 1654 716 1685 memoriale:
748 1654 832 1694 quod
858 1655 1017 1686 vocabant
1040 1656 1127 1686 clan-

174 1697 259 1738 goris
277 1697 435 1728 tubarum.
471 1697 556 1736 Quia
574 1697 682 1728 minus
705 1697 838 1729 celebris
858 1702 927 1728 erat
946 1697 1021 1736 dies,
1047 1709 1127 1729 non-

172 1740 235 1771 nisi
264 1740 431 1771 iuvencum
461 1750 561 1770 unum
592 1740 701 1770 offerri
734 1741 824 1771 iubet
856 1741 975 1771 Moses:
1012 1752 1125 1771 verum

173 1782 234 1813 alio
262 1786 405 1822 respectu
433 1783 593 1814 crescebat
623 1793 792 1814 numerus:
827 1788 902 1814 ante
932 1783 1018 1814 enim
1042 1783 1124 1814 vidi-

172 1835 243 1856 mus
273 1824 406 1865 singulis
434 1825 589 1856 mensium
620 1824 761 1856 calendis
784 1836 893 1857 caesos
916 1826 1013 1857 fuisse
1045 1826 1123 1857 duos

172 1867 329 1898 iuvencos.
360 1868 446 1908 Ergo
460 1867 525 1898 dies
538 1867 590 1898 ille
610 1867 723 1898 babuit
742 1869 945 1899 tresmaiores
966 1869 1123 1906 victimas,

173 1909 305 1940 aliarum
329 1920 403 1940 vero
424 1920 576 1941 numerus
600 1910 838 1950 duplicabatur,
872 1916 907 1941 ut
931 1917 1039 1942 essent
1061 1911 1123 1942 duo

172 1952 295 1990 arietes,
304 1952 377 1992 agni
389 1953 627 1992 quatuordecim
643 1958 674 1983 et
684 1953 763 1985 hirci
774 1954 845 1984 duo.
861 1953 916 1985 Sic
928 1954 1028 1994 igitur
1041 1954 1124 1985 diem

171 1994 261 2025 illum
284 1994 332 2026 bis
350 1994 408 2025 sibi
429 1996 627 2027 consecravit
640 1996 738 2034 Deus,
761 2000 797 2026 ut
820 1997 932 2037 religio
956 2008 1018 2027 una
1042 1997 1123 2027 nihil

172 2037 263 2068 alteri
292 2037 484 2068 detraheret:
514 2038 633 2078 alioqui
662 2039 754 2070 visus
784 2044 883 2076 esset,
914 2039 997 2079 quod
1026 2040 1124 2070 semel

171 2083 335 2116 statuerat,
366 2084 516 2112 evertere.
561 2081 649 2121 Ergo
677 2082 862 2112 memoriale
892 2082 1044 2113 tubarum
1069 2093 1123 2113 no-

171 2121 285 2152 vilunii
308 2123 468 2163 abrogatio
480 2134 544 2154 non
563 2124 634 2163 fuit,
659 2124 713 2155 sed
727 2129 898 2164 utrumque
917 2129 1122 2165 praeceptum

172 2164 264 2194 simul
287 2169 465 2196 servarunt.

256 2207 283 2237 7.
310 2207 432 2239 Decimo
463 2208 521 2240 alie.
582 2209 660 2240 Dies
702 2210 752 2241 hic
793 2210 853 2240 fuit
893 2210 1123 2249 expiationum.

173 2247 244 2278 Etsi
272 2250 355 2280 enim
385 2261 546 2290 nunquam
575 2252 637 2282 nisi
667 2263 739 2283 eum
767 2253 879 2283 veniae
903 2252 1125 2292 deprecatione

173 2289 340 2330 prodibant
366 2292 398 2322 in
427 2299 630 2333 conspectum
662 2294 741 2332 Dei,
773 2300 848 2325 tunc
879 2295 1008 2334 speciali
1033 2295 1125 2325 modo

173 2342 231 2379 sua
261 2338 388 2372 peccata
415 2335 546 2367 confessi
577 2341 668 2373 sunt,
698 2338 772 2377 quia
802 2338 834 2368 in
866 2338 992 2378 signum
1018 2342 1125 2368 reatus

173 2374 330 2406 indictum
359 2376 418 2407 fuit
439 2378 603 2410 ieiunium.
649 2380 704 2411 Sic
728 2381 812 2410 enim
842 2380 993 2411 scribitur
1015 2380 1124 2411 Levit.

173 2417 223 2448 23.
267 2417 382 2449 Omnis
404 2420 510 2451 anima
530 2431 610 2461 quae
633 2433 697 2453 non
720 2424 815 2453 fuerit
844 2422 963 2453 afflicta
985 2423 1040 2453 illo
1064 2423 1124 2460 die,

173 2460 337 2507 excidetur
360 2471 376 2491 e
397 2463 519 2502 populis
541 2465 615 2495 suis.
661 2465 834 2496 Caeterum
861 2465 943 2505 quod
968 2465 1007 2496 ad
1030 2466 1125 2496 sacri-

173 2502 246 2532 ficia
268 2506 398 2542 spectat,
428 2509 550 2536 tantum
580 2507 733 2538 iuvencus
762 2519 847 2539 unus
866 2508 1020 2548 exigitur:
1053 2508 1124 2538 reli-

174 2554 236 2583 qua
265 2546 472 2585 conveniunt,
505 2549 564 2579 nisi
598 2550 681 2589 quod
711 2551 742 2581 in
778 2551 965 2591 exceptione
994 2549 1122 2581 additur

274 2595 381 2622 Caluini
394 2605 483 2630 opera.
520 2600 577 2627 Vol.
593 2600 705 2627 XXIV.

866 119 1116 152 SECUNDUM
1140 120 1460 153 PRAEOEPTUM.

2078 122 2142 153 498

1179 212 1261 252 quod
1292 213 1325 243 in
1355 213 1573 253 superioribus
1599 214 1752 245 omissum
1783 217 1859 245 erat.

1180 254 1304 285 hircum
1350 256 1412 286 alia
1452 257 1667 288 reconciliatio
1714 257 1857 296 ponitur:
1903 267 2019 296 nempe
2059 267 2141 296 quae

1179 297 1345 328 afflictioni
1373 299 1575 338 respondeat.
1622 298 1743 338 Culpae
1767 299 1851 329 enim
1876 299 2007 339 agnitio,
2032 298 2141 330 dirum

1179 343 1376 371 tormentum
1405 342 1612 373 conscientiis
1648 341 1759 372 fuisset
1789 341 1907 381 absque
1945 352 2000 381 spe
2034 341 2140 381 placa-

1180 382 1285 413 tionis.
1332 384 1438 423 Atque
1467 384 1561 415 huius
1591 384 1737 415 sacrificii
1768 384 1848 414 ratio
1872 384 1966 423 paulo
1989 389 2062 424 post
2084 395 2143 415 ex-

1180 429 1328 463 ponetur.

1266 467 1314 497 12.
1342 467 1439 499 Porro
1461 469 1578 500 decima
1600 468 1708 508 quinta
1730 468 1786 499 dic.
1833 467 1924 498 Inter
1951 468 2018 499 dies
2041 469 2141 500 festos

1180 509 1395 548 principatum
1418 511 1522 541 tenuit
1545 511 1597 541 hic
1620 511 1764 550 ultimus,
1788 520 1849 549 quo
1874 510 2061 541 habitabant
2086 522 2144 550 per

1180 556 1302 590 septem
1334 552 1400 583 dies
1430 553 1488 584 sub
1513 553 1739 584 tabernaculis.
1784 553 1867 583 Nam
1891 563 1987 592 quum
2012 554 2045 583 in
2069 564 2143 593 pasâ€”

1180 593 1273 624 chate
1293 601 1418 625 noctem
1437 606 1501 635 qua
1519 606 1538 626 a
1555 596 1658 636 plagis
1676 595 1817 636 Aegypti
1837 595 1997 626 immunes
2020 596 2142 636 egressi

1181 635 1306 666 fueraut
1330 638 1485 668 memoria
1497 643 1689 677 repeterent,
1707 638 1767 669 sub
1780 637 1994 668 tabernaculis
2007 638 2140 678 agendo,

1181 678 1475 718 complectebantur
1509 684 1591 711 totos
1631 680 1845 721 quadraginta
1878 690 1987 717 annos,
2028 681 2143 720 quibus

1182 725 1288 759 patres
1318 731 1425 752 eorum
1456 723 1489 752 in
1521 723 1644 754 deserto
1679 723 1830 754 continua
1862 727 1893 753 et
1923 733 2049 753 summa
2080 723 2145 754 Dei

1182 762 1336 794 beneficia
1367 765 1491 803 experti
1531 770 1632 796 erant.
1689 765 1825 796 Valebat
1864 765 1961 795 etiam
2000 764 2143 797 solennis

1181 805 1235 835 ille
1264 811 1443 837 conventus
1472 806 1511 837 ad
1535 808 1631 838 alium
1656 812 1857 847 praesentem
1883 818 1985 844 usum,
2016 811 2052 838 ut
2074 808 2138 838 colâ€”

1181 847 1265 879 lecta
1288 859 1389 879 messe
1419 850 1539 888 gratias
1563 850 1631 880 Deo
1653 855 1791 890 agerent.
1839 850 1926 881 Hinc
1952 850 1987 880 fit
2016 854 2052 880 ut
2075 850 2141 881 sin-

1181 890 1265 930 gulis
1287 890 1398 921 diebus
1423 891 1570 923 victimas
1594 892 1778 928 obtulerint,
1808 897 1840 923 et
1862 892 1972 932 plures
1995 902 2140 930 numero,

1181 943 1217 963 ac
1245 933 1347 972 primo
1385 933 1434 963 die
1464 934 1608 974 quidem,
1644 945 1758 975 nempe
1792 934 1944 966 tredecim
1978 936 2140 973 iuvencos,

1181 975 1296 1006 arietes
1320 975 1406 1012 duos,
1431 981 1462 1007 et
1481 986 1580 1016 agnos
1600 977 1849 1017 quatuordecim,
1869 977 2009 1008 secundo
2029 982 2139 1008 autem

1181 1017 1346 1049 duodecim
1378 1019 1538 1056 iuvencos,
1571 1020 1664 1051 tertio
1693 1019 1852 1058 undecim,
1882 1026 1995 1059 quarto
2019 1020 2138 1058 decem,

1180 1061 1293 1100 quinto
1324 1071 1456 1101 novemâ·
1487 1067 1576 1092 sexto
1608 1073 1682 1093 vero
1716 1067 1801 1099 octo,
1839 1063 1973 1101 septimo
2008 1062 2139 1094 demum

1181 1107 1313 1142 septem,
1337 1108 1450 1134 octavo
1477 1115 1586 1135 unum.
1633 1105 1698 1136 Nec
1727 1105 1846 1135 frustra
1869 1105 1977 1136 Moses
2000 1105 2035 1135 in
2058 1105 2139 1136 reci-

1181 1146 1301 1176 tatione
1336 1145 1413 1176 adeo
1448 1150 1496 1177 est
1530 1147 1699 1177 verbosus:
1733 1148 1872 1187 primum
1903 1158 1943 1178 nc
1977 1147 2052 1187 quid
2082 1148 2141 1179 fiat

1182 1188 1243 1229 nisi
1278 1199 1317 1219 ex
1353 1187 1415 1219 Dei
1447 1195 1631 1229 praecepto:
1671 1190 1785 1220 deinde
1819 1200 1859 1220 ne
1893 1189 2062 1220 molestum
2097 1190 2140 1221 sit

1182 1231 1232 1261 vel
1252 1242 1352 1271 grave
1372 1235 1479 1262 tantos
1498 1237 1644 1271 sumptus
1662 1232 1775 1268 facere,
1798 1242 1876 1272 quos
1896 1232 2032 1262 libenter
2054 1233 2140 1263 refuâ€”

1181 1273 1313 1313 gissent.
1367 1274 1453 1314 Ergo
1482 1280 1518 1304 ut
1551 1274 1699 1305 alacriter
1732 1279 1864 1315 pareant
1899 1275 1959 1305 Dei
1993 1275 2140 1315 imperio,

1181 1316 1353 1356 diligenter
1382 1316 1520 1348 inculcat
1548 1317 1661 1356 quibus
1684 1318 1714 1347 in
1739 1317 1882 1358 singulos
1907 1317 1975 1347 dies
1999 1317 2140 1349 victimis

1182 1358 1271 1389 Deus
1304 1359 1363 1389 sibi
1393 1359 1479 1389 litari
1508 1359 1596 1390 velit.
1646 1360 1746 1390 Porro
1776 1370 1832 1391 cur
1861 1364 1926 1390 tam
1960 1360 2140 1399 inaequalis

1182 1401 1279 1431 fuerit
1310 1401 1492 1432 distributio
1522 1402 1601 1432 mihi
1624 1413 1687 1433 non
1712 1402 1832 1442 liquere
1856 1403 1964 1439 fateor,
1994 1407 2026 1433 et
2048 1403 2140 1443 igno-

1182 1444 1319 1474 rantiam
1344 1444 1436 1475 fateri
1459 1449 1602 1484 praestat
1624 1455 1718 1485 quam
1742 1445 1836 1476 nimis
1859 1444 2020 1476 subtiliter
2043 1455 2139 1485 argn-

1182 1486 1293 1524 tando,
1324 1486 1357 1516 in
1387 1497 1491 1518 meros
1519 1487 1623 1518 fumos
1651 1497 1850 1518 evanescere.
1896 1487 1985 1518 Haec
2009 1487 2140 1527 quidem

1181 1539 1239 1560 nec
1263 1529 1390 1560 curiosa
1418 1534 1466 1560 est
1492 1540 1550 1561 nec
1579 1530 1751 1561 reiicienda
1780 1529 1938 1570 cogitatio,
1966 1540 2141 1560 numerum

1181 1572 1321 1611 quotidie
1356 1572 1546 1609 minuendo,
1582 1573 1708 1603 tandem
1743 1583 1794 1603 eos
1829 1573 1964 1612 septimo
2000 1572 2064 1609 die,
2099 1572 2139 1603 ad

1180 1614 1399 1654 septenarium
1430 1625 1601 1646 numerum
1636 1616 1832 1654 pervenisse,
1867 1615 1922 1654 qui
1956 1614 2139 1655 symbolum

1179 1662 1228 1687 est
1269 1657 1487 1696 perfectionis:
1528 1668 1603 1688 nam
1644 1663 1774 1689 octavus
1817 1657 2041 1697 superadditus
2081 1657 2141 1688 fuit

1178 1704 1329 1739 tanquam
1354 1700 1508 1731 clausula.
1554 1699 1698 1731 Tandem
1725 1700 1851 1730 subiicit
1874 1700 1990 1736 Moses,
2015 1701 2048 1730 in
2071 1700 2139 1740 iugi

1177 1743 1333 1772 sacrificio
1372 1747 1404 1772 et
1443 1742 1515 1773 aliis
1546 1743 1825 1780 extraordinariis,
1862 1742 2038 1773 tenendum
2069 1752 2140 1773 esse

1177 1784 1259 1824 quod
1289 1784 1379 1815 Deus
1410 1785 1612 1824 praescribit:
1643 1796 1682 1816 ne
1713 1785 1786 1825 quid
1814 1785 1979 1815 hominum
2004 1784 2139 1815 arbitrio

1177 1831 1327 1858 mutetur.
1388 1826 1553 1859 Sacrificia
1587 1838 1667 1868 quae
1700 1839 1739 1859 ex
1770 1828 1947 1867 praeceptis
1979 1827 2139 1858 secundae

1177 1870 1302 1900 tabulae
1333 1870 1490 1910 pendent,
1521 1871 1666 1902 consulto
1695 1871 1725 1901 in
1757 1881 1851 1901 suum
1881 1870 1986 1901 locum
2009 1869 2138 1900 differre

1176 1912 1305 1953 placuit.

1905 214 1989 244 Nam
2013 218 2143 254 praeter

1519 2082 1669 2113 LEVIT.
1693 2081 1788 2113 XVI.

1265 2169 1289 2198 1.
1326 2167 1484 2206 Loquutus
1511 2169 1552 2198 est
1580 2170 1679 2198 autem
1711 2166 1823 2197 lehova
1852 2167 1893 2197 acl
1922 2165 2029 2197 Mosen
2053 2170 2138 2205 post-

1176 2220 1269 2250 quam
1297 2210 1410 2241 mortui
1439 2212 1509 2240 sunt
1537 2210 1596 2240 (luo
1627 2220 1664 2240 eac
1693 2210 1770 2248 filiis
1799 2209 1944 2240 Aliaron:
1976 2209 2028 2248 qui
2062 2209 2137 2241 dum

1176 2253 1347 2284 accederent
1373 2263 1474 2284 coram
1507 2251 1621 2283 Iehova
1654 2252 1767 2283 mortui
1796 2254 1875 2283 sunt.
1927 2251 1954 2282 2.
1984 2251 2137 2291 Dioeitque

1177 2296 1290 2326 Ieliova
1313 2295 1353 2325 ad
1377 2295 1499 2326 Mosen:
1524 2294 1659 2334 Loquere
1682 2295 1722 2324 ad
1738 2294 1867 2325 Aliaron
1887 2294 2019 2333 fratrem
2041 2296 2137 2334 tuum,

1176 2341 1209 2369 ut
1242 2348 1277 2368 ne
1307 2338 1497 2377 iiiyresliatur
1531 2338 1613 2367 omni
1647 2339 1776 2375 tempore
1807 2337 2020 2367 sanctuarium
2053 2338 2139 2369 intra

1175 2381 1275 2412 'velum
1296 2390 1399 2411 coram
1416 2380 1633 2419 propitiatorio
1656 2380 1736 2419 quod
1759 2381 1802 2409 est
1830 2389 1927 2418 supra
1958 2388 2073 2417 arcam,
2100 2391 2138 2411 ne

1175 2424 1344 2454 moriatur:
1372 2424 1406 2453 in
1432 2423 1507 2453 nube
1533 2423 1614 2453 enim
1647 2421 1800 2460 apparebo
1826 2432 1925 2461 supra
1949 2422 2138 2461 propitiato-

1175 2467 1266 2496 rium.
1313 2466 1340 2495 3.
1368 2465 1444 2497 Cum
1473 2464 1524 2496 lioc
1549 2465 1737 2504 inyrcdietur
1760 2463 1889 2497 Aliaron
1911 2466 2135 2504 sanctuarium,

1175 2519 1242 2539 cum
1276 2508 1398 2539 iuvenco
1429 2507 1495 2546 silio
1523 2507 1606 2537 bovis
1632 2507 1665 2537 in
1696 2507 1827 2537 hostiam
1856 2517 1914 2545 pro
1942 2510 2078 2546 peccato,
2110 2512 2138 2539 et

1174 2552 1268 2582 ariete
1290 2551 1323 2581 in
1345 2551 1559 2582 holocaustmn.
1604 2549 1632 2580 4.
1660 2549 1779 2580 Tunica
1801 2549 1882 2580 linea
1903 2551 2009 2581 sancta
2031 2550 2139 2582 induet

1903 2599 1935 2625 32
