2304 3034
99 184 138 214 57

102 287 220 318 genere
243 277 429 307 masculino.
474 275 557 307 Mihi
583 278 705 311 autem,
737 277 772 304 ut
801 273 933 304 tollatur
962 274 1067 305 omnis

102 319 306 360 ambiguitas,
330 319 502 349 femineum
527 327 628 358 genus
652 316 754 356 magis
777 315 887 355 placet,
913 316 1064 355 quemad-

101 361 232 393 modum
269 362 362 392 etiam
397 360 528 391 reddidi.
585 359 696 398 Neque
730 359 814 388 enim
850 358 980 389 dubium
1018 365 1066 389 est

102 404 179 444 quin
204 404 311 434 Moses
335 414 414 434 onus
438 402 497 433 sibi
528 402 624 431 nimis
653 400 825 431 molestum
854 406 883 431 et
907 411 1008 441 grave
1032 402 1065 431 in

102 447 200 477 alium
236 445 410 486 quemlibet
446 444 621 475 transferre
651 443 775 482 cupiat,
810 443 943 484 perinde
974 454 1009 474 ae
1039 444 1065 475 si

103 489 247 526 dixisset,
261 499 358 528 quum
378 488 433 518 tibi
454 486 615 517 innumeri
635 486 697 515 sint
718 485 757 516 ad
776 495 907 516 manum
929 497 1064 525 quorum

102 542 199 571 opera
222 532 330 566 utaris,
355 540 393 560 ex
418 529 477 559 hac
500 528 589 568 copia
612 527 715 568 delige
739 539 833 567 quem
856 528 1064 571 voles,rmodo

102 574 200 605 alium
224 573 280 604 tibi
304 582 444 612 quaeras,
469 581 527 610 ego
550 576 721 601 excusatus
745 581 902 602 maneam.
946 571 1065 602 Subest
1089 594 1091 611 ι

102 616 188 647 enim
212 616 296 646 inter
318 615 423 654 ipsum
449 614 561 644 Mosen
585 619 617 643 et
645 613 723 643 alios
755 614 853 644 tacita
882 614 1063 651 antithesis,
1089 643 1090 647 ,

100 658 155 690 ubi
180 669 212 689 se
235 657 382 688 mutilum
407 666 474 686 esse
495 654 718 693 subindicans,
754 656 833 686 alios
863 655 1063 693 dexteritate,

100 701 274 736 industria,
299 699 442 739 agilitate
470 697 631 737 praeditos
661 708 730 729 esse
759 698 845 729 dicit.
890 699 984 730 Unde
1008 699 1061 729 ab-

101 743 234 774 surdum
258 743 325 772 fore
348 741 572 777 ratiocinatur,
602 741 628 771 si
652 741 742 771 Deus
773 752 887 772 manus
918 741 956 772 ad
982 752 1062 781 opus

101 786 180 817 bene
205 785 356 816 formatas
379 788 411 814 et
433 788 561 822 paratas
585 783 718 814 reiiciat.

186 828 234 858 14.
259 827 301 857 Et
323 827 422 857 iratus
444 828 486 856 est
507 826 606 865 furor.
652 825 832 856 Confirmat
856 826 907 857 liic
931 827 1018 857 locus
1043 838 1061 858 a

98 870 257 902 contrario
279 869 470 900 sententiam
494 868 593 906 illam,
618 868 744 899 nullum
764 879 832 899 esse
846 869 916 900 Deo
936 870 1061 909 gratius

99 913 289 944 sacrificium
324 921 418 951 quam
453 910 581 941 obedire
616 911 684 942 voci
720 911 803 942 eins:
836 911 962 951 quando
994 918 1059 942 tam

98 956 240 996 graviter
262 954 435 985 offenditur
454 952 544 984 Deus
568 953 667 984 Mosis
691 954 852 991 tarditate,
876 955 925 985 eui
950 959 1059 985 tamen

96 998 227 1029 suberat
256 997 398 1036 speciosa
428 996 600 1027 excusatio.
653 995 716 1027 Sed
747 997 825 1027 nihil
858 997 927 1028 Deo
957 998 1059 1037 pluris

96 1045 145 1071 est
168 1050 263 1079 quam
287 1043 323 1069 ut
346 1039 443 1069 verbo
466 1049 523 1069 suo
547 1043 670 1070 constet
700 1040 871 1077 autoritas,
902 1046 999 1079 atque
1022 1046 1059 1070 ut
1084 1055 1086 1072 ι

94 1083 155 1114 hoc
166 1083 275 1113 fraeno
288 1081 354 1122 regi
369 1091 402 1112 se
415 1082 603 1121 permittant
617 1081 813 1123 homines(1.
829 1084 917 1113 Sam.
934 1083 980 1119 15,
994 1083 1056 1123 22).

95 1125 232 1155 Veniam
257 1124 346 1155 Deus
377 1134 469 1154 servo
500 1134 557 1155 suo
588 1125 754 1155 cunctanti
785 1132 816 1155 et
847 1125 885 1155 ad
917 1126 1057 1156 officium

94 1167 185 1207 segni
198 1166 341 1197 dederat:
363 1167 417 1197 sed
432 1167 591 1197 obstinate
605 1167 762 1208 refragari
782 1167 905 1205 videns,
919 1168 1057 1208 amplius

93 1220 157 1240 non
181 1210 293 1249 parcit.
329 1209 402 1248 Quo
425 1220 604 1248 monemur,
629 1215 751 1240 attente
774 1211 951 1241 cavendum
977 1222 1054 1247 esse,
1081 1250 1082 1253 Ἰ

94 1263 133 1283 ne
155 1253 182 1283 si
205 1252 243 1282 ad
269 1258 395 1292 tempus
418 1263 475 1283 nos
495 1252 583 1283 Dens
608 1252 731 1289 tolerat,
757 1253 815 1293 ipsi
838 1253 928 1284 nobis
949 1253 1055 1284 indul-

93 1304 239 1335 geamus,
275 1295 365 1334 quasi
390 1295 520 1334 impune
551 1295 637 1325 abuti
664 1296 771 1326 liceret
796 1297 864 1326 eius
886 1297 1052 1336 patientia.

93 1337 287 1377 Quanquam
307 1337 366 1368 hoc
389 1338 516 1377 signum
537 1343 586 1368 est
609 1344 762 1377 paternae
786 1339 1053 1376 mansuetudinis,

91 1380 197 1410 Deum
221 1385 352 1410 eatenus
383 1381 475 1411 irasci
499 1386 534 1411 ut
563 1380 784 1421 obiurgatione
808 1388 976 1413 contentus
1000 1382 1052 1412 sit.

92 1422 186 1461 Quod
212 1422 288 1453 dicit.
311 1433 343 1453 se
367 1424 494 1453 novisse
518 1423 650 1454 Ahar-on
674 1424 741 1454 fore
766 1424 866 1455 Mosis
893 1425 1052 1464 interpre—

90 1468 164 1501 tem,
189 1464 321 1496 dubium
345 1470 394 1496 est
416 1476 456 1496 an
480 1465 519 1496 ab
541 1466 632 1496 initio
663 1467 827 1497 statuisset
859 1478 929 1498 eum
960 1467 1050 1498 adhi—

90 1507 164 1538 bere
187 1507 226 1538 ad
246 1508 303 1539 hoc
323 1518 449 1545 munus,
474 1519 514 1539 an
536 1519 610 1540 vero
630 1508 688 1539 hoc
708 1511 837 1540 tandem
856 1511 1052 1541 concesserit

90 1550 191 1581 Mosis
214 1549 421 1581 diffidentiae.
463 1551 586 1582 Verum
611 1552 738 1591 quidem
763 1560 819 1588 est,
847 1553 949 1583 Deum
972 1553 1051 1583 nihil

90 1603 184 1633 agere
207 1593 289 1633 quod
310 1604 370 1623 non
392 1593 515 1624 occulta
534 1605 590 1625 sua
614 1595 816 1634 providentia
840 1602 914 1625 ante
939 1595 1051 1626 mundi

91 1636 283 1666 creationem
318 1636 511 1668 decreverit:
540 1637 595 1667 sed
625 1637 796 1676 aliquando
826 1638 1051 1669 interveniunt

90 1678 214 1708 mediae
247 1689 362 1709 causae
387 1690 446 1710 eur
474 1679 532 1711 hoc
564 1680 613 1711 vel
650 1680 729 1711 illud
759 1682 823 1711 flat.
870 1681 1051 1721 Utrumque

90 1721 142 1752 hic
165 1720 326 1760 probabile
350 1727 407 1752 est.
432 1722 479 1752 vel
506 1723 588 1762 quod
608 1724 799 1762 pronunciet
814 1723 902 1753 Dens·
917 1723 1050 1754 Aharon

90 1764 151 1794 iam
172 1775 190 1794 a
209 1774 242 1794 se
261 1763 418 1795 delectum
432 1775 509 1798 esse.
530 1766 582 1805 qui
602 1765 758 1797 secundas
778 1772 884 1806 partes
903 1767 1050 1797 obeundo

91 1806 175 1836 Mosi
188 1806 229 1836 sit
241 1806 383 1837 adiutor:
404 1808 452 1838 vel
467 1807 550 1839 dicat
564 1808 623 1839 hoe
639 1808 816 1839 subsidium
830 1819 863 1840 se
876 1809 1050 1840 concedere

90 1849 189 1880 Mosis
208 1849 396 1880 infirmitati.
433 1850 502 1881 Hoc
522 1851 700 1882 secundum
721 1851 800 1881 mihi
814 1853 916 1890 magis
930 1852 1048 1892 placet:

89 1891 223 1922 Aharon
247 1902 317 1922 cum
342 1893 563 1933 indignatione
593 1894 723 1934 adiungi
756 1894 846 1924 fratri
871 1905 928 1925 suo
951 1895 1050 1925 comi-

89 1938 164 1971 tem,
187 1939 222 1964 ut
242 1945 315 1974 pars
339 1935 469 1966 honoris
490 1935 529 1966 ad
554 1947 626 1967 eum
658 1938 890 1968 transferatur:
923 1937 1050 1977 quando

89 1977 197 2007 Moses
219 1977 287 2017 ipse
311 1978 538 2009 retrocedendo
568 1990 606 2009 ex
639 1978 807 2019 dignitatis
838 1991 914 2010 suae
945 1980 1047 2020 gradu

90 2019 266 2050 decesserit.
302 2019 366 2051 Sed
387 2032 443 2052 cur
456 2022 607 2052 Levitam
629 2029 728 2060 vocat,
750 2033 786 2053 ac
809 2023 834 2053 si
860 2022 898 2053 de
921 2022 1049 2053 homine

90 2062 248 2102 incognito
262 2063 434 2103 ageretur?
456 2064 667 2104 Respondent
688 2066 816 2104 quidam
830 2065 939 2105 plures
953 2066 1049 2096 fuisse

91 2104 200 2135 eodem
225 2106 353 2136 nomine
372 2106 456 2136 inter
475 2107 656 2138 Israelitas:
681 2107 759 2138 mihi
781 2114 888 2139 autem
910 2109 1049 2148 simplex

90 2146 168 2177 haec
179 2146 292 2178 solutio
312 2149 441 2184 suffieit,
463 2160 525 2180 non
547 2161 646 2180 unum
668 2150 850 2190 qnempiam
871 2162 910 2181 ex
931 2162 1049 2191 genere

90 2189 192 2220 Israel
221 2191 337 2221 socium
368 2191 449 2222 Mosi
480 2193 639 2231 promitti,
670 2193 724 2223 sed
756 2194 886 2224 fratrem
918 2195 1047 2233 propiu-

91 2241 202 2270 quum:
232 2243 345 2272 nempe
368 2234 422 2273 qui
446 2245 621 2274 germanus
646 2241 743 2272 esset,
774 2241 810 2266 ut
831 2241 897 2266 tani
925 2243 1047 2267 arctum

91 2274 288 2313 cognationis
301 2276 464 2307 vinculum
479 2278 581 2317 magis
594 2278 785 2309 familiarem
800 2289 893 2309 usum
908 2279 1047 2310 afferret.

684 180 1052 213 COMMENTARIUS
1077 181 1125 211 IN
1150 180 1297 212 EXODI
1323 182 1420 213 CAP.
1446 182 1504 213 IV.

91 2315 162 2346 Nisi
185 2317 263 2347 forte
287 2321 462 2358 respexerit
486 2320 576 2351 Deus
604 2321 643 2351 ad
675 2322 815 2352 futuram
849 2322 1047 2352 vocationem
1074 2333 1075 2339 ¹

92 2357 194 2389 tribus
218 2358 371 2391 leviticae.
411 2362 543 2393 Pactum
569 2364 655 2394 enim
679 2375 772 2394 suum
797 2375 869 2394 cum
892 2365 971 2395 Levi
993 2376 1048 2405 per
1074 2360 1075 2365 ¹

92 2400 285 2431 Malachiam
309 2403 337 2440 2,
365 2404 393 2434 4.
424 2406 521 2436 fuisse
552 2405 659 2444 docet,
690 2413 724 2437 nt
756 2407 875 2446 posteri
907 2407 987 2447 legis
1017 2414 1048 2437 et
1073 2437 1075 2443 ,

91 2443 237 2473 veritatis
260 2445 406 2477 custodes
429 2453 543 2485 essent,
568 2460 602 2479 ac
627 2449 736 2480 nuncii
751 2449 812 2479 Dei
837 2450 1046 2481 exercituum.
1073 2447 1075 2482 J

90 2485 141 2516 Ita
164 2495 275 2516 sensus
298 2487 416 2527 optime
438 2490 624 2528 quadraret,
656 2492 739 2531 quod
765 2492 852 2523 Deus
882 2493 946 2523 irae
971 2504 1047 2523 suae
1073 2511 1074 2532 ;

90 2532 256 2567 temperet,
281 2528 355 2559 dum
380 2531 478 2562 Mosis
502 2533 731 2565 detrectatione
755 2535 912 2573 offensus,
937 2546 1044 2576 sump*
1072 2540 1074 2570 ἶ

89 2575 182 2601 turus
201 2575 309 2601 tamen
329 2574 369 2602 sit
382 2573 520 2613 legatum
534 2586 571 2606 ex
592 2577 679 2607 tribu
692 2577 747 2607 illa
767 2577 815 2608 cui
833 2578 1044 2609 sacerdotium
1072 2573 1073 2624 1

89 2612 314 2644 destinaverat.
340 2615 438 2646 Porro
450 2627 513 2648 non
534 2619 676 2659 vulgaris
696 2620 1044 2658 confirmatioadditur,
1072 2629 1073 2654 3

2046 185 2084 216 58

1119 274 1205 314 quod
1230 275 1361 305 Aharon
1386 276 1476 306 fratri
1504 280 1661 308 venturus
1693 277 1734 307 sit
1764 277 1891 308 obviam
1922 277 1954 308 in
1979 277 2085 309 descr-

1120 322 1198 353 tum,
1224 323 1254 347 et
1278 328 1352 348 eum
1376 329 1447 349 euni
1474 329 1600 349 summo
1623 320 1741 359 gaudio
1765 324 1969 359 excepturus.
2006 321 2085 351 Per-

1118 359 1192 389 inde
1216 361 1300 391 enim
1322 361 1382 391 hoe
1401 361 1504 391 valuit
1529 372 1564 393 ae
1590 362 1615 392 si
1635 362 1724 393 Deus
1747 372 1811 393 una
1834 373 1931 393 manu
1955 374 2084 394 servum

1118 413 1212 432 suum
1237 413 1275 433 ex
1300 407 1386 433 terra
1410 403 1541 434 Madian
1566 404 1752 444 impellens,
1784 405 1917 435 alteram
1950 415 2084 437 manum

1118 455 1157 475 ex
1182 446 1330 485 Aegypto
1354 446 1532 486 porrigeret
1563 447 1601 477 ad
1633 458 1705 478 eun]
1740 447 1946 479 trahendum.
1991 448 2084 479 Visio

1117 487 1203 517 enim
1234 488 1347 518 Mosen
1379 488 1550 520 extrudere
1580 489 1690 520 debuit
1720 489 1759 520 ad
1784 495 1992 530 praeceptum
2021 491 2083 522 Dei

1117 530 1375 569 exsequendum:
1395 530 1449 561 sed
1469 532 1544 571 quia
1563 532 1632 563 eius
1655 533 1818 573 pigritiem
1842 533 2003 564 stimulari
2027 545 2083 564 ne-

1116 582 1202 603 cesse
1222 577 1299 609 erat,
1324 574 1459 603 emissus
1479 575 1538 604 fuit
1559 575 1698 612 Aharon,
1723 586 1758 606 ac
1777 575 1803 606 si
1824 576 1928 615 palam
1949 587 2082 607 manum

1116 626 1205 645 suam
1237 615 1326 646 Deus
1357 616 1514 655 proferret
1542 617 1716 648 alacritatis
1750 618 1941 649 excitandae
1974 629 2079 650 causa.

1116 658 1227 696 Neque
1250 658 1335 688 enini
1357 658 1406 689 Vel
1428 659 1527 689 animi
1542 661 1654 700 gratia,
1680 660 1728 691 vel
1753 661 1893 698 fortuito,
1917 661 1967 692 vel
1991 662 2082 692 inani

1115 700 1301 731 curiositate
1330 700 1362 731 in
1398 701 1557 732 desertum
1595 713 1783 743 progressus
1817 708 1874 741 est,
1908 703 1962 734 sed
1993 709 2081 735 certo

1088 750 1089 755 ¹
1115 743 1267 783 cognovit
1291 743 1399 773 Moses
1418 744 1573 775 Vexillum
1594 745 1652 776 sibi
1673 745 1826 776 divinitus
1846 751 1987 778 erectum
2011 757 2080 778 esse

1115 785 1155 816 ad
1185 785 1428 816 monstrandam
1459 787 1529 817 viae
1559 788 1794 819 certitudinem.
1848 787 1902 819 Sic
1931 788 2081 820 Ananiae

1114 839 1247 859 occursu
1272 829 1462 859 confirmata
1486 830 1545 859 fuit
1569 831 1647 861 visio
1671 831 1773 862 Paulo
1797 830 1911 868 oblata,
1941 842 1980 862 ne
2003 831 2079 871 quid

1114 871 1291 911 ambigeret
1320 870 1406 911 (Act.
1437 871 1465 909 9,
1499 872 1560 913 17).
1622 874 1726 913 Atque
1759 873 1818 904 hoc
1849 873 1976 914 quidem
2011 874 2079 905 Deo

1113 914 1251 944 extorsit
1273 913 1373 943 Mosis
1397 914 1641 953 importunitas,
1668 915 1723 946 sed
1749 916 1818 956 ipse
1840 927 1898 956 pro
1920 917 2079 948 immensa

1112 966 1171 986 sua
1195 955 1335 986 bonitate
1359 967 1396 986 ex
1422 957 1499 987 vitio
1518 958 1600 988 servi
1625 959 1674 989 sui
1697 959 1811 990 elicere
1830 959 1931 990 voluit
1954 960 2078 999 gratiae

1112 1009 1188 1029 suae
1212 999 1394 1029 materiam:
1420 999 1513 1030 sicuti
1537 1000 1619 1031 solet
1641 1012 1680 1031 ex
1704 1001 1845 1032 tenebris
1869 1002 1973 1033 lucem
1999 1001 2077 1033 edu-

1111 1052 1181 1072 cere
1206 1040 1238 1081 (2
1262 1041 1335 1072 Cor.
1367 1041 1395 1079 4,
1426 1042 1467 1082 ti).
1517 1042 1680 1074 Gaudium
1711 1044 1818 1074 fratris
1847 1050 2077 1076 commemorat

1110 1084 1296 1123 MosilDeus
1319 1083 1358 1114 ad
1379 1084 1635 1123 exprobrandum
1658 1091 1834 1126 torporem:
1859 1087 1933 1118 acsi
1947 1086 2076 1126 diceret-7

1112 1127 1243 1157 Aharon
1269 1131 1382 1166 sponte
1407 1134 1560 1161 succurret,
1585 1134 1677 1168 teque
1701 1129 1783 1159 laeto
1804 1135 1835 1159 et
1853 1129 1947 1160 hilari
1968 1130 2076 1161 animo

1109 1170 1262 1209 excipiet:
1294 1174 1327 1199 tu
1357 1180 1434 1199 vcro
1466 1180 1609 1201 moerore
1639 1176 1670 1202 et
1697 1172 1794 1201 animi
1822 1172 1979 1212 angustiis
2003 1183 2075 1204 con-

1109 1212 1249 1249 strictus,
1282 1212 1326 1241 vel
1360 1212 1539 1243 diffidentia
1569 1215 1732 1251 attonitus,
1764 1215 1816 1245 vix
1849 1214 2015 1246 adduceris
2039 1219 2074 1246 ut

1108 1255 1220 1294 pedem
1246 1265 1385 1285 moveas.

1195 1298 1243 1327 16.
1269 1297 1310 1327 Et
1332 1298 1468 1335 loquetur
1493 1298 1556 1336 ipse
1574 1309 1634 1336 pro
1656 1301 1689 1330 te.
1735 1299 1955 1331 Immunitatis
1981 1311 2072 1340 prae-

1107 1344 1230 1370 textum
1263 1340 1408 1376 discutit,
1440 1340 1588 1379 loquendi
1621 1348 1728 1380 partes
1750 1342 1842 1372 fratri
1865 1343 2071 1382 assignando,

1107 1393 1210 1422 neque
1235 1390 1341 1413 tamen
1367 1383 1501 1413 alterum
1527 1384 1676 1424 subrogat
1707 1384 1739 1414 in
1771 1385 1840 1415 eius
1862 1385 1980 1416 locum:
2007 1386 2070 1417 imo

1106 1425 1166 1456 sibi
1195 1425 1380 1456 humaniter
1411 1430 1582 1464 temperat,
1613 1432 1648 1456 ut
1670 1428 1753 1457 servi
1778 1427 1825 1458 sui
1850 1435 1924 1458 voto
1948 1438 2070 1459 morem

1106 1478 1229 1508 gerens,
1250 1468 1389 1499 invitum
1411 1472 1518 1498 tamen
1538 1469 1658 1499 honore
1674 1470 1798 1500 afficiat.
1830 1470 1977 1500 Partitur
1994 1481 2071 1511 ergo

1106 1511 1206 1548 vices,
1237 1516 1272 1541 ut
1296 1521 1392 1550 pones
1418 1511 1531 1541 Mosen
1557 1512 1597 1542 sit
1619 1513 1789 1549 autoritas,
1815 1512 1949 1543 Aharon
1977 1513 2070 1544 obeat

1106 1564 1224 1584 munus
1258 1553 1452 1593 interpretis.
1514 1554 1564 1584 Ita
1598 1554 1685 1585 nullo
1721 1554 1886 1595 dignitatis
1919 1561 2068 1596 respectu

1106 1597 1286 1636 praefertur
1309 1597 1415 1627 Moses
1436 1596 1542 1626 fratri:
1567 1597 1639 1636 quia
1662 1598 1721 1628 Dei
1744 1598 1882 1638 gratiam
1906 1598 1940 1628 in
1963 1598 2068 1638 capite

1106 1650 1169 1669 non
1193 1650 1285 1670 secus
1308 1649 1344 1669 ac
1367 1639 1518 1670 membris
1537 1640 1740 1679 conspicuam
1765 1640 1887 1680 fulgere
1910 1641 2067 1680 oportuit:

1104 1681 1187 1721 quod
1212 1682 1261 1712 his
1285 1681 1389 1712 verbis
1414 1682 1614 1722 exprimitur,
1648 1682 1776 1713 Aharon
1802 1683 1869 1713 loco
1893 1684 1956 1714 oris
1980 1683 2066 1714 futu-

1104 1735 1186 1759 rum,
1206 1725 1318 1755 Mosen
1339 1730 1445 1755 auten]
1468 1725 1534 1755 loco
1554 1724 1629 1755 Dei:
1654 1725 1728 1765 quia
1750 1725 1844 1756 huius
1867 1725 1926 1756 fuit
1945 1725 2066 1757 dictare

1104 1767 1186 1807 quod
1221 1767 1275 1797 ille
1308 1767 1447 1798 fideliter
1480 1767 1628 1805 referret,
1661 1777 1696 1798 ac
1730 1767 1947 1808 praescribere
1981 1769 2065 1808 quod

1104 1810 1156 1840 ille
1186 1810 1372 1841 obedienter
1400 1815 1595 1850 sequeretur.
1648 1810 1720 1849 Quo
1750 1811 1897 1850 exemplo
1928 1815 2064 1842 testatus

1103 1859 1151 1883 est
1182 1852 1272 1883 Deus
1303 1864 1336 1883 se
1367 1853 1449 1883 dona
1479 1853 1609 1893 spiritus
1640 1859 1668 1883 et
1699 1854 1793 1884 simul
1823 1853 1926 1884 officia
1955 1853 2064 1884 distri-

1102 1896 1201 1927 buere
1234 1906 1291 1935 pro
1325 1906 1413 1926 mero
1447 1907 1503 1926 suo
1539 1895 1749 1935 beneplacito:
1787 1906 1845 1927 nec
1881 1906 2064 1936 quenquam

1104 1938 1152 1968 vel
1177 1939 1297 1969 honore
1321 1939 1370 1969 vel
1397 1938 1524 1969 ‹lot-ibus
1547 1938 1702 1969 excellere
1732 1939 1794 1969 nisi
1824 1948 1881 1978 pro
1912 1949 2065 1970 mensura

1102 1982 1261 2021 gratuitae
1286 1981 1475 2012 donationis.
1511 1980 1603 2020 Quod
1626 1987 1730 2011 autem
1754 1981 1872 2011 minori
1895 1980 2065 2013 subiicitur

1103 2024 1350 2064 primogenitus,
1399 2030 1427 2053 et
1469 2029 1593 2054 tantum
1635 2024 1704 2054 eius
1745 2034 1901 2064 organum
1942 2024 1974 2054 in
2018 2024 2063 2054 lo-

1102 2067 1227 2106 quendo
1268 2067 1490 2101 constituitur,
1532 2077 1628 2106 quum
1670 2066 1738 2096 eius
1772 2077 1869 2096 mauu
1902 2070 1933 2097 et
1966 2076 2064 2106 opera

1102 2114 1262 2148 eompJere
1293 2114 1399 2148 posset
1436 2110 1523 2139 Deus
1555 2109 1637 2148 quod
1672 2120 1728 2148 per
1757 2109 1867 2139 Mosen
1898 2114 2063 2148 praestare

1102 2153 1214 2189 voluit,
1238 2153 1311 2191 quia
1335 2152 1655 2191 incomprehensibile
1686 2152 1776 2181 nobis
1798 2151 1885 2181 illius
1908 2151 2063 2182 iudicium

1102 2201 1158 2232 est,
1183 2206 1218 2227 ac
1242 2195 1344 2225 instar
1364 2194 1540 2235 profundae
1559 2195 1674 2234 abyssi,
1699 2198 1884 2224 reverenter
1902 2194 2063 2233 suspicere

1103 2238 1271 2269 discamus.
1336 2238 1415 2268 Esse
1451 2238 1481 2267 in
1520 2238 1638 2273 Dcuni,
1681 2237 1868 2266 tantundem
1906 2237 1990 2266 valet
2026 2247 2062 2267 ac

1102 2282 1225 2319 praeire
1247 2280 1298 2311 vel
1322 2285 1431 2310 tenere
1455 2280 1679 2320 gubernacula,
1707 2279 1756 2309 vel
1780 2289 1904 2308 summo
1928 2279 2062 2319 imperio

1102 2324 1208 2363 potiri:
1246 2323 1328 2354 sicut
1362 2323 1457 2353 etiam
1490 2322 1672 2353 Chaldaeus
1706 2321 1931 2361 paraphrastes
1965 2322 2062 2352 vertit

1101 2377 1170 2397 csse
1194 2366 1369 2406 principem
1396 2366 1445 2395 vel
1470 2365 1669 2405 magistrum.
1721 2363 1815 2402 Quod
1841 2372 1946 2394 autem
1972 2365 2061 2394 Arri-

1100 2409 1162 2445 ani,
1184 2414 1219 2439 ut
1238 2409 1421 2439 testimonia
1440 2408 1621 2438 refellerent
1640 2407 1755 2446 quibus
1773 2406 1924 2446 probatur
1938 2406 2062 2437 Christi

1101 2452 1263 2487 divinitas,
1297 2451 1354 2481 hoe
1384 2451 1449 2481 loco
1478 2457 1507 2480 et
1538 2450 1694 2480 similibus
1724 2448 1812 2479 abusi
1843 2455 1931 2485 sunt,
1963 2449 2060 2479 nimis

1100 2495 1228 2524 infirma
1259 2494 1317 2524 fuit
1341 2493 1515 2523 calumnia:
1543 2493 1616 2531 quia
1639 2491 1723 2522 aliud
1749 2496 1796 2522 est
1818 2492 2006 2530 simpliciter
2030 2496 2062 2521 et

1100 2537 1170 2567 sine
1197 2536 1373 2568 adiectione
1398 2535 1500 2565 Deum
1535 2536 1649 2571 vocari,
1673 2544 1765 2573 quam
1792 2533 1899 2564 addita
1923 2534 2058 2565 cirrum-

1099 2580 1228 2610 stantia.
1284 2579 1411 2609 Scimus
1448 2577 1533 2608 enim
1568 2578 1629 2608 Dei
1665 2587 1779 2607 nomen
1814 2576 1851 2606 ad
1887 2577 2062 2616 quemlibet

1099 2623 1313 2661 principatum
1335 2621 1507 2660 improprie.
1526 2619 1662 2659 quidem,
1683 2619 1736 2650 sed
1757 2630 1818 2649 non
1839 2619 1907 2650 sine
1928 2620 2060 2657 ratione,
