2304 3034
72 185 134 216 589

73 279 147 308 sunt
166 276 264 316 feriae
286 275 411 307 Iehovae
433 273 562 308 sanctae,
584 280 663 310 quas
685 270 873 302 celebrabitis
894 271 1036 310 tempori-

75 319 132 351 bus
153 319 230 350 suis.
275 318 304 349 5.
329 316 434 348 Mense
450 315 564 354 primo,
586 313 815 352 quartadecima
840 314 969 351 mensis,
993 314 1035 344 ad

75 366 236 400 vesperam
261 359 361 391 Pesah
384 358 510 389 Iehovae
532 358 583 387 est.
630 355 658 386 6.
685 356 912 394 Quintodecimo
935 359 1034 387 autem

74 405 125 436 die
148 404 261 434 mensis
282 402 375 433 huius
396 399 559 431 solennitas
587 398 644 428 erit
673 398 955 437 infermentatorum
985 398 1035 429 Ie-

75 446 183 484 hovae,
210 447 322 484 septem
344 442 447 475 diebus
470 441 682 480 infermentata
705 441 872 471 comedetis.
920 441 947 471 7.
971 441 1034 472 Die

69 489 176 529 primo
198 487 364 519 convocatio
385 486 489 516 sancta
513 483 569 514 erit
598 482 695 513 vobis:
722 482 843 514 nullum
873 493 948 523 opus
971 493 1034 514 ser—

76 531 136 562 vile
162 530 290 570 facietis.
336 528 363 559 8.
402 526 538 565 Offeretis
565 528 667 556 autem
696 525 874 556 oblationem
904 526 1034 566 iynitam

77 573 205 605 Iehovae
237 574 346 611 septem
384 569 508 600 diebus:
547 567 596 598 die
627 568 753 606 septimo
776 568 832 598 erit
866 569 1034 600 convocatio

76 618 197 651 sancta,
221 614 338 645 nullum
357 621 432 650 opus
453 610 562 641 servile
587 610 716 649 f'acietis.
763 610 791 641 9.
822 610 877 641 Ad
899 610 971 642 haec
994 611 1035 642 lo-

76 660 188 698 quutus
211 659 251 688 est
274 655 385 686 Iehova
404 653 447 684 acl
469 652 586 689 Mosen,
611 653 750 684 dicendo:
796 653 844 683 10.
869 653 1034 692 Alloquere

73 700 154 740 filios
173 697 282 732 Israel,
305 700 331 728 et
347 697 397 727 dic
419 695 480 726 eis:
506 696 606 734 Quum
625 696 760 735 inyressi
776 695 901 734 fueritis
918 698 1034 726 terram

75 752 168 782 quam
190 751 240 781 eqo
261 740 298 771 clo
319 738 416 776 vobis,
441 740 468 768 et
493 738 684 769 messueritis
705 748 833 769 messem
856 739 939 776 eius,
963 740 1034 769 tunc

76 784 203 824 offeretis
222 791 320 814 omnes
337 780 502 819 primitias
520 781 628 811 messis
646 784 761 811 vestrae
780 781 820 812 ad
838 781 1031 812 sacerdotem.

76 828 125 858 11.
152 826 211 864 Qui
239 825 322 863 offert
350 833 432 854 omer
461 833 563 854 coram
587 822 715 859 Iehova,
751 825 785 853 ut
812 823 853 854 sit
879 826 1034 862 accipiam

70 879 130 910 pro
152 868 248 899 vobis:
276 867 308 897 in
337 866 470 896 erastino
491 865 630 896 sabbathi
663 866 764 904 offeret
786 865 865 897 illud
883 866 1031 897 sacerdos.

76 911 124 943 12.
148 910 338 948 Facietisque
356 908 405 938 clie
422 918 480 947 quo
499 908 630 946 offeretis
648 918 730 939 omer
748 919 862 948 aynum
880 909 1033 948 inteyrum

75 953 257 990 anniculum,
283 952 312 982 in
335 950 539 981 holocaustum
564 950 710 981 Iehovae:
754 951 802 981 13.
829 951 871 981 Et
894 951 1033 982 minham

72 997 148 1033 eius,
171 995 250 1026 duas
271 994 404 1025 decimas
426 993 548 1024 similae
565 994 735 1031 permistae
757 993 832 1030 oleo,
854 993 1032 1025 oblationem

73 1039 201 1079 iynitam
223 1036 352 1067 Iehovae
382 1036 413 1065 in
446 1036 566 1066 odorem
596 1036 724 1074 quietis.-
753 1039 780 1066 et
808 1036 938 1067 libamen
966 1037 1032 1067 eius

71 1081 136 1112 vini
157 1081 298 1119 quartam
315 1080 437 1117 partem
459 1078 523 1108 hin.
571 1078 619 1109 14.
646 1078 765 1109 Panem
787 1089 857 1109 vcro
879 1082 907 1109 et
931 1079 1033 1117 polen-
1057 1098 1059 1112 1

72 1126 149 1161 tam,
178 1124 204 1153 et
229 1122 347 1160 spicam
363 1121 492 1159 plenam
512 1131 571 1151 non
593 1121 751 1152 comedetis
773 1131 869 1160 usque
890 1122 931 1152 ad
954 1121 1033 1152 hunc

69 1166 171 1204 ipsum
192 1164 281 1199 diem,
305 1164 397 1194 donec
420 1163 590 1194 obtuleritis
612 1174 725 1195 manus
749 1163 811 1194 Dei
833 1165 944 1194 vestri:
966 1166 1030 1195 sta·
1056 1176 1059 1200 J

71 1210 168 1238 tutum
190 1209 375 1246 perpetuum
404 1206 461 1236 erit
493 1206 524 1236 in
557 1205 807 1246 yeneralionibus
839 1207 965 1243 vestris,
998 1207 1031 1237 in

69 1250 183 1282 cunctis
215 1248 399 1280 habitaculis
431 1249 548 1279 vestris.
601 1249 649 1279 15.
687 1249 902 1280 Numerabitis
931 1251 1031 1280 autem

69 1292 154 1324 vobis
172 1291 237 1322 dies
259 1302 278 1321 a
295 1293 418 1330 postero
428 1291 478 1322 die
500 1290 649 1327 sabbathi.
675 1302 692 1321 a
712 1292 761 1322 die
779 1302 840 1330 qua
864 1291 1033 1322 obtuleritis

69 1345 149 1366 omer
182 1333 369 1371 elevationis,
409 1336 522 1373 septem
562 1333 762 1365 hebdomades
789 1334 901 1373 plenae
932 1336 1030 1365 erunt.

70 1377 119 1408 16.
162 1376 260 1416 Usque
283 1377 324 1407 acl
340 1379 498 1416 posterum
521 1376 599 1407 [lieni
622 1377 760 1407 sabbathi
782 1377 904 1416 septimi
926 1387 1031 1408 nume-

69 1419 180 1451 rabitis
191 1419 415 1459 quinquaqinta
435 1419 510 1454 dies,
530 1421 556 1450 et
575 1420 707 1458 offeretis
725 1419 902 1451 oblationem
922 1430 1031 1451 novam

69 1461 206 1493 Iehovac.
253 1462 300 1492 17.
333 1461 385 1491 Ex
413 1461 598 1493 habitaculis
623 1463 732 1493 vestris
761 1463 892 1501 offeretis
916 1472 1031 1501 panem

70 1505 248 1536 oblationis.-
282 1504 362 1535 duae
393 1514 430 1534 ex
459 1504 581 1535 duabus
613 1505 741 1536 decimis
773 1505 896 1536 similae
928 1508 1031 1536 erunt:

69 1557 137 1580 cum
157 1548 302 1587 fermento
324 1550 486 1585 coquentur
503 1547 665 1586 primitiae
690 1547 827 1578 Iehovae.
875 1547 922 1578 18.
954 1548 1031 1587 Offe-

68 1591 199 1629 rctisque
217 1599 284 1620 cum
296 1599 380 1628 pane
398 1589 451 1620 illo
469 1592 580 1628 septem
600 1600 693 1629 agnos
713 1590 843 1630 inteyros
861 1590 1030 1622 anniculos.

67 1635 95 1664 et
115 1633 272 1664 iuvencum
293 1631 394 1671 filium
417 1631 501 1662 bovis
523 1642 628 1667 unum,
652 1635 679 1663 et
701 1634 813 1664 arietes
835 1634 919 1670 duos,
942 1637 1031 1664 eruut

68 1675 274 1707 holocaustum
305 1674 450 1705 Iehovae:
483 1677 509 1706 et
544 1675 652 1706 oblatio
685 1686 787 1706 eorum
821 1676 1031 1715 libaminaque

68 1728 183 1755 eorum,
225 1717 336 1748 oblatio
375 1718 473 1757 iynita
513 1718 571 1748 erit
611 1718 713 1749 odoris
746 1719 857 1757 quietis
891 1718 1029 1750 Iehovac.

69 1760 118 1791 19.
142 1759 280 1792 Facietis
301 1770 416 1799 quoque
439 1759 561 1791 hircum
583 1770 750 1799 caprarum
768 1771 864 1792 unum
882 1772 944 1800 pro
963 1772 1030 1801 pec-

67 1805 140 1841 cato,
161 1806 188 1834 et
209 1803 286 1834 duos
309 1813 404 1843 aynos
427 1803 586 1834 anniculos
608 1804 640 1834 in
663 1804 854 1842 sacrificium
872 1805 1031 1844 prosperi·
1055 1811 1057 1843 J

67 1848 171 1876 tatum.
216 1845 266 1876 20.
294 1845 462 1884 Offcretque
484 1846 627 1877 sacerdos
651 1845 705 1877 illa
727 1846 811 1877 ultra
830 1858 944 1885 panem
962 1848 1031 1886 pri-
1055 1868 1057 1875 .

67 1888 236 1925 minarum,
258 1888 449 1919 elevationem
462 1898 565 1919 coram
578 1888 690 1920 Iehova
710 1899 777 1919 cum
795 1889 912 1920 duobus
930 1891 1029 1929 aquis,

68 1931 213 1962 sauctitas
235 1933 320 1962 erunt
344 1931 474 1962 Iehovae
496 1931 653 1962 sacerdoti.
699 1931 749 1962 21.
780 1931 822 1962 Et
844 1932 1031 1963 celebrabitis

68 1972 121 2004 hoc
141 1974 210 2012 ipso
234 1973 282 2004 die
304 1973 513 2010 celebritatem,
537 1975 704 2005 convocatio
726 1978 834 2005 sancta
856 1975 911 2005 crit
930 1975 1031 2006 vobis:
1055 1979 1056 2014 Ῐ

67 2016 185 2047 nullum
207 2026 282 2055 opus
304 2016 412 2047 servile
432 2017 570 2055 facietis:
599 2020 747 2048 statutum
764 2020 950 2057 perpetuum
973 2019 1032 2048 erit
1055 2055 1056 2058 Ἰ

68 2058 102 2089 in
123 2059 238 2090 cunctis
255 2058 438 2090 habitaculis
456 2059 575 2096 vestris,
599 2060 633 2090 in
647 2060 894 2100 yenerationibus
912 2061 1028 2091 vestris.
1055 2063 1057 2080 ¹

71 2101 131 2138 [22.
155 2100 198 2132 Et
220 2111 314 2141 quum
336 2102 524 2132 messueritis
545 2112 671 2133 messem
695 2106 793 2134 terrae
815 2106 946 2140 vestrae,
971 2114 1031 2134 non

71 2143 226 2182 complebis
249 2144 397 2184 angulum
420 2145 488 2184 ayri
511 2145 557 2175 tui
586 2145 618 2175 in
648 2155 745 2176 messe
775 2148 844 2176 tua:
873 2156 924 2177 nec
952 2146 1031 2185 quod
1054 2156 1057 2171 r

72 2186 229 2217 residuum
257 2187 315 2217 erit
345 2187 376 2217 in
407 2197 502 2217 messe
530 2190 584 2217 tua
606 2187 747 2228 colliqes}
794 2188 843 2218 23.
868 2188 1030 2227 Loquutus

73 2231 116 2258 est
131 2231 289 2267 praeterea
313 2229 426 2260 Iehova
456 2229 498 2260 ad
522 2229 645 2266 Mosen,
676 2231 818 2261 dicendo:
863 2231 913 2261 24.
945 2231 1030 2262 Allo-

74 2279 162 2308 quere
181 2270 262 2309 filios
281 2271 392 2310 Israel,
416 2272 558 2303 dicendo:
582 2272 690 2303 Mense
708 2274 841 2312 septimo,
860 2274 1030 2312 primodie
1055 2305 1056 2319 χ

74 2312 206 2343 eiusdem
227 2315 283 2345 erit
314 2315 397 2346 vobis
423 2315 601 2345 sabbathum
630 2316 847 2346 monimentum
870 2316 1030 2356 clanyoris,
1055 2328 1056 2338 ¹

73 2356 239 2387 convocatio
266 2360 380 2388 sancta.
426 2357 475 2388 25.
510 2357 640 2388 Nullum
669 2369 746 2397 opus
767 2359 877 2389 servile
898 2359 1029 2397 facietis,
1055 2373 1056 2396 i

73 2398 101 2427 et
122 2397 249 2435 offeretis
271 2399 444 2431 oblationem
467 2400 597 2440 ignitam
619 2400 754 2432 Ieliovae.
796 2401 845 2431 26.
870 2401 1031 2440 Loquutus
1055 2398 1057 2433 ἰ

75 2441 119 2469 est
146 2449 259 2478 quoque
281 2441 393 2473 Iehova
420 2443 461 2474 ad
485 2442 611 2479 Mosen,
640 2443 782 2474 dicendo:
822 2444 871 2474 27.
905 2444 1029 2475 Verum·
1055 2449 1057 2467 1

74 2483 175 2511 tamen
189 2481 210 2522 ¹)
232 2483 265 2513 im
286 2484 397 2515 decimo
419 2486 534 2516 mensis
556 2485 650 2516 huius
671 2487 810 2525 septimi,
838 2487 903 2517 dies
925 2487 1031 2526 expia-
1055 2503 1056 2515 1

74 2524 193 2558 tionum
215 2525 285 2555 erit:
306 2528 472 2559 convocatio
494 2531 601 2559 sancta
623 2529 679 2559 erit
701 2529 799 2566 vobis,
830 2530 1032 2569 aflliyetisque
1055 2539 1056 2543 ¹

159 2616 185 2649 1)
204 2617 240 2642 In
258 2619 391 2651 margine.-
408 2621 468 2653 Vel,
488 2621 588 2654 ntique.
626 2621 664 2648 Ee
683 2624 720 2648 sic
739 2630 840 2656 quoque
857 2630 880 2648 v.
899 2623 939 2648 39.

774 177 1000 217 QUARTUM
1023 178 1343 210 PRAECEPTUM.

1991 181 2055 213 590

1088 272 1211 302 animas
1230 274 1355 309 vestras,
1375 274 1400 302 et
1418 272 1547 311 offeretis
1566 272 1755 310 sacrificium
1767 273 1898 313 iynitum
1911 273 2049 306 Iehovae.

1087 313 1137 344 28.
1163 314 1295 345 Nullum
1318 324 1395 353 opus
1415 314 1539 353 facietis
1560 313 1612 345 hoc
1634 315 1701 354 ipso
1723 315 1785 353 die,
1817 316 1891 355 quia
1914 316 1980 347 dies
2002 327 2051 347 ez—

1082 357 1257 395 piationum
1280 359 1323 388 est
1345 357 1386 388 aol
1409 357 1598 395 expiandum
1612 356 1633 397 ¹)
1655 367 1708 388 vos
1730 367 1832 389 coram
1851 358 1966 389 Iehova
1983 358 2051 390 Deo

1085 401 1191 429 vestro.
1226 399 1275 430 29.
1299 399 1407 430 Omnis
1425 399 1506 430 enim
1525 399 1631 430 anima
1650 410 1727 438 quae
1744 411 1801 431 non
1818 401 1916 439 fuerit
1933 402 2050 440 afflicta

1086 451 1117 472 co
1142 441 1206 480 ipso
1229 442 1286 477 die,
1310 442 1465 473 ercidetur
1483 452 1497 472 e
1513 441 1643 481 populis
1661 443 1737 473 suis.
1773 442 1822 474 30.
1846 442 1889 473 Et
1906 444 2049 482 quisquis

1083 483 1189 522 fecerit
1211 484 1407 524 quodcunque
1428 494 1505 523 opus
1527 494 1558 515 eo
1581 485 1649 523 ipso
1671 484 1735 521 die,
1753 486 1886 523 perdam
1909 486 2048 517 animam

1085 525 1174 556 illam
1196 537 1211 557 e
1232 527 1330 558 medio
1346 527 1458 566 populi
1479 527 1540 558 sui.
1586 527 1636 557 31.
1662 527 1792 558 Nullum
1815 537 1891 566 opus
1911 528 2049 567 facietis:

1085 571 1229 599 statutum
1250 572 1431 608 perpetuum
1454 570 1511 600 erit
1532 569 1565 600 in
1593 570 1838 610 generationibus
1865 571 1987 609 vestris,
2014 572 2048 602 in

1085 612 1199 641 cunctis
1225 611 1461 642 habitationibus
1490 612 1607 642 vestris.
1652 612 1702 643 32.
1728 611 1915 643 Sabbathum
1938 614 2049 652 quietis

1085 656 1127 684 est
1149 653 1244 690 vobis,
1269 656 1294 684 et
1317 654 1462 693 affligetis
1484 654 1609 686 animas
1628 657 1747 686 vestras
1776 665 1856 686 nona
1879 657 1992 687 mensis
2014 657 2048 687 in

1085 706 1229 735 vespera.-
1258 707 1277 726 a
1299 706 1425 735 vespera
1454 707 1549 735 usque
1578 697 1619 728 ad
1647 708 1804 737 vesperam
1833 698 1991 736 quiescetis
2014 700 2046 730 in

1085 738 1228 769 sabbatho
1249 741 1353 769 vestro.
1395 739 1444 769 33.
1466 739 1626 778 Loquutus
1644 742 1688 770 est
1705 743 1732 771 et
1743 739 1857 771 Iehova
1876 741 1918 771 ad
1931 740 2047 779 Mosen,

1084 781 1224 812 dicendo:
1257 781 1307 811 34.
1330 780 1493 820 Alloquere
1513 781 1596 820 filios
1609 782 1719 819 Israel,
1743 782 1884 814 dicendo.-
1906 782 2048 814 Decimo-

1085 824 1188 862 quinto
1211 824 1260 854 die
1281 823 1396 854 mensis
1425 824 1548 863 septimi
1577 824 1684 860 huius,
1715 825 1880 856 solennitas
1909 825 2047 857 taberna-

1084 866 1220 896 culorum
1242 866 1298 896 erit
1325 868 1436 904 septem
1465 866 1570 897 diebus
1595 867 1730 899 Iehovae.
1776 867 1825 899 35.
1856 867 1918 899 Die
1942 868 2047 908 primo

1084 909 1141 938 erit
1166 909 1335 940 c<nivocatio
1364 911 1485 945 sancta,
1520 909 1641 940 nullum
1667 920 1744 948 opus
1775 910 1882 941 servile
1913 911 2044 950 facietis.

1085 951 1133 982 36.
1156 951 1274 990 Septem
1293 951 1399 981 diebus
1417 952 1546 990 offeretis
1565 953 1752 991 sacrificium
1766 953 1895 993 iynitum
1908 953 2046 991 Iehovae,

1084 994 1133 1024 die
1155 997 1254 1024 octavo
1277 994 1445 1024 convocatio
1467 996 1573 1024 sancta
1602 995 1659 1026 erit
1681 995 1771 1032 vobis,
1795 998 1821 1027 et
1843 996 1973 1034 offeretis
1995 1006 2046 1027 sa-

1084 1037 1231 1075 crificium
1257 1036 1385 1075 iynitum
1405 1036 1543 1074 Iehovae,
1563 1036 1730 1068 solennitas
1753 1040 1803 1075 cst,
1826 1038 1947 1070 nullum
1969 1049 2046 1077 opus

1084 1079 1193 1109 seri-ile
1224 1079 1353 1115 facietis.
1404 1078 1454 1109 37.
1491 1079 1574 1109 Istae
1608 1083 1679 1111 sunt
1706 1080 1887 1119 festivitates
1916 1081 2048 1112 Iehovae

1084 1132 1161 1160 quas
1183 1121 1378 1159 celebrabitis,
1402 1122 1624 1152 convocationes
1645 1125 1776 1159 sanetae,
1800 1126 1834 1153 ut
1855 1124 1990 1162 offeratis
2012 1124 2046 1154 in

1083 1164 1127 1194 eis
1149 1164 1337 1202 sacrificium
1360 1164 1490 1203 iynitum
1515 1163 1658 1201 lumi-ae,
1687 1164 1892 1196 holocaustum
1914 1169 1941 1197 et
1963 1166 2046 1197 obla-

1055 1207 1206 1243 tionem,
1246 1206 1435 1245 sacrificium
1472 1209 1499 1237 et
1538 1206 1686 1237 libamina
1722 1217 1778 1238 suo
1816 1209 1953 1247 quodque
1985 1208 2045 1240 die.

1084 1248 1133 1279 38.
1160 1248 1288 1280 Praeter
1308 1248 1461 1279 Sabbatha
1481 1248 1617 1285 Iehovae,
1642 1252 1668 1280 et
1685 1253 1812 1288 praeter
1833 1251 1915 1282 dona
1936 1253 2046 1289 vestra,

1080 1293 1260 1331 praeterque
1282 1292 1386 1321 omnia
1409 1293 1477 1322 vota
1499 1294 1615 1329 vestra,
1649 1295 1675 1322 et
1691 1295 1817 1330 praeter
1835 1303 1935 1324 omnes
1957 1303 2045 1333 spon-

1084 1337 1191 1365 taneas
1209 1334 1372 1365 oblationes
1389 1336 1506 1364 vestras
1523 1344 1601 1373 quas
1618 1334 1733 1365 dabitis
1746 1335 1883 1366 Iehovae.
1915 1335 1965 1366 39.
1993 1335 2046 1366 Ve-

1083 1380 1256 1407 rumtamen
1278 1376 1499 1415 decimoquinto
1527 1377 1576 1407 die
1604 1377 1719 1408 mensis
1751 1378 1889 1418 septimi,
1924 1378 2047 1417 quando

1084 1419 1336 1459 conyrcyaveritis
1357 1418 1493 1458 fructum
1511 1421 1618 1457 terrae,
1642 1420 1830 1452 celebrabitis
1847 1420 2046 1452 celebritatem

1085 1462 1214 1493 Iehovae
1236 1464 1346 1501 septem
1367 1461 1489 1493 diebus:
1515 1462 1565 1493 die
1583 1462 1688 1502 primo
1710 1463 1767 1494 erit
1785 1463 1975 1501 sabbathum,
1998 1463 2047 1494 elie

1084 1515 1200 1543 quoque
1222 1507 1321 1535 octavo
1344 1504 1401 1534 erit
1432 1504 1622 1535 sabbathum.
1667 1505 1716 1536 40.
1751 1506 1941 1545 Sumetisque
1963 1506 2047 1537 vobis

1083 1548 1132 1578 (lie
1152 1548 1253 1586 primo
1274 1547 1408 1586 fructum
1439 1547 1559 1578 arboris
1585 1548 1721 1586 decorae,
1748 1551 1775 1579 et
1804 1559 1908 1579 ramos
1926 1549 2048 1588 palma-

1084 1600 1162 1626 rum,
1185 1592 1210 1619 et
1232 1599 1334 1620 ramos
1357 1589 1480 1621 arboris
1502 1590 1667 1621 densarum
1688 1590 1866 1630 frondium,
1890 1594 1915 1622 et
1936 1591 2047 1623 salices

1057 1630 1058 1633 ¹
1082 1633 1234 1669 torrentis,
1254 1635 1278 1662 et
1291 1631 1481 1663 laetabimini
1494 1642 1597 1664 coram
1609 1633 1725 1665 Iehova
1736 1633 1803 1665 Deo
1821 1636 1918 1665 vestro
1936 1636 2047 1672 septem

1083 1675 1195 1706 diebus.
1242 1675 1291 1705 41.
1318 1673 1529 1712 Celebrabitis,
1557 1676 1700 1714 inquam,
1730 1677 1825 1707 istam
1846 1676 2046 1708 celebritatem

1084 1717 1214 1748 Iehovae
1236 1720 1346 1757 septem
1367 1717 1474 1748 diebus
1496 1719 1674 1756 quotannis:
1702 1721 1849 1750 statutum
1864 1721 2046 1758 perpetuum

1055 1758 1057 1801 j
1082 1761 1138 1791 erit
1162 1761 1192 1791 in
1214 1760 1459 1800 ycnerationibus
1486 1761 1610 1798 vestris,
1639 1771 1738 1792 mense
1765 1762 1891 1801 septimo
1918 1761 2045 1792 celebra-

1082 1803 1153 1833 bitis
1182 1803 1278 1834 illam.
1331 1802 1380 1834 42.
1413 1803 1454 1833 In
1488 1803 1692 1835 tabernaculis
1724 1804 1902 1835 habitabitis
1933 1806 2045 1843 septem

1082 1846 1204 1876 diebus:
1233 1845 1332 1877 omnis
1354 1845 1501 1886 indiyena
1523 1856 1560 1877 ese
1583 1846 1704 1878 Israele
1725 1846 1873 1878 habitabit
1894 1847 1927 1877 in
1949 1847 2045 1877 taber-

1083 1889 1212 1919 naculis.
1258 1888 1307 1919 43.
1347 1888 1384 1919 Ut
1412 1888 1509 1920 sciant
1536 1890 1744 1928 yenercitiones
1770 1892 1887 1920 vestrae
1908 1889 1989 1928 quod
2013 1889 2045 1920 in

1083 1931 1288 1962 tabernaculis
1317 1930 1456 1962 habitare
1484 1930 1543 1970 feci
1561 1932 1647 1971 filios
1671 1932 1773 1963 Israel
1802 1932 1923 1971 quando
1949 1931 2045 1962 eduxi

1082 1984 1132 2004 eos
1155 1984 1170 2004 e
1189 1977 1269 2005 terra
1289 1974 1436 2013 Aeyypti:
1458 1984 1509 2014 eyo
1528 1973 1641 2006 Iehova
1659 1974 1746 2005 Deus
1768 1977 1871 2005 vester.
1912 1974 1961 2005 44.
1983 1974 2044 2004 Lo-

1081 2019 1195 2055 quutus
1218 2019 1260 2047 est
1282 2017 1378 2056 iyitur
1400 2016 1503 2048 Moses
1532 2017 1569 2048 cle
1597 2016 1827 2049 solennitatibus
1852 2015 1981 2048 Ichovae
2004 2016 2046 2048 ad

1079 2060 1161 2099 filios
1184 2059 1293 2090 Israel.

1167 2145 1196 2175 4.
1222 2144 1291 2175 Hae
1313 2146 1382 2174 sunt
1404 2144 1513 2182 fer-iae.
1560 2144 1725 2176 Sabbatho
1749 2145 1860 2175 affines
1891 2148 1965 2175 sunt
1989 2144 2045 2175 alii

1082 2188 1149 2218 dies
1172 2188 1241 2218 festi
1266 2197 1344 2226 quos
1368 2186 1418 2217 hic
1441 2191 1587 2219 recenset
1610 2188 1726 2218 Moses.
1766 2187 1874 2217 Primo
1899 2186 1965 2217 loco
1988 2197 2043 2227 po·

1083 2231 1170 2261 nitur
1193 2229 1327 2270 pascha,
1350 2229 1440 2260 cuius
1465 2234 1579 2261 -tamen
1609 2230 1799 2270 mysterium
1830 2239 1895 2260 non
1925 2229 2044 2269 absque

1055 2279 1056 2282 ’
1082 2273 1206 2304 ratione
1220 2273 1323 2312 primo
1340 2276 1508 2312 praecepto
1527 2273 1690 2303 coniunxi.
1713 2272 1796 2303 Nam
1815 2271 1881 2302 illic
1900 2272 2045 2312 exposita

1081 2316 1141 2347 fuit
1164 2315 1340 2352 institutio,
1369 2319 1527 2354 quatenus
1554 2315 1707 2355 populum
1736 2314 1910 2351 retinebat,
1941 2325 1980 2345 ne
2004 2314 2045 2346 ad

1082 2358 1157 2389 deos
1185 2358 1305 2388 alienos
1336 2356 1496 2388 deficeret.
1542 2358 1758 2389 Initiabantur
1781 2357 1865 2388 enim
1897 2356 1951 2388 illo
1978 2357 2044 2388 ritu

1082 2402 1114 2432 in
1136 2400 1322 2440 obsequium
1346 2399 1424 2437 Dei,
1448 2405 1482 2430 ut
1507 2401 1630 2432 cunctis
1659 2398 1938 2440 superstitionibus
1966 2410 2044 2440 gen-

1082 2445 1162 2474 tium
1188 2444 1293 2474 valore
1316 2442 1426 2479 iussis,
1451 2443 1482 2473 in
1514 2453 1594 2483 pura
1617 2443 1697 2483 legis
1727 2442 1873 2473 doctrina
1901 2442 2043 2482 acquies-

1082 2491 1198 2518 cerent.
1244 2485 1371 2516 Pascha
1395 2485 1495 2525 igitur
1518 2496 1574 2525 por
1605 2496 1638 2516 se
1667 2484 1828 2524 appendix
1857 2484 1918 2515 fuit
1947 2485 2044 2525 primi

1082 2529 1253 2569 praecepti,
1273 2527 1340 2558 dies
1361 2531 1467 2559 tamen
1487 2528 1658 2568 quotannis
1678 2537 1845 2558 recurrens
1863 2528 1947 2558 inter
1965 2527 2044 2559 alios

1169 2622 1196 2653 1)
1215 2621 1291 2647 Ibid:
1313 2621 1372 2653 Vel,
1392 2629 1472 2654 super
1492 2630 1538 2646 vos
1557 2624 1602 2646 aut
1622 2628 1669 2653 pro
1689 2620 1771 2645 vobis.
