2304 3034
103 200 164 230 353

104 292 258 323 amaveris
276 302 343 323 eam
366 295 392 323 et
413 291 563 331 acceperis
585 290 639 321 tibi
663 290 694 320 in
718 300 850 327 umorem,
887 290 934 320 12.
960 289 1061 321 lutro-

102 335 193 366 duces
225 345 290 365 eam
324 335 446 365 domum
479 337 580 364 tuum:
613 334 638 363 el
669 333 757 363 radet
785 335 875 371 caput
905 342 997 363 suum
1026 342 1061 363 ae

96 378 255 417 praecidet
277 387 393 417 unques
414 386 502 408 suos.-

98 461 180 500 flebit
197 465 321 501 patrem
338 471 437 493 sunm.
461 463 487 491 et
503 462 629 490 matrem
647 469 737 490 suam
749 469 880 490 mensem
893 460 1061 498 iuteyrum:

102 507 127 534 et
145 508 251 544 postea
275 503 458 544 inqredierss
479 503 520 533 ad
541 512 616 536 eam,
639 502 759 541 erisque
778 503 912 532 uzurz'tus
936 502 1011 537 eius,
1036 504 1061 532 ct

102 547 159 578 erit
181 546 234 577 tibi
257 556 345 577 uxor.

187 631 235 662 10.
263 631 360 670 Quum
383 639 522 669 egressus
539 629 641 668 fueris
660 629 702 660 acl
720 628 839 659 bellum.
864 628 953 659 Idem
974 638 1060 659 nune

103 674 140 705 de
159 673 311 705 uxoribus
333 671 527 711 praecipitur
546 672 627 710 quod
650 681 751 710 nuper
771 671 809 701 de
828 671 914 702 cibis.
951 670 1061 709 Quan-

100 721 170 747 tum
201 716 313 746 attinet
340 714 377 745 ad
409 714 636 750 Chananaeos,
668 714 720 753 qui
755 713 873 744 addicti
897 718 928 744 et
953 713 1058 744 devoti

101 765 189 789 erant
214 757 324 792 exitio,
357 755 494 787 vidimus
524 756 689 787 Israelitas
713 767 731 787 a
754 756 923 786 mulierum
949 756 1057 786 eoniu-

99 802 152 842 gio
186 800 359 841 prohibitos
393 799 504 834 fuisse,
540 809 579 829 ne
614 798 754 829 affinitas
788 805 871 829 esset
904 799 1057 838 peccandi

99 843 262 874 illecebra:
287 852 370 872 nune
394 852 468 871 vero
491 841 617 881 longius
641 840 846 881 progreditur
869 841 993 878 Moses,
1019 852 1057 872 ne

98 886 262 917 Israelitae
285 883 417 914 victoria
437 884 526 923 potiti
547 889 658 914 contra
677 884 755 914 alias
778 888 900 923 gentes,
925 894 965 914 ex
984 894 1056 923 clip-

99 929 174 959 tivis
192 927 379 958 mulieribus
398 937 514 957 uxores
534 926 654 957 ducant
673 926 735 957 nisi
762 926 886 956 solenni
914 927 977 957 ritu
1002 937 1056 957 ex-

98 972 208 1010 piatas.
232 970 320 1000 Haec
344 979 420 1008 ergo
444 979 570 999 summa
594 974 650 1005 est,
675 979 715 1000 ne
736 968 878 1009 profanis
901 969 1057 1009 coniugiis

98 1024 130 1044 se
158 1012 321 1043 Israelitae
351 1012 585 1048 contaminent,
621 1010 675 1041 sed
705 1011 763 1042 hac
788 1012 884 1042 etiam
908 1012 941 1041 in
966 1017 1057 1051 parte

97 1065 191 1096 puros
214 1065 246 1085 se
269 1059 459 1085 conservent
483 1061 515 1084 et
537 1054 696 1095 integros:
721 1054 796 1093 quia
820 1056 956 1093 separati
982 1059 1056 1084 sunt

97 1109 115 1129 a
145 1097 273 1136 reliquis
301 1096 443 1137 populis,
472 1101 507 1126 ut
535 1097 601 1127 sint
631 1096 800 1136 peculiaris
824 1097 885 1127 Dei
911 1097 1055 1136 populus.

96 1139 283 1171 Praestabat
306 1139 432 1178 quidem
453 1139 484 1169 in
507 1144 610 1170 totum
630 1140 791 1170 abstinere
810 1150 826 1169 a
849 1139 965 1170 talibus
985 1150 1057 1170 eou-

95 1183 202 1222 iugiis:
222 1181 276 1213 sed
298 1181 427 1212 difficile
446 1181 506 1212 fuit
525 1192 634 1212 eorum
656 1181 820 1212 libidinem
840 1183 884 1213 sie
898 1183 1055 1219 fraenare,

94 1236 134 1256 ne
152 1224 203 1254 vel
224 1225 393 1254 minimum
415 1234 433 1254 a
452 1225 597 1255 castitate
615 1224 835 1255 deflecterent:
857 1224 971 1255 deinde
995 1225 1055 1256 sei-

93 1277 164 1298 mus
188 1274 343 1306 quantum
364 1267 423 1297 sibi
443 1267 591 1298 licentiae
611 1267 643 1297 iu
668 1267 751 1297 bello
774 1268 963 1306 permittant
988 1267 1053 1298 vic-

94 1315 192 1346 tores,
222 1315 255 1339 ut
289 1310 449 1349 perfectae
480 1310 693 1340 moderationi
727 1309 815 1340 locus
850 1320 914 1340 non
950 1309 1052 1340 detur.

92 1352 180 1392 Ergo
200 1351 287 1382 Deus
310 1351 544 1391 indulgentiam
568 1353 612 1383 sie
637 1357 804 1392 temperat,
829 1358 863 1382 ut
886 1352 1053 1383 Israelitae

93 1395 282 1434 adoptionis,
306 1405 367 1434 qua
390 1395 477 1434 ipsos
502 1395 653 1435 dignatus
678 1395 790 1432 fuerat,
815 1405 987 1431 memores,
1019 1406 1053 1426 se

93 1448 154 1468 non
177 1438 381 1477 prostituant,
405 1437 459 1468 sed
479 1438 511 1467 in
532 1439 600 1478 ipso
620 1437 761 1468 libidinis
781 1438 906 1468 fervore
925 1437 1052 1477 aliquod

92 1480 250 1510 retineant
285 1480 410 1520 pietatis
443 1479 596 1510 studium.
642 1480 744 1511 Porro
773 1480 824 1511 hic
852 1491 914 1511 non
946 1481 1053 1521 agitur

94 1522 131 1553 de
154 1522 262 1553 illicito
286 1529 388 1562 raptu,
413 1522 469 1553 sed
492 1527 619 1553 tantum
646 1523 773 1553 disserit
792 1523 899 1553 Moses
924 1523 962 1553 de
985 1534 1053 1554 mu-

92 1565 223 1596 lieribus
235 1576 314 1604 quae
334 1566 402 1595 iure
416 1565 489 1595 belli
509 1571 672 1596 cesserant
691 1566 722 1596 in
735 1565 895 1605 praedam.
921 1565 1052 1596 Scimus

93 1614 198 1638 autem
218 1608 355 1638 victores
378 1608 441 1638 illis
465 1609 596 1648 impune
616 1608 713 1639 fuisse
737 1609 861 1645 abusos,
886 1609 962 1648 quia
979 1608 1051 1639 illas

92 1649 250 1680 habebant
275 1651 332 1681 sub
352 1656 509 1690 potestate
533 1656 565 1681 et
589 1651 738 1681 dominio.
775 1650 838 1682 Sed
863 1651 938 1690 quia
957 1651 1052 1681 multi

91 1692 254 1723 blanditiis
294 1704 430 1723 uxorum
472 1694 658 1733 capiuntur,
706 1693 883 1724 remedium
922 1693 1053 1724 adhibet

92 1735 190 1772 Deus,
210 1742 243 1765 ut
265 1735 457 1766 connubium
482 1735 650 1775 praecedat
670 1737 785 1776 prioris
811 1736 895 1767 vitae
918 1737 1053 1777 abuega-

92 1777 150 1808 tio:
180 1788 280 1817 neque
311 1784 499 1809 extraneam
534 1789 667 1809 uxorem
704 1779 818 1810 ducere
850 1779 958 1815 liceat,
991 1780 1051 1809 nisi

92 1830 172 1860 quae
193 1831 225 1851 se
249 1832 265 1851 a
290 1822 419 1861 propria
442 1826 538 1861 gente
563 1820 769 1852 abdicaverit.
816 1821 890 1853 Huc
914 1823 1053 1861 pertinet

92 1864 299 1899 caeremonia,
324 1872 358 1894 ut
381 1864 498 1894 mulier
521 1870 616 1904 caput
636 1864 736 1900 radat,
761 1870 791 1894 et
811 1864 975 1904 praecidat
995 1875 1052 1895 un-

92 1915 178 1944 gues,
201 1907 392 1937 vestimenta
415 1917 471 1937 sua
490 1912 601 1944 mutet,
625 1906 734 1947 lugeat
760 1912 880 1946 patrem
905 1917 998 1937 suum
1023 1912 1052 1937 ct

92 1948 246 1978 familiam
269 1954 335 1979 toto
360 1960 483 1985 mense,
514 1960 629 1989 nempe
655 1956 688 1979 ut
713 1950 869 1989 superiori
894 1950 979 1980 vitae
1003 1960 1051 1980 re-

92 1991 231 2028 nunciet,
255 2001 290 2022 ae
313 1997 457 2022 transeat
480 1993 510 2021 in
536 1993 633 2022 alium
658 1992 821 2032 populum.
852 1992 991 2031 Quidam
1013 2003 1052 2023 ex

93 2032 227 2064 Rabinis
250 2033 311 2064 alio
334 2034 433 2065 verba
457 2040 623 2073 torquent,
651 2045 686 2065 ac
710 2035 737 2065 si
761 2035 962 2065 deformitate
986 2034 1051 2065 vel-

94 2074 138 2105 let
174 2076 262 2106 Deus
297 2077 420 2107 animos
455 2078 596 2107 virorum
632 2077 819 2108 abstrahere
855 2078 892 2108 ab
927 2087 1052 2108 amore:

94 2127 165 2147 nam
190 2119 301 2157 capitis
325 2130 436 2149 rasura
456 2120 593 2150 multum
618 2130 658 2150 ex
683 2120 921 2159 pulchritudine
946 2127 975 2150 et
1001 2131 1053 2151 ve-

96 2166 221 2191 nustate
244 2160 385 2191 detrahit
408 2162 441 2192 in
464 2162 609 2193 feminis:
644 2168 674 2193 et
710 2173 834 2203 ungues
861 2163 964 2194 facere
995 2162 1052 2203 (sie

97 2202 181 2232 enim
202 2203 240 2233 ad
262 2204 391 2234 verbum
412 2204 541 2246 legitur)
562 2216 617 2244 pro
638 2206 763 2235 nutrire
783 2206 956 2245 accipiunt:
980 2217 1052 2245 pro-

99 2243 203 2274 ductio
225 2250 331 2276 autem
355 2248 511 2286 unguium
543 2248 634 2278 foeda
664 2254 713 2278 est
736 2254 877 2288 aspectu.
923 2248 987 2279 Sed
1013 2259 1051 2279 ex

99 2291 247 2317 contextu
271 2288 427 2320 refellitur
449 2300 558 2320 eorum
589 2296 824 2328 commentum,
858 2291 912 2322 ubi
942 2291 1052 2322 iuben-

99 2333 150 2358 tur
173 2338 205 2359 se
227 2339 343 2361 exuere
368 2332 508 2363 vestibus
530 2333 735 2372 captivitatis.
783 2333 864 2364 Mihi
896 2344 969 2364 vero
994 2334 1050 2364 du-

99 2369 186 2417 bium
210 2381 271 2402 non
295 2380 341 2403 est
364 2375 438 2413 quin
461 2375 552 2406 Deus
575 2382 740 2406 menstruo
772 2376 874 2413 luctu,
905 2386 976 2406 raso
1000 2387 1051 2407 ea-

100 2412 187 2460 pillo,
212 2418 244 2444 et
254 2414 324 2444 aliis
336 2416 445 2455 signis,
469 2418 617 2448 renovari
632 2418 716 2457 ipsas
731 2418 817 2454 velit,
838 2424 874 2449 ut
893 2418 964 2450 aliis
985 2430 1049 2450 mo-

100 2454 189 2485 ribus
211 2462 401 2488 assuescant.
432 2458 538 2499 Atque
561 2461 594 2490 in
618 2461 755 2491 eundem
780 2462 877 2491 finem
901 2462 1052 2493 iubentur

101 2497 211 2530 lugere
239 2505 386 2537 parentes
414 2507 561 2541 tanquam
593 2510 749 2541 mortuos,
780 2509 814 2534 ut
847 2504 963 2544 populo
993 2515 1051 2535 suo

102 2540 290 2571 vain-licant.
324 2541 395 2580 Quo
418 2544 544 2575 videtur
559 2545 702 2576 alludere
718 2546 877 2586 propheta
897 2547 980 2578 Psal.
1001 2547 1051 2583 45,

101 2592 198 2621 quum
234 2583 324 2614 dicit:
366 2585 449 2616 Audi
482 2587 562 2623 filia,
596 2593 627 2618 et
662 2588 748 2619 vide:
788 2590 907 2620 inclina
941 2600 1051 2620 aurem

101 2629 207 2661 tuam,
241 2625 422 2658 obliviscere
452 2630 603 2669 populum
627 2636 719 2661 tuum
743 2636 775 2662 et
798 2631 927 2663 domum
952 2633 1052 2672 patris

200 2675 308 2701 Calvina*
322 2683 411 2709 opera.
452 2678 507 2704 Vol.
526 2679 637 2706 XXIV.

547 375 594 406 13.
623 373 818 413 Deponetque
851 375 1061 405 vestimentum

102 420 289 458 captivitatis
315 430 389 450 suae
418 429 437 449 a
465 428 509 456 se,
540 420 566 448 et
594 417 726 447 uzanebit
755 418 788 447 in
811 417 898 448 domo
921 420 989 454 tua,
1025 427 1061 447 ac
1113 418 1241 456 pietatis
1266 419 1406 450 studium
1432 421 1600 453 devoveat.

826 197 1010 228 PRIMUM
1034 197 1352 230 PRAEOEPTUM.
2016 203 2081 234 354

1114 290 1168 320 tui.
1215 291 1383 332 Significat
1413 294 1515 329 enim,
1547 304 1610 325 non
1641 295 1734 325 aliter
1764 305 1880 334 purum
1911 299 1942 326 et
1973 295 2079 336 legiti-

1114 343 1202 363 mum
1235 334 1302 364 fore
1332 336 1516 376 coniugium
1547 336 1669 368 alienae
1704 338 1848 369 mulieris
1882 348 1954 369 eum
1984 337 2077 369 Solo-

1113 385 1207 406 mon(-
1235 387 1330 416 quam
1361 378 1386 408 si
1417 379 1535 409 relictis
1559 379 1856 419 superstitionibus,
1887 380 1956 411 Deo
1980 391 2013 411 se
2036 380 2076 411 ad

1645 422 1713 453 Nec
1744 434 1818 454 vero
1842 423 1932 454 Deus
1955 422 2012 454 abs
2042 433 2076 454 re

1085 452 1087 492 l
1112 459 1276 492 Israelitas
1307 462 1417 493 sedulo
1448 473 1561 494 cavere
1593 464 1695 495 voluit
1725 476 1764 496 ue
1795 476 1910 496 uxores
1940 476 1958 496 a
1982 476 2076 497 verae

1113 502 1278 541 religionis
1302 505 1407 535 studio
1431 506 1534 537 adhue
1558 507 1678 538 alienas
1702 508 1899 547 acciperent:
1925 509 2000 547 quia
2022 519 2075 539 ex-

1113 546 1268 583 perientia
1292 547 1362 586 plus
1376 548 1453 579 satis
1473 548 1564 579 docet
1587 560 1682 589 quam
1707 551 1847 581 exitialis
1866 551 1909 581 sit
1931 551 2074 590 laqueus.

1112 587 1182 617 Etsi
1207 593 1314 619 autem
1350 590 1444 621 hodie
1479 591 1538 622 hae
1569 592 1793 624 observatione
1823 603 1885 624 non
1916 596 2074 631 tenemur,

1112 637 1221 676 manet
1252 636 1357 662 tamen
1389 634 1481 663 firma
1510 634 1604 672 ratio,
1640 646 1680 666 ne
1710 645 1744 666 se
1776 636 1837 666 viri
1868 640 1988 667 temere
2019 635 2074 666 de-

1111 673 1255 745 lvnio-ilant
1289 674 1417 706 feminis
1451 676 1565 716 impias
1598 678 1843 717 superstitiones
1883 678 1988 710 adhuc
2021 688 2074 710 co-

1124 720 1189 744 enti
1215 726 1260 746 us.

1294 912 1581 944 APPENDICES
1606 914 1843 947 FORENSES
1858 915 1890 957 ).

1404 971 1467 1002 EX
1492 973 1622 1004 DEUT.
1646 974 1777 1006 XVIII.

1196 1055 1243 1086 19.
1271 1055 1344 1086 Erit
1372 1059 1473 1087 autem
1508 1060 1541 1088 ut
1573 1058 1602 1088 st
1631 1059 1701 1098 quis
1734 1070 1790 1091 uon
1820 1061 1956 1092 audierit
1984 1060 2074 1092 verba

1108 1107 1175 1128 mea
1191 1108 1268 1171 elgae
1286 1098 1425 1137 loquetur
1441 1100 1592 1138 propheta
1615 1102 1649 1132 *iu
1671 1103 1791 1133 nomine
1812 1113 1884 1141 meo,
1907 1113 1957 1144 690
1972 1104 2074 1143 requi-

1107 1150 1176 1170 ram
1259 1151 1298 1171 eo.

1418 1310 1479 1341 EX
1504 1310 1636 1343 DEUT.
1661 1312 1757 1343 XIII.

1192 1394 1255 1435 52).
1282 1394 1436 1433 Propheta
1460 1398 1559 1426 autem
1586 1396 1688 1435 falsus
1710 1400 1764 1428 aut
1786 1398 1954 1429 somniator
1976 1400 2067 1431 iuter-

1104 1437 1240 1476 ficz'etur:
1263 1448 1294 1468 eo
1317 1438 1396 1477 quod
1419 1438 1612 1477 defectionem
1631 1439 1775 1478 loquutus
1796 1441 1838 1471 sz't
1859 1444 1964 1473 contra
1984 1441 2070 1473 lello-

1106 1490 1175 1510 vam
1198 1479 1300 1510 Deum
1323 1482 1470 1516 vestrum,
1500 1481 1553 1519 qm?
1583 1482 1687 1512 eduxit
1717 1485 1743 1513 te
1772 1493 1786 1513 e
1815 1484 1899 1514 terra
1928 1484 2068 1525 Aeyypti,

1105 1525 1131 1553 et
1153 1523 1280 1553 redemit
1308 1525 1334 1554 te
1356 1534 1370 1553 c
1393 1523 1479 1554 domo
1503 1534 1667 1560 servorum,
1690 1527 1724 1555 ut
1745 1528 1771 1556 te
1793 1525 1952 1563 depelleret
1974 1538 1994 1558 a
2015 1528 2069 1559 via

1105 1575 1197 1604 qzcam
1213 1566 1370 1604 praecepit
1394 1566 1448 1596 tibi
1471 1565 1586 1597 Iehova
1609 1566 1696 1598 Deus
1719 1570 1798 1605 tuus,
1821 1570 1854 1598 ut
1876 1569 2012 1601 ambules
2033 1570 2068 1601 in

1105 1618 1156 1638 ca:
1179 1611 1205 1639 et
1226 1608 1443 1639 exterminabis
1465 1608 1580 1639 vitalum
1602 1619 1616 1640 e
1638 1610 1737 1641 medio
1757 1611 1810 1641 tui.

1190 1693 1358 1724 Hactenus
1382 1693 1477 1732 primi
1501 1695 1660 1733 praecepti
1691 1695 1884 1734 appendices
1908 1697 2065 1735 recensui,

1105 1745 1185 1775 quae
1216 1735 1254 1766 ad
1284 1741 1409 1766 veteres
1438 1735 1568 1767 umbras
1599 1741 1629 1766 et
1663 1737 1797 1777 legalem
1821 1738 1942 1769 cultum
1967 1739 2065 1779 perti-

1104 1784 1191 1809 nent.
1237 1778 1347 1818 Ipsum
1378 1783 1580 1818 praeceptum
1604 1790 1730 1819 semper
1753 1780 1875 1820 vigebit
1904 1781 1943 1811 ad
1968 1782 2066 1813 finem

1105 1831 1205 1860 usquc
1229 1821 1355 1851 mundi:
1381 1832 1437 1852 nec
1461 1821 1536 1852 solis
1559 1821 1694 1860 Iudaeis,
1729 1822 1784 1853 sed
1807 1823 1899 1854 nobis
1922 1834 2065 1856 commu-

1104 1864 1190 1894 niter
1212 1863 1321 1893 datum
1346 1868 1403 1894 est.
1439 1863 1657 1895 Caeremoniis
1680 1870 1788 1895 autem
1814 1876 1888 1896 usus
1908 1871 1955 1897 est
1974 1866 2065 1899 Deus

1104 1907 1195 1943 olim,
1231 1910 1384 1946 tanquam
1414 1907 1645 1946 temporalibus
1674 1907 1893 1946 adminiculis,
1927 1919 2063 1948 quarum

1105 1949 1165 1979 etsi
1190 1959 1266 1979 usus
1289 1949 1437 1985 cessavit,
1461 1954 1569 1979 manet
1588 1949 1693 1980 adhuc
1715 1955 1824 1980 tamen
1841 1950 1971 1988 utilitas,
1991 1953 2066 1991 quia

1105 1991 1180 2021 inde
1205 1992 1319 2021 melius
1343 1997 1475 2030 apparet
1498 1992 1654 2031 quomodo
1678 1992 1738 2022 rite
1761 1992 1884 2023 colatur
1907 1993 2010 2025 Deus:
2035 1999 2067 2026 et

1106 2035 1174 2074 ipsa
1205 2034 1254 2064 vis
1285 2034 1414 2073 pietatis
1444 2034 1507 2065 illic
1538 2035 1667 2066 relucet.
1714 2035 1800 2075 Ergo
1835 2036 1866 2065 in
1898 2042 2067 2077 praecepto

1106 2077 1288 2107 continetur
1311 2081 1376 2106 tota
1399 2077 1589 2113 substantia,
1614 2078 1646 2107 iu
1671 2078 1814 2108 externis
1843 2088 1920 2109 vero
1945 2080 2066 2110 exerci

1106 2120 1158 2150 tiis
1182 2124 1230 2149 est
1254 2119 1355 2149 veluti
1379 2119 1487 2157 forma,
1518 2119 1568 2150 cui
1594 2120 1721 2150 nonnisi
1745 2125 1886 2151 veterem
1911 2122 2065 2161 populum

1106 2162 1195 2192 Deus
1215 2160 1347 2192 addixit.
1383 2162 1476 2193 Nune
1495 2167 1673 2201 sequuntur
1691 2162 1884 2202 appendices
1908 2164 2065 2204 politicae,

1105 2204 1159 2235 ubi
1180 2204 1267 2235 Deus
1289 2215 1422 2243 poenam
1443 2205 1526 2235 sumi
1546 2205 1633 2235 iubet
1652 2205 1676 2235 si
1698 2205 1814 2236 violata
1834 2206 1929 2236 fuerit
1941 2207 2063 2247 religio.

1104 2248 1215 2287 Neque
1239 2247 1323 2277 enim
1351 2247 1437 2287 leges
1464 2247 1612 2286 politicae
1631 2252 1755 2278 tantum
1775 2248 1924 2278 feruntur
1943 2249 1981 2279 de
2000 2255 2064 2280 ter-

1104 2291 1190 2321 renis
1217 2289 1368 2329 negotiis,
1401 2294 1435 2319 ut
1458 2290 1541 2320 inter
1564 2300 1597 2320 se
1620 2289 1765 2321 homines
1790 2295 1934 2321 mutuam
1959 2291 2065 2323 colant

1104 2333 1314 2372 aequitatem,
1348 2337 1380 2362 et
1410 2332 1492 2372 quod
1530 2337 1652 2363 rectum
1683 2337 1730 2363 est
1759 2338 1936 2371 sequantur
1969 2339 2064 2374 atque

1102 2376 1290 2406 observent:
1315 2374 1368 2405 sed
1394 2382 1428 2405 nt
1451 2386 1483 2405 se
1507 2375 1539 2405 in
1560 2374 1621 2405 Dei
1645 2376 1852 2405 veneratione
1876 2382 2062 2408 exerceant:

1103 2429 1178 2448 nam
1192 2424 1223 2448 et
1241 2417 1316 2447 inde
1329 2417 1451 2448 orditur
1467 2417 1558 2447 Plato
1581 2417 1655 2448 dum
1674 2417 1853 2457 legitimum
1868 2419 2063 2458 reipublicae

1103 2467 1222 2492 statum
1254 2460 1384 2497 format,
1418 2460 1538 2499 Deique
1563 2460 1708 2491 timorem
1745 2464 1837 2491 vocat
1868 2460 1973 2501 legum
1998 2473 2064 2493 om-

1103 2504 1192 2534 nium
1209 2503 1414 2543 prooemium.
1451 2503 1516 2533 Nee
1532 2502 1620 2533 ullus
1642 2513 1784 2542 unquam
1809 2503 1934 2533 exstitit
1957 2504 2063 2544 profa-

1188 2606 1215 2637 1)
1234 2605 1425 2637 Dependenees
1445 2605 1588 2637 politiques
1608 2612 1640 2629 ou
1660 2604 1803 2629 iudiciales.

1190 2640 1218 2672 2)
1236 2639 1318 2665 Hebr.
1343 2640 1365 2664 6.

1824 2679 1857 2705 23
