2304 3034
109 206 169 238 537

109 304 187 337 erat,
206 299 280 339 quia
303 297 518 330 immundities
530 296 700 336 sacrilegio
721 299 790 326 erat
813 294 983 342 implicita:
1009 294 1069 325 hac

108 343 233 373 ratione
255 341 397 373 comburi
419 339 512 376 iubet,
536 338 629 370 sicuti
659 337 743 377 quod
771 337 858 368 intra
887 336 1068 376 legitimum

109 389 236 424 tempus
270 388 490 422 consumptum
525 391 589 411 non
624 380 736 411 fuerat.
782 379 892 410 Poena
922 379 1068 426 edicitur,

109 431 145 458 ut
189 427 330 466 quisquis
364 423 546 456 immundus
579 433 709 454 carnem
750 432 874 453 sacram
915 426 1068 468 attigerlt,

110 469 276 500 excidatur
306 479 324 499 a
351 467 474 507 populo.
527 465 630 496 Cuius
656 464 807 496 atrocitas
838 464 888 495 vel
921 463 1063 494 immodi-

109 522 166 542 cus
194 512 281 551 rigor
303 509 455 550 quosdam
478 508 616 545 induxit,
648 512 684 538 ut
711 506 854 538 exscindi
886 517 949 536 non
981 506 1067 553 aliud

109 564 178 585 esse
201 556 351 594 putarent
374 561 467 591 quam
487 550 557 581 eiici
578 554 670 580 extra
688 554 802 581 castra.
827 549 928 588 Atqui
947 558 1067 596 mlrum

108 607 173 627 non
197 599 244 626 est
266 594 370 625 Deum
394 599 459 624 tam
483 593 627 633 graviter
657 592 689 622 in
714 602 767 623 eos
797 591 1068 622 animadvertisse

109 638 164 678 qui
186 638 320 669 scientes
348 641 380 666 et
409 635 551 666 volentes
586 635 849 666 contaminabant
872 633 955 673 quod
979 643 1069 665 sanc·

108 686 176 711 tum
211 685 291 710 erat:
325 688 428 718 neque
451 678 534 708 enim
560 678 586 708 si
617 679 687 717 quis
716 687 823 708 errore
848 677 959 716 lapsus
989 681 1066 714 erat,

107 723 167 754 hac
201 722 357 753 sent-entia
390 720 560 750 damnatus
594 720 672 753 fuit,
708 719 763 750 sed
798 720 852 759 qui
887 719 986 758 impia
1020 729 1068 749 sa—

107 775 232 796 crorum
254 763 474 803 profanatione
497 768 644 802 apertum
668 762 729 793 Dei
753 767 972 801 contemptum
992 772 1066 802 pro-

107 807 237 838 diderat.

190 849 239 880 23.
262 847 423 886 Alloquere
443 846 526 886 filios
545 847 656 878 Israel.
682 846 843 885 Quoniam
865 847 896 877 in
916 847 1065 878 omnibus

107 891 264 923 sacrificiis
296 890 393 930 adeps
427 895 556 921 sanctus
590 895 659 921 erat
690 889 776 927 Deo,
811 894 843 920 et
876 889 1065 920 adolebatur

106 944 202 974 super
222 933 337 970 altare,
364 932 518 972 populum
549 943 642 963 suum
674 932 766 972 adipe
791 933 874 963 vesci
899 932 988 963 Deus
1012 943 1064 963 ve-

105 977 175 1013 tuit,
199 976 291 1007 etiam
316 975 346 1005 in
370 975 448 1006 cibis
468 975 668 1015 vulgaribus,
692 980 727 1005 ut
741 975 826 1005 domi
846 985 970 1015 quoque
989 975 1062 1006 reli-

105 1019 227 1060 gionem
250 1017 399 1049 colerent.
424 1017 502 1048 Fuit
524 1018 609 1048 enim
634 1017 719 1048 haud
740 1017 836 1048 dubie
856 1018 914 1048 hoc
934 1018 1063 1057 pietatis

105 1061 306 1097 exercitium,
338 1064 373 1090 ut
403 1061 457 1100 qui
486 1061 597 1100 procul
622 1060 757 1091 aberant
786 1071 805 1091 a
828 1060 962 1100 templo,
994 1071 1063 1091 sese

105 1111 208 1135 tamen
230 1103 262 1133 in
288 1102 473 1142 quotidiano
495 1104 581 1133 victu
606 1104 841 1134 assuefacerent
860 1103 898 1133 ad
920 1103 979 1133 Dei
1000 1104 1065 1134 cul-

102 1152 178 1176 tum.
224 1145 290 1176 Nec
319 1156 369 1176 me
400 1145 477 1176 latet
506 1146 621 1185 quibus
651 1146 811 1185 allegoriis
842 1145 956 1176 ludant
984 1156 1061 1176 non-

101 1187 180 1219 nulli
208 1188 413 1228 interpretes,
448 1188 502 1219 sed
536 1189 567 1218 in
598 1189 721 1218 ratione
756 1188 913 1219 divinitus
945 1189 1063 1219 tradita

101 1231 235 1261 libenter
253 1231 434 1270 acquiesco:
458 1231 532 1270 quia
551 1230 677 1270 adipem
697 1230 756 1261 sibi
778 1231 866 1262 Deus
885 1230 1062 1268 addixerat,

101 1273 139 1304 ab
170 1273 255 1304 illius
284 1284 339 1304 esu
370 1273 568 1313 prohibitum
598 1274 697 1304 fuisse
721 1273 884 1313 populum.
933 1273 1062 1305 Interea

100 1315 223 1356 adipem
248 1315 424 1352 cadaveris,
450 1316 499 1347 vel
524 1316 672 1347 animalis
695 1317 799 1354 laceri,
824 1317 862 1347 ad
887 1316 1063 1356 quemlibet

99 1368 193 1390 usum
234 1358 473 1389 accommodare
514 1358 567 1388 lex
607 1359 788 1398 permittit,
829 1359 923 1389 modo
963 1360 1062 1390 absti-

99 1408 196 1432 neant
224 1402 262 1432 ab
293 1401 386 1441 adipe
417 1412 527 1432 eorum
552 1402 739 1432 animalium
764 1412 844 1441 quae
868 1403 930 1433 rite
953 1402 1062 1433 offerri

98 1449 253 1485 poterant.

182 1486 231 1517 37.
256 1486 341 1517 Haec
363 1488 406 1517 est
428 1486 476 1517 lez
497 1486 671 1518 holocausti.
702 1487 774 1519 Hac
797 1486 942 1518 clausula
960 1488 1060 1527 signi-

98 1530 172 1561 ficat
184 1529 290 1560 Moses
313 1529 477 1569 provisum
502 1529 600 1560 fuisse
619 1540 660 1560 ne
679 1530 754 1570 quid
774 1529 988 1561 adventitium
1007 1530 1061 1561 ob-

99 1577 223 1611 reperet
247 1582 285 1603 ex
310 1572 477 1602 hominum
508 1573 700 1603 commentis
730 1572 769 1603 ad
795 1573 939 1604 vitianda
963 1574 1059 1604 sacri·

99 1615 182 1646 ficia:
213 1625 274 1654 quo
298 1613 348 1644 die
372 1615 478 1654 inquit
501 1615 658 1646 sacrificia
687 1615 748 1646 sibi
778 1615 887 1646 offerri
917 1615 1061 1646 instituit

99 1656 186 1688 Deus
208 1657 241 1687 in
265 1662 374 1688 monte
396 1657 506 1696 Sinai,
537 1657 617 1688 nihil
649 1658 759 1689 omisit
788 1659 960 1689 observatu
991 1658 1060 1699 dig-

99 1710 190 1736 num,
220 1710 260 1730 ne
289 1699 364 1740 quid
395 1700 526 1740 aggredi
558 1701 716 1732 auderent
747 1701 894 1732 homines
929 1701 990 1732 nisi
1021 1712 1060 1732 ex

99 1742 165 1773 eius
186 1743 393 1783 praescripto.
439 1743 483 1774 Et
513 1750 598 1774 certe
628 1754 724 1783 quum
755 1744 800 1775 ita
834 1742 945 1774 sedulo
975 1754 1060 1775 com-

98 1784 208 1824 plexus
242 1785 340 1816 fuerit
374 1796 486 1817 omnes
521 1787 760 1823 caeremonias,
803 1786 876 1817 inde
909 1786 1061 1826 colligere

99 1831 281 1867 promptum
315 1833 363 1859 est
397 1834 595 1868 quantopere
628 1829 781 1869 fugienda
815 1829 857 1860 sit
886 1830 1060 1867 temeritas,

101 1874 132 1900 et
159 1869 329 1910 quidquam
365 1872 508 1911 fingendi
543 1871 685 1903 audacia.
738 1872 917 1903 Consilium
953 1873 1060 1912 itaque

100 1911 199 1943 Mosis
221 1913 288 1951 fuit,
311 1913 371 1945 hac
394 1914 484 1945 brevi
509 1914 726 1945 admonltione
750 1915 903 1955 populum
928 1915 967 1945 ad
993 1925 1059 1946 mo—

101 1953 230 1986 destiam
256 1955 387 1993 hortari,
412 1967 451 1987 ne
471 1962 571 1988 metas
593 1968 611 1988 a
625 1958 693 1988 Deo
717 1960 835 1997 positas
855 1958 1059 1989 transsiliret

441 2127 613 2158 NUMER.
633 2127 709 2159 XV.

184 2210 210 2240 1.
235 2210 392 2250 Loquutus
415 2214 457 2242 est
475 2215 573 2243 aulem
591 2213 704 2244 Ieliova
722 2213 764 2244 acl
783 2213 899 2251 Mosen,
918 2214 1060 2247 dicendo.-

100 2252 128 2282 2.
150 2251 281 2291 Loquere
298 2255 339 2285 ad
354 2254 437 2293 filios
450 2254 559 2291 Israel,
580 2259 605 2286 et
624 2256 710 2287 dicas
730 2256 787 2287 eis:
814 2257 913 2295 Quum
927 2258 1059 2298 ingressi

99 2294 221 2333 fueritis
243 2298 354 2327 terram
376 2297 599 2329 habitationum
634 2301 805 2329 vestrarum
828 2310 906 2338 quas
928 2311 979 2340 eqo
1001 2301 1057 2332 ‹la-

101 2339 189 2367 turus
220 2347 286 2368 sum
318 2339 408 2377 vobis,
465 2340 493 2370 3.
529 2341 573 2371 Et
609 2342 710 2380 facere
744 2341 847 2372 voletis
882 2342 1058 2374 oblationem

100 2379 226 2418 iyuitam
249 2380 383 2418 Iehovae,
406 2382 614 2414 holocaustum
643 2384 689 2414 rel
710 2385 910 2423 sacrificium,
941 2389 973 2416 ut
1002 2387 1059 2417 sol-

100 2422 180 2452 vatis
209 2424 307 2453 votum
330 2427 382 2455 aul
411 2428 515 2463 sponte
544 2430 659 2461 vestra,
691 2430 744 2457 aut
774 2428 804 2457 iu
828 2428 1058 2460 solennitatibus

100 2464 222 2503 vestris,
251 2467 284 2494 ut
309 2466 433 2504 faciatis
458 2468 578 2500 odorem
607 2470 719 2508 quictis
750 2469 877 2501 Ielzovae
904 2471 941 2501 de
968 2471 1058 2502 bobus

101 2508 154 2536 aut
175 2516 212 2536 ex
226 2508 406 2544 pecudibus.-
443 2510 472 2541 4.
501 2511 586 2542 Tune
608 2513 709 2551 offeret
730 2513 858 2551 offerens
879 2513 1057 2544 oblationem

100 2558 189 2579 suam
223 2548 347 2581 Ieliovae
374 2563 432 2591 pro
461 2553 566 2584 ›ninlza
596 2555 733 2592 similae,
763 2555 910 2586 decimam
935 2559 1057 2594 partem

100 2591 222 2621 mistam
245 2601 312 2622 cum
333 2598 441 2631 quarta
460 2599 551 2634 parte
574 2596 638 2627 olei.
695 2597 723 2628 5.
747 2595 789 2628 Ec
809 2598 875 2628 vini
894 2608 954 2636 pro
984 2599 1058 2630 liba-

100 2633 182 2664 mine
210 2637 350 2671 quartam
372 2640 493 2675 partem
522 2638 574 2669 lan
603 2640 700 2678 facies
727 2650 820 2679 super
842 2640 1057 2679 holocaustum,

794 201 1046 234 SECUNDUM
1070 201 1391 235 PRAECEPTUM.

2023 211 2085 243 538

1123 298 1176 325 aut
1207 295 1289 326 ultra
1322 297 1508 336 sacrificium
1535 308 1595 337 pro
1628 309 1706 338 aquo
1740 310 1810 332 uuo.
1870 302 1898 333 6.
1933 303 2000 334 Aut
2027 315 2088 343 pro

1123 338 1216 368 ariete
1236 338 1334 377 facies
1350 340 1487 371 miuliam
1510 341 1633 372 similae
1656 342 1737 372 duas
1764 344 1898 375 decimas
1917 347 2088 384 permistae

1121 389 1190 410 cum
1219 381 1276 411 olei
1304 382 1393 412 tertia
1416 385 1506 422 parte
1533 383 1595 414 lai-n.
1648 383 1674 414 7.
1707 384 1748 415 Et
1776 387 1841 417 irini
1856 397 1919 425 pro
1942 388 2087 421 libamine

1121 423 1243 452 tertiam
1260 426 1383 462 partem
1405 424 1459 455 liin
1481 426 1612 464 offeretis
1633 427 1668 457 iu
1690 428 1809 458 odorem
1821 430 1933 468 quietis
1946 430 2085 464 Ieliovae.

1122 464 1150 494 8.
1178 465 1263 503 Quod
1285 466 1314 496 si
1334 467 1436 505 facere
1456 468 1536 499 voles
1558 469 1716 500 iuvencum
1739 471 1770 500 in
1794 470 2009 510 holocaustum,
2032 477 2087 505 aut

1121 506 1311 545 sacrificium
1329 509 1370 540 ad
1391 510 1569 542 solvendum
1587 513 1696 550 votum,
1719 515 1773 544 aut
1790 514 1945 553 sacrificia
1961 526 2086 556 prospe—

1120 549 1248 580 ritatum
1276 550 1420 582 Ielzovae:
1471 553 1499 584 9.
1527 553 1642 592 Offeres
1669 565 1733 586 uua
1760 565 1829 587 cum
1857 557 1980 589 iuvenco
2007 560 2086 590 miu-

1120 590 1209 629 lzam,
1238 593 1361 623 similae
1390 597 1449 626 tres
1471 595 1605 627 decimas
1622 598 1790 636 permistae
1812 608 1881 630 cum
1907 600 1964 631 olei
1990 601 2082 632 dimi-

1121 633 1175 664 dia
1204 637 1296 673 parte
1325 635 1386 667 lim.
1434 637 1482 668 10.
1512 637 1555 669 Et
1582 640 1687 670 viuum
1718 641 1824 680 offeres
1848 652 1908 681 pro
1941 643 2085 676 libamine

1120 676 1287 707 dimidiam
1294 681 1417 716 partem
1429 680 1480 710 liin
1489 693 1497 710 .·
1516 681 1694 713 oblationem
1706 683 1835 723 iquitam
1854 684 1955 716 odoris
1972 687 2084 724 quietis

1121 718 1258 750 Ielzovae.
1282 720 1329 750 11.
1345 720 1396 752 Sic
1406 722 1503 760 facies
1515 723 1581 754 bovi
1592 728 1645 755 aut
1656 725 1748 756 arieli
1758 727 1824 763 uui,
1837 730 1891 757 aut
1907 727 2003 767 foetai
2021 732 2083 760 lam

1120 761 1156 792 cle
1165 761 1271 792 ovibus
1283 773 1374 801 quam
1386 764 1421 794 (lc
1433 767 1545 803 capris.
1568 767 1614 798 12.
1636 767 1731 799 quta
1750 779 1911 800 numerum
1929 781 2017 810 quem
2033 772 2084 810 fa-

1119 804 1214 841 cietis,
1230 805 1365 844 sinyulis
1378 807 1500 845 facietis
1520 809 1606 840 iuxta
1619 820 1779 841 numerum
1792 811 1924 843 illorum.
1950 813 1998 844 13.
2016 814 2085 845 Om-

1118 847 1168 876 nis
1180 847 1257 877 civis
1267 848 1361 886 faciet
1373 849 1418 879 sic
1429 850 1489 880 ista
1502 853 1535 881 ut
1546 853 1651 890 offerat
1669 853 1845 885 oblationem
1857 855 1960 887 odoris
1975 857 2085 896 quietis

1120 888 1256 920 Ieleovae.
1315 890 1362 920 14.
1388 890 1430 921 Et
1458 902 1553 931 quum
1571 896 1788 935 pereyriuatus
1808 897 1903 936 fuerit
1925 899 2010 938 apud
2032 909 2084 930 vos

1111 932 1307 972 pereyriuuS,
1332 936 1386 964 aut
1408 934 1578 974 quicunque
1599 940 1641 967 est
1663 938 1695 968 iu
1719 939 1816 970 medio
1839 941 1931 972 vestri
1948 952 2008 980 per
2034 953 2083 982 ye-

1117 975 1288 1005 rzeratioues
1310 978 1435 1014 vestras,
1457 977 1620 1017 feceritque
1638 979 1815 1012 oblationem
1833 983 1962 1023 ignitam
1980 984 2083 1015 odoris

1117 1018 1228 1056 quictis
1248 1017 1386 1055 Ielzovae,
1410 1021 1667 1058 quemadmodum
1678 1024 1798 1062 societis
1810 1026 1854 1056 sic
1869 1026 1970 1065 faciet.
1992 1027 2039 1058 15.
2057 1027 2083 1059 O

1116 1061 1313 1100 conyrraqatffl,
1336 1063 1483 1092 statutum
1505 1073 1602 1094 unum
1624 1066 1681 1096 erit
1699 1066 1778 1097 cobis
1801 1070 1827 1098 et
1843 1069 2006 1108 pereyriiio
2028 1070 2084 1108 qui

1109 1103 1330 1142 pereyrinatm
1359 1105 1444 1143 apud
1472 1116 1541 1136 vos:
1577 1110 1723 1138 statutum
1747 1109 1873 1148 iuquam
1897 1114 2082 1151 perpetuum

1110 1156 1168 1185 per
1194 1146 1408 1185 yeneraa'ones
1427 1150 1560 1180 vestras.-
1588 1150 1667 1180 sicut
1697 1161 1748 1181 vos
1777 1153 1821 1183 sic
1846 1156 1872 1183 et
1895 1155 2082 1194 peregrinus

1116 1189 1173 1218 erit
1195 1198 1297 1219 coram
1326 1188 1446 1220 Ieliova.
1495 1191 1542 1222 16.
1569 1192 1634 1223 Lex
1656 1204 1718 1223 una
1741 1196 1767 1224 et
1797 1205 1905 1226 norma
1940 1207 2002 1228 uua
2024 1198 2082 1228 erit

1115 1231 1199 1261 vohis
1222 1233 1249 1262 et
1267 1233 1433 1271 pcreyriuo
1457 1234 1511 1272 qui
1529 1236 1747 1275 peregrinatur
1769 1238 1854 1275 apud
1876 1249 1935 1269 vos.

1203 1317 1229 1347 1.
1256 1316 1416 1356 Loquutus
1428 1321 1470 1349 est
1482 1321 1590 1350 autem.
1616 1320 1739 1351 Partim
1760 1322 1870 1353 eadem
1890 1334 1975 1355 nunc
1989 1334 2078 1364 prae-

1115 1364 1208 1399 cepta
1238 1359 1378 1391 breviter
1408 1361 1554 1402 attingit,
1584 1362 1622 1393 de
1653 1364 1768 1403 quibus
1796 1365 1900 1406 magis
1931 1365 2080 1398 distincte

1116 1406 1148 1432 et
1171 1402 1329 1442 copiosius
1352 1403 1504 1435 disseruit
1527 1405 1560 1435 in
1584 1405 1743 1444 Levitico,
1768 1408 1885 1446 partim
1909 1419 1990 1448 quae
2012 1410 2081 1441 obs-

1115 1445 1222 1476 curius
1246 1450 1277 1475 et
1308 1449 1443 1485 sparsim
1474 1446 1598 1479 dixerat
1624 1449 1654 1479 in
1684 1460 1783 1480 uuum
1813 1450 1916 1482 locum
1948 1452 2078 1493 colligit.

1115 1487 1227 1527 Neque
1251 1488 1336 1518 enim
1366 1495 1486 1521 certam
1518 1490 1623 1522 adhuc
1658 1492 1801 1532 regulam
1833 1494 2011 1526 tradiderat
2041 1495 2080 1527 de

1115 1531 1350 1562 accessionibus
1375 1532 1486 1563 minha
1509 1533 1569 1564 olei
1594 1539 1625 1564 et
1649 1535 1730 1566 vini:
1762 1535 1816 1566 sed
1844 1547 1925 1576 quae
1949 1537 1988 1568 ad
2012 1549 2079 1569 cer-

1115 1578 1164 1604 tas
1187 1574 1308 1613 speeies
1332 1576 1649 1614 accommodaverat,
1685 1589 1772 1609 nunc
1795 1579 1990 1618 generaliter
2013 1592 2079 1612 ser-

1115 1616 1184 1647 vari
1208 1616 1310 1647 iubet:
1335 1627 1414 1656 quac
1438 1623 1545 1649 autem
1570 1626 1682 1651 exacte
1701 1625 1904 1659 tractaverat,
1928 1633 2015 1654 nunc
2034 1623 2078 1654 le-

1115 1659 1185 1689 vius
1210 1660 1411 1691 transcurrit.
1464 1661 1577 1702 Neque
1601 1667 1710 1694 tamen
1734 1664 1843 1695 omnia
1866 1666 2077 1705 persequitur,

1113 1701 1167 1732 sed
1192 1706 1317 1732 tantum
1342 1708 1430 1733 vetat
1449 1714 1489 1735 ne
1508 1705 1664 1736 sacrificia
1683 1706 1860 1738 offerantur
1878 1708 1945 1738 sine
1965 1709 2077 1746 farina,

1113 1744 1180 1775 vini
1203 1744 1365 1783 libamine,
1390 1750 1420 1776 et
1442 1746 1519 1778 oleo.
1567 1747 1682 1779 Visum
1706 1749 1781 1780 alibi
1805 1750 1881 1787 fuit,
1912 1750 2017 1781 Deum
2041 1751 2075 1782 in

1113 1787 1278 1818 sacrificiis
1301 1792 1334 1818 et
1356 1787 1587 1828 oblationibus,
1617 1801 1678 1830 quo
1708 1792 1816 1832 populi
1841 1792 1971 1823 ruditati
2001 1804 2075 1824 con-

1112 1830 1241 1867 suleret,
1273 1831 1454 1871 suscepisse
1477 1833 1711 1872 quodammodo
1736 1835 1873 1866 hominis
1896 1846 2075 1875 personam,

1112 1883 1148 1903 ac
1175 1873 1200 1903 si
1231 1873 1434 1905 familiariter
1456 1874 1520 1906 illic
1543 1876 1736 1916 epularetur.
1783 1877 1853 1916 Quo
1880 1889 1976 1909 sensu
2000 1879 2075 1910 alibi

1113 1916 1267 1946 sacrificia
1289 1916 1394 1947 cibum
1419 1928 1513 1948 suum
1538 1919 1691 1958 appellat:
1715 1930 1779 1950 non
1804 1920 1886 1960 quod
1911 1922 1996 1952 vitae
2019 1921 2074 1952 ad-

1113 1958 1273 1990 miniculis
1296 1959 1440 2000 indigeat
1467 1961 1520 2000 qui
1544 1971 1562 1992 a
1585 1972 1618 1993 se
1642 1963 1710 2002 ipso
1733 1963 1802 1994 vita
1823 1967 1872 1994 est
1894 1968 1927 1994 et
1949 1964 2003 2004 qui
2027 1965 2074 1995 vi-

1113 2006 1178 2032 tam
1214 2002 1361 2033 omnibus
1385 2002 1535 2042 inspirat,
1571 2004 1626 2035 sed
1657 2006 1732 2045 quia
1761 2006 1823 2037 nisi
1853 2005 1891 2036 ad
1926 2006 2075 2038 homines

1113 2044 1299 2082 descendat,
1335 2055 1461 2076 sursum
1487 2047 1632 2078 attollere
1656 2059 1719 2079 non
1743 2053 1846 2088 potest
1868 2059 1979 2080 eorum
2004 2050 2073 2080 ani-

1112 2097 1189 2118 mos.
1215 2087 1385 2118 Caeterum
1410 2088 1483 2128 quia
1507 2100 1545 2120 ex
1565 2090 1666 2121 altera
1690 2096 1779 2130 parte
1802 2091 1979 2131 periculum
2005 2098 2075 2123 erat

1112 2140 1153 2160 ne
1177 2129 1294 2160 multas
1318 2130 1429 2162 inanes
1453 2136 1483 2161 et
1507 2142 1722 2172 supervacuas
1746 2144 1879 2173 pompas
1908 2134 2075 2166 induceret

1112 2173 1247 2213 populus
1281 2172 1563 2213 (quemadmodum
1598 2176 1746 2207 videmus
1778 2176 1810 2206 in
1845 2177 1943 2208 sacris
1971 2177 2074 2217 epulis

1112 2220 1223 2255 gentes
1258 2215 1427 2247 immodice
1461 2221 1492 2247 et
1526 2217 1626 2248 stulte
1660 2219 1756 2249 fuisse
1787 2219 1944 2256 curiosas,
1979 2231 2015 2252 ac
2046 2221 2073 2252 si

1112 2259 1219 2289 Deum
1238 2258 1435 2289 oblectarent
1455 2259 1613 2301 lautitiae)
1632 2260 1859 2300 praescribitur
1878 2264 2071 2295 unuscuius-

1111 2312 1172 2341 que
1196 2301 1241 2331 rei
1266 2312 1431 2338 mensura,
1467 2312 1506 2332 ne
1536 2304 1610 2342 quid
1636 2314 1692 2343 pro
1717 2304 1848 2334 arbitrio
1872 2306 2072 2338 comminisci

1111 2343 1261 2374 audeant.
1317 2343 1495 2376 Probabilis
1530 2350 1637 2376 autem
1672 2346 1854 2377 coniectura
1892 2352 1954 2386 est,
1988 2350 2073 2388 quod

1111 2387 1188 2417 satis
1217 2387 1302 2417 clare
1333 2386 1486 2417 traditum
1517 2388 1621 2418 fuerat
1645 2399 1755 2419 rursus
1780 2389 1877 2420 fuisse
1901 2392 2072 2423 memoriae

1111 2429 1310 2460 mandatum.
1356 2429 1421 2460 Sed
1444 2431 1594 2469 quoniam
1619 2442 1656 2461 ca.
1678 2431 1758 2462 ratio
1782 2442 1845 2462 non
1869 2434 2071 2473 exprimitur,

1111 2478 1219 2503 tenere
1243 2472 1380 2503 sufficiat
1411 2472 1494 2511 quod
1525 2473 1692 2513 aliquoties
1716 2473 1836 2505 dictum
1859 2475 1933 2506 fuit:
1958 2487 2070 2516 quan]-

1110 2515 1160 2545 vis
1185 2525 1234 2545 res
1258 2515 1321 2545 sint
1344 2515 1424 2545 levis
1447 2517 1601 2546 momenti
1633 2517 1868 2554 caeremoniae,
1900 2517 2072 2559 diligenter

1110 2563 1217 2588 tamen
1247 2558 1425 2597 oportuisse
1457 2557 1617 2597 legitimas
1648 2559 1685 2589 ab
1709 2558 1898 2591 adulterinis
1922 2561 2071 2599 discerni,

1110 2605 1143 2630 ut
1173 2600 1301 2631 obviam
1330 2601 1430 2630 iretur
1463 2599 1631 2631 hominum
1666 2601 1833 2640 lasciviae,
1870 2604 1924 2643 qui
1953 2604 2071 2644 alioqui

1110 2642 1304 2674 fermentum
1329 2653 1420 2674 suum
1445 2643 1578 2673 miscere
1608 2654 1671 2674 non
1696 2643 1887 2676 desinerent.
1935 2646 2071 2678 Summa
