2304 3034
195 197 256 229 659

516 289 582 320 EX
606 288 757 320 LEVIT.
782 288 860 320 XX.

289 376 337 407 18.
361 375 538 415 Quicunque
557 374 717 406 dormierit
734 383 804 406 cum
815 374 969 405 meretrice
983 373 1004 415 ¹)
1024 385 1127 415 aeyra,
1147 378 1174 407 et

200 419 379 452 revelaverit
405 417 628 457 turpitudinem
655 417 736 455 eius,
768 417 884 456 fontem
917 417 986 448 eius
1019 417 1173 457 discoope-

201 462 314 498 ruerit,
344 461 413 499 ipsa
442 460 534 491 etiam
564 460 743 491 revelaverit
771 459 885 498 fontem
907 460 1076 500 sanyuinis
1103 461 1173 492 sui:

203 504 395 536 succidentur
418 503 504 534 ambo
526 513 540 534 e
562 503 661 534 medio
678 502 791 542 populi
813 502 874 533 sui.

287 588 358 619 Non
393 588 455 619 alio
489 587 594 618 tendit
627 587 687 619 hoc
722 592 931 628 praeceptum
965 587 1030 619 nisi
1063 590 1101 619 ut
1133 590 1173 622 ab

202 632 288 664 omni
312 631 466 671 spurcitia
494 629 610 662 remoti
640 630 707 661 sint
729 630 857 668 fideles,
888 640 925 662 ac
948 634 984 661 ut
1008 630 1094 663 inter
1119 643 1173 665 eos

202 675 312 716 vigeat
335 674 475 705 castitas.
495 673 622 704 Verum
646 672 776 713 quidem
800 678 865 711 est,
901 673 1072 705 mulierem
1091 685 1173 716 quae

202 717 378 749 menstruis
401 716 534 754 laborat,
558 716 627 756 ipsa
650 716 753 747 morbi
778 715 931 747 foeditate
952 717 1053 748 arceri
1073 727 1092 748 a
1110 718 1173 749 viri

203 760 390 793 concubitu:
414 759 537 790 aceedit
558 759 762 799 contagionis
780 759 978 799 periculum:
1006 759 1061 790 sed
1083 760 1174 792 Deus

203 802 288 844 apud
309 813 382 833 suos
405 803 507 843 magis
521 812 590 833 esse
603 802 708 833 voluit
720 801 894 842 pudicitiae
907 802 1063 843 magister
1076 813 1172 843 quam

204 846 296 886 fungi
319 844 434 876 medici
457 844 573 876 officio.
603 844 795 876 Tenendum
819 845 919 885 igitur
942 849 1006 876 est:
1030 847 1173 878 revocari

204 889 350 920 homines
381 887 420 918 ab
451 888 537 918 omni
568 887 780 928 turpitudine,
811 898 830 919 a
853 898 916 927 qua
939 893 1074 920 naturae
1098 900 1173 930 quo-

204 943 264 972 que
288 941 401 962 sensus
425 930 587 962 abhorret.
632 932 680 962 Ac
703 941 762 971 per
785 929 1008 971 synecdochen
1037 942 1172 963 monen-

204 978 258 1005 tur
287 974 441 1014 coniuges
473 980 509 1004 ut
537 972 597 1004 sibi
626 978 809 1014 temperent
838 974 877 1005 ab
912 974 1000 1004 omni
1024 974 1173 1014 pudenda

202 1017 353 1053 lascivia,
384 1027 420 1048 ac
449 1015 633 1048 verecunde
663 1017 801 1047 maritus
832 1026 866 1047 se
896 1016 1033 1048 oblectet
1062 1019 1173 1050 uxoris

202 1059 380 1099 complexu.

289 1102 337 1133 18.
366 1103 545 1141 Quicunque
565 1102 733 1133 dormierit.
779 1102 829 1132 Ex
853 1112 976 1142 poenae
995 1104 1099 1143 rigore
1120 1113 1171 1135 co·

202 1147 366 1186 gnosoitur
379 1145 508 1176 sceleris
521 1145 686 1176 atrocitas:
711 1149 742 1176 et
756 1155 834 1176 sane
854 1145 909 1175 ubi
929 1155 963 1176 se
982 1144 1022 1176 ad
1043 1149 1169 1177 tantum

202 1188 339 1220 dedecus
368 1188 545 1227 proiiciunt
577 1188 628 1218 vir
651 1195 683 1218 et
706 1188 837 1226 mulier,
867 1187 951 1218 nihil
981 1188 1113 1228 pudoris
1136 1190 1170 1220 in

201 1231 280 1271 ipsis
302 1230 470 1262 residuum
494 1241 563 1262 esse
587 1235 729 1271 apparet.
754 1231 868 1270 Itaque
892 1241 955 1261 non
975 1231 1070 1263 modo
1092 1232 1169 1263 faci-

202 1322 322 1357 petum,
348 1327 411 1356 quo
434 1317 479 1348 sic
499 1317 673 1356 rapiuntur
692 1316 839 1347 homines
858 1321 894 1347 ut
913 1317 1035 1357 abipsa
1054 1323 1170 1349 natura

203 1359 409 1400 degenerent.
464 1358 551 1398 Quid
581 1360 667 1390 enim
702 1360 865 1399 nequitiae
888 1359 1016 1400 fugeret
1045 1361 1100 1400 qui
1130 1360 1169 1392 ad

202 1408 327 1433 tautam
361 1403 648 1442 intemperantiam
685 1402 860 1440 delabitur,
896 1406 932 1433 ut
968 1403 1170 1435 obstaculum

202 1445 287 1485 quod
319 1446 437 1476 retinet
467 1447 553 1485 ipsas
584 1445 702 1476 bestias
733 1446 841 1477 furore
872 1455 929 1476 suo
960 1446 1170 1487 perrumpat?

202 1488 251 1519 Ne
273 1488 429 1519 miremur
452 1498 528 1528 ergo
553 1488 660 1519 Deum
684 1491 795 1519 tantae
830 1488 1058 1521 obscoenitatis
1081 1500 1171 1521 seve-

203 1542 275 1562 rum
302 1542 369 1562 esse
394 1531 541 1562 ultorem.

495 1676 560 1708 EX
581 1677 732 1707 LEVI'P.
753 1676 885 1708 XVIII.

293 1746 320 1775 1.
347 1745 506 1784 Loquutus
519 1747 561 1775 est
584 1747 685 1776 autem
710 1745 823 1775 Ielzova
840 1746 880 1777 ad
894 1745 1012 1783 Mosen,
1036 1746 1177 1777 dicendo:

207 1788 235 1818 2.
260 1787 427 1827 Alloquerc
447 1787 533 1825 filios
557 1787 659 1818 Israel
682 1790 708 1818 et
726 1788 775 1818 dic
794 1789 853 1819 eis:
876 1788 943 1829 Eyo
963 1788 1078 1820 Ieliova
1091 1788 1178 1820 Deus

206 1834 312 1861 vester.
365 1831 394 1861 3.
433 1830 607 1861 Secundum
641 1841 719 1869 opus
751 1833 851 1861 terrae
882 1832 1016 1873 Aeqypti
1049 1832 1081 1862 iu
1115 1842 1177 1871 qua

206 1873 378 1910 habitastis,
411 1884 445 1904 ne
472 1873 623 1912 feceritis:
654 1884 747 1913 neque
777 1875 943 1906 secundum
976 1884 1053 1913 opus
1081 1877 1178 1905 terrae

209 1916 358 1948 Ctanaan
384 1917 416 1947 in
441 1927 531 1954 (sicam
556 1927 606 1957 eyo
636 1917 793 1947 introduco
816 1928 876 1954 ros,
910 1918 1059 1957 feceritis:
1089 1920 1115 1948 et
1144 1918 1178 1948 in

207 1960 332 1990 statutis
363 1969 465 1990 eorum
494 1969 531 1990 ne
558 1959 726 1990 ambuletis.
784 1960 813 1990 4.
839 1960 965 1992 Iudicia
988 1970 1054 1990 nica
1076 1961 1176 1999 facite,

209 2005 235 2032 et
263 2005 376 2033 statuta
409 2013 476 2033 inea
505 2002 674 2041 observate,
708 2005 741 2033 ut
764 2003 796 2033 in
819 2003 900 2042 ipsis
922 2003 1096 2034 ambuletis.-
1128 2012 1179 2043 eqo

210 2044 326 2075 Ielzora
348 2045 434 2076 Deus
460 2047 563 2076 vester.

467 2190 531 2221 EX
554 2190 720 2221 EODEM
745 2190 921 2222 CAPITE.

295 2259 322 2288 6.
352 2259 447 2289 Νωηο
471 2259 512 2289 αι]
529 2260 741 2298 propinquant
769 2260 874 2290 carnis
897 2269 972 2289 suae
996 2258 1116 2289 accedat
1138 2257 1180 2288 ad

213 2301 404 2332 ›mlandmn
430 2302 653 2340 turpitudinem
663 2314 670 2332 :
692 2312 742 2341 ell0
768 2302 892 2332 [ebora.
941 2302 967 2332 7.
996 2300 1179 2339 Turpitucli-

212 2355 275 2374 nrm
299 2345 401 2383 patris
424 2346 469 2375 tui
493 2347 519 2374 et
543 2345 766 2383 turpitudinem
789 2345 900 2375 matris
923 2347 992 2374 turre
1015 2354 1072 2374 non
1097 2353 1180 2373 rere-
1204 2367 1205 2384 3
1230 2365 1321 2396 culus
1345 2366 1449 2404 neptis
1472 2378 1562 2396 ww,
1587 2366 1725 2406 denique
1749 2367 1880 2406 pudoris
1905 2368 1994 2398 obliti
2029 2367 2107 2398 dum
2126 2375 2198 2407 post

1204 2389 1205 2392 1
1435 2388 1440 2395 A
1472 2389 1476 2395 ι
1511 2387 1517 2396 (
1544 2389 1562 2397 r·
2000 2391 2005 2402 ³

212 2387 305 2417 labis:
330 2390 425 2417 >miter
447 2390 498 2417 tam
523 2390 573 2418 (ast.
600 2398 656 2417 non
682 2387 829 2418 revelabis
851 2386 1075 2425 turpitudinem
1098 2387 1179 2416 eius:

213 2430 240 2459 8,
272 2430 506 2469 'l'm-Jmtutlinern
531 2431 638 2461 catoris
656 2431 760 2469 putris
783 2431 829 2460 tui
852 2440 911 2460 non
930 2429 1095 2460 revelabis:
1118 2431 1180 2458 tur-

211 2473 317 2510 pitudo
339 2474 440 2511 patris
465 2474 510 2503 tui
533 2475 583 2503 «st.
630 2473 658 2503 9.
687 2473 925 2511 Turpitudincni
952 2472 1069 2501 sororis
1099 2474 1178 2507 tuae,

212 2515 295 2552 (iliae
322 2516 423 2553 [fatris
452 2519 512 2553 ίαν,
543 2518 597 2546 aut
624 2516 710 2554 filiae
740 2516 849 2546 inatris
872 2518 949 2551 tuae,
977 2525 1056 2553 quae
1075 2514 1179 2554 genita

213 2560 254 2584 1⁵!
277 2558 359 2586 (lomi
385 2558 427 2588 rel
450 2560 553 2598 yenita
579 2561 620 2588 ese
641 2559 735 2597 foris,
764 2569 823 2588 nun
847 2556 994 2588 rvi-elatis
1015 2556 1180 2596 turpitudi-

301 2651 327 2681 ἲ)
346 2652 388 2675 >ic
407 2651 465 2676 edd.
485 2652 593 2676 lamnae.
618 2651 701 2681 Imtse:
721 2651 838 2676 muliere.

901 195 1104 230 SEPTIMU
1106 197 1142 228 M
1163 197 1485 230 PRAEOEPTUM.

2131 197 2196 229 660

1225 302 1293 323 nem
1305 302 1422 324 earum.
1459 293 1508 325 10.
1535 292 1777 333 Turpitudinem
1793 290 1879 330 filiae
1893 290 1956 330 filii
1968 291 2024 329 tui,
2046 291 2092 323 vel
2107 291 2194 331 filiae

1223 334 1311 374 filiae
1340 338 1410 367 tuae
1438 346 1500 367 non
1528 335 1693 373 revelabis,
1727 334 1803 374 quia
1832 333 1993 373 turpitudo
2026 335 2081 365 tua
2112 337 2193 367 sunt.

1227 377 1276 409 11,
1304 378 1332 409 T
1331 379 1543 418 urpitudinem
1563 378 1648 417 filiae
1670 377 1779 409 uxoris
1795 377 1903 416 patris
1925 376 1985 415 tui,
2009 376 2112 416 prolis
2135 388 2195 417 pa-

1224 421 1283 452 tris
1304 421 1360 457 tui,
1383 431 1463 461 quae
1484 431 1572 453 soror
1595 423 1651 452 tua
1675 422 1727 457 est,
1751 429 1812 451 non
1834 419 1992 451 revelabis.
2038 419 2087 450 12.
2114 419 2194 451 Tur-

1219 463 1396 502 pitudinem
1418 464 1533 496 sororis
1551 464 1657 504 patris
1687 463 1733 493 tui
1754 472 1814 493 non
1836 462 2002 502 revelabis-3
2030 472 2103 493 nam
2124 472 2193 494 con-

1224 507 1397 546 sanguinea
1421 507 1526 547 patris
1556 507 1601 537 tui
1631 508 1682 537 est.
1729 505 1778 536 13.
1806 504 2047 545 Turpitudinem
2073 506 2195 538 sororis

1224 549 1336 580 matris
1357 552 1428 581 tuae
1450 560 1510 580 non
1532 548 1698 585 revelabis,
1733 557 1807 579 nam
1835 548 2063 588 consanyuinea
2082 548 2195 580 matris

1224 594 1295 623 tuae
1324 595 1375 624 est.
1428 592 1478 624 14.
1512 591 1751 631 Turpitudinem
1779 590 1895 630 fratris
1916 591 2025 630 patris
2059 591 2105 622 tui
2134 601 2194 622 non

1224 634 1381 673 revelabis,
1414 635 1456 667 ad
1489 644 1618 666 umorem
1652 634 1720 665 eius
1753 643 1813 665 non
1843 633 1978 665 accedes:
2013 644 2086 665 nam
2113 644 2195 665 uxor

1222 677 1337 717 fratris
1352 678 1460 717 patris
1482 678 1527 709 tui
1550 680 1601 708 est.
1649 676 1697 708 15.
1733 676 1972 716 Turpitudinem
2000 687 2102 708 nurus
2122 678 2195 708 tuae

1225 730 1286 751 non
1308 720 1474 752 revelabis:
1495 730 1574 751 uxor
1595 719 1656 760 filii
1684 719 1731 750 tui
1754 723 1811 755 est.
1845 729 1905 751 non
1926 719 2074 751 revelabis
2096 720 2196 760 twrpi—

1225 763 1361 794 tudinem
1384 764 1460 795 eius.
1507 763 1555 794 16.
1588 762 1829 800 Turpitudinem
1862 762 1973 794 uxoris
2000 762 2114 802 fratris
2146 762 2194 794 tui

1224 816 1284 837 non
1305 806 1460 842 revelabis,
1484 806 1558 846 quia
1577 805 1736 845 turpitudo
1752 805 1866 845 fratris
1884 805 1930 836 tui
1948 807 2000 836 est.
2042 805 2092 837 17.
2114 804 2195 837 Tur—

1219 848 1395 888 pitudinem
1419 849 1561 880 mulieris
1582 850 1608 879 et
1628 847 1715 887 filiae
1737 848 1804 880 eius
1825 858 1884 879 non
1906 847 2071 880 revelabis:
2091 847 2193 888 filiam

1222 891 1283 930 filii
1305 892 1372 923 eius
1394 895 1421 923 et
1437 892 1537 931 filiam
1558 891 1644 931 filiae
1667 891 1733 922 eius
1755 901 1816 922 non
1839 891 1970 931 accipies
1992 891 2034 923 ad
2055 891 2193 923 revelan-
2238 922 2241 929 .

1224 934 1297 966 dam
1332 935 1557 974 turpitudinem
1589 934 1671 965 eius.-
1699 934 1945 974 consanyuineae
1977 936 2063 974 sunt,
2096 933 2193 966 scelus

1224 979 1275 1008 est.
1323 977 1371 1009 18.
1404 977 1569 1009 Mulierem
1600 987 1716 1016 quoquc
1741 987 1809 1008 cum
1832 987 1934 1009 sorore
1954 987 2014 1008 sua
2035 987 2094 1009 non
2116 977 2194 1009 acci-

1218 1020 1289 1060 pies
1311 1021 1353 1052 ad
1376 1020 1576 1060 afsliyendum
1597 1022 1625 1051 et
1651 1019 1851 1052 revelandum
1873 1020 2096 1060 turpitudinem
2125 1020 2193 1052 eius

1222 1065 1326 1094 contra
1339 1062 1363 1105 ¹)
1385 1073 1453 1094 eam
1476 1063 1508 1094 iu
1532 1063 1595 1094 vita
1613 1073 1681 1094 sua.

1496 1251 1561 1282 EX
1584 1250 1782 1282 DEUTER.
1805 1250 1922 1283 XXII.

1311 1336 1353 1368 30
1363 1336 1398 1378 ²).
1425 1336 1495 1367 Non
1516 1337 1644 1376 accipiet
1666 1337 1833 1377 quisquam
1856 1348 1983 1370 uxorem
2001 1339 2107 1378 patris
2135 1340 2196 1377 sui,

1224 1390 1319 1418 neque
1341 1379 1538 1419 discooperiet
1561 1390 1649 1411 oram
1666 1380 1773 1420 patris
1795 1381 1855 1411 sui.

1312 1465 1419 1496 Levit.
1447 1465 1494 1501 18,
1519 1466 1545 1495 1.
1598 1465 1762 1505 Loquutus
1784 1469 1836 1497 est.
1883 1466 1980 1498 Hane
1999 1469 2195 1499 sententiam

1227 1509 1313 1539 inter
1336 1508 1415 1538 alias
1438 1507 1560 1539 similes
1581 1519 1644 1539 non
1669 1508 1764 1539 retuli
1788 1519 1870 1548 quae
1893 1509 1932 1540 ad
1956 1511 2195 1551 praeparandos

1228 1552 1351 1582 animos
1374 1550 1572 1590 spectabant,
1596 1556 1633 1581 ut
1657 1558 1845 1582 reverenter
1870 1552 1974 1593 legem
1998 1554 2195 1594 exciperent,

1228 1595 1318 1634 quia,
1349 1599 1514 1632 utcunque
1546 1594 1642 1625 verba
1672 1595 1885 1633 conveniant,
1915 1597 1947 1626 in
1982 1606 2017 1627 re
2040 1607 2196 1637 magnum

1228 1642 1278 1667 est
1308 1637 1496 1667 discrimen:
1527 1637 1602 1667 illae
1631 1638 1717 1668 enim
1741 1638 1873 1668 fuerunt
1902 1639 2085 1678 generales,
2116 1639 2196 1671 haec

1227 1690 1304 1710 vero
1328 1679 1532 1719 peculiariter
1554 1680 1594 1710 ad
1617 1686 1714 1720 caput
1737 1691 1839 1711 unum
1858 1682 2077 1722 restringitur.
2130 1682 2197 1714 Ne·

1228 1733 1288 1762 que
1331 1723 1417 1753 enim
1461 1723 1653 1762 simpliciter
1687 1734 1773 1754 nunc
1808 1724 1878 1755 Deo
1911 1725 2113 1764 propositum
2147 1732 2197 1756 est

1227 1765 1381 1806 populum
1406 1765 1445 1795 ad
1470 1765 1549 1805 legis
1572 1765 1715 1796 studium
1740 1766 1875 1805 hortari,
1898 1767 1953 1798 sed
1978 1768 2017 1798 ad
2044 1778 2196 1808 praesen-

1228 1814 1292 1839 tem
1315 1818 1445 1839 causam
1469 1808 1619 1849 dirigitur
1648 1819 1754 1840 sermo
1783 1808 1822 1840 de
1850 1809 2020 1841 servandis
2049 1811 2195 1843 statutis:

1229 1852 1321 1882 sicuti
1345 1862 1402 1881 sua
1426 1856 1456 1881 et
1479 1852 1625 1891 gentium
1647 1856 1770 1883 statuta
1793 1864 1857 1884 non
1882 1853 2044 1893 quaelibet
2067 1854 2195 1885 indiffe-

1229 1900 1339 1924 renter
1373 1899 1479 1930 notat,
1516 1895 1570 1925 sed
1610 1895 1781 1935 restringit
1814 1896 1853 1926 ad
1884 1897 2062 1928 subiectam
2094 1903 2197 1928 mate-

1229 1938 1319 1972 riam,
1344 1944 1379 1967 ut
1404 1937 1596 1976 loquuntur:
1627 1944 1724 1977 atque
1747 1938 1793 1969 ita
1816 1949 1874 1979 per
1897 1944 2019 1970 statuta
2048 1940 2196 1980 gentium

1229 1980 1429 2018 corruptelas
1462 1980 1616 2020 intelligit
1652 1991 1732 2020 quae
1768 1992 1882 2021 puram
1920 1981 1984 2013 Dei
2017 1982 2197 2014 institutio-

1230 2033 1303 2053 nem
1328 2024 1359 2052 in
1384 2033 1472 2053 sacro
1496 2024 1645 2063 coniugio
1668 2030 1904 2063 perverterant.
1951 2025 2062 2056 Primo
2087 2031 2198 2056 autem

1204 2075 1205 2096 1
1230 2072 1318 2096 vetat
1347 2076 1386 2096 ne
1417 2066 1558 2106 Aegypti
1583 2077 1707 2097 morem
1739 2073 1932 2106 sequantur,
1964 2067 2081 2099 deinde
2112 2078 2198 2098 com-

1230 2108 1403 2148 prehendit
1433 2120 1543 2140 omnes
1571 2109 1707 2149 populos
1736 2109 1905 2141 Chanaan.
1950 2110 2035 2141 Nam
2064 2116 2101 2141 ut
2125 2111 2194 2142 libi-

1230 2151 1334 2181 dinosi
1374 2158 1447 2182 sunt
1477 2152 1678 2189 Orientales,
1718 2163 1884 2192 nunquam
1918 2153 1984 2184 ulla
2014 2153 2098 2192 apud
2146 2164 2200 2184 eos

1231 2194 1344 2233 religio
1378 2195 1437 2224 fuit
1471 2206 1504 2225 se
1538 2196 1682 2235 polluere
1716 2196 1847 2226 incestis
1880 2196 2045 2236 coniugiis.
2091 2195 2198 2235 Quam

1231 2248 1306 2268 vero
1337 2237 1396 2267 hac
1426 2239 1457 2267 iu
1488 2244 1580 2278 parte
1610 2239 1768 2269 effraenes
1802 2239 1922 2269 fuerint
1952 2240 2121 2279 Aegyptii,
2157 2250 2198 2270 ex

1230 2280 1374 2310 historiis
1398 2280 1470 2319 plus
1493 2281 1572 2311 satis
1592 2286 1688 2321 patet.
1713 2282 1908 2321 Coniugium
1932 2282 2052 2313 sororis
2071 2292 2197 2322 germa—

1231 2333 1291 2353 nae
1315 2333 1380 2352 non
1404 2323 1572 2354 exhorruit
1596 2325 1710 2359 frater,
1735 2335 1838 2364 neque
1860 2330 1995 2364 patruus
2019 2325 2070 2355 vel
2095 2336 2197 2356 avun-

1230 2409 1510 2447 intemp··1·antia1n
1535 2420 1625 2440 suan]
1651 2410 1837 2449 rapiuntur,
1864 2411 1973 2441 omnia
2002 2411 2073 2441 iura
2102 2416 2198 2441 natu-

1232 2462 1285 2481 rae
1308 2451 1480 2482 calcarunt.
1507 2452 1595 2483 llaec
1620 2454 1702 2483 ratio
1725 2459 1774 2483 est
1797 2463 1854 2483 cur
1878 2454 2020 2485 incestus
2036 2453 2088 2485 hic
2110 2454 2198 2484 Deus

1231 2501 1404 2524 recenseat.
1430 2505 1564 2532 quorun]
1586 2495 1703 2535 alioqui
1722 2507 1923 2534 supervacua
1935 2497 2048 2527 fuisset
2067 2497 2197 2527 mentio.

1320 2614 1346 2645 1)
1366 2613 1398 2637 ln
1421 2615 1552 2644 maraine:
1574 2615 1630 2645 Vol,
1650 2625 1731 2648 super
1752 2625 1818 2641 canl.

1319 2648 1348 2681 2)
1367 2648 1448 2672 Hvbr.
1468 2648 1508 2678 ⁴23,
1530 2648 1551 2673 l.
