2304 3034
169 200 227 231 187

167 293 258 325 lubili
290 291 416 322 vinculo
441 289 586 320 homines
616 288 648 317 in
674 292 786 317 mutua
809 285 962 316 societate
985 293 1017 316 et
1039 285 1135 316 bene-

168 336 310 366 volentia
342 334 494 369 retineat,
526 331 614 361 varie
649 329 842 369 dispensans
865 338 923 359 sua
951 327 1042 365 dona,
1079 338 1136 359 nee

169 387 363 419 quemquam
387 374 489 405 solida
520 374 713 413 perfectione
744 381 842 411 supra
873 369 1004 401 modum
1035 371 1135 402 extol-

169 423 248 458 lens,
273 420 351 449 alios
375 418 446 448 aliis
470 417 599 456 obligat.
632 416 719 445 Vere
742 424 820 454 ergo
844 413 956 444 scribit
978 413 1135 453 Augusti-

169 475 244 496 nus.
271 463 375 492 Deum
403 461 436 490 in
468 460 527 490 hoc
553 466 624 489 actu
648 457 838 488 humiliasse
861 466 990 486 servum
1023 466 1136 488 suum:

168 503 437 545 quomadmodum
462 502 584 532 Paulus
608 501 707 531 refert
735 500 794 531 sibi
819 499 971 539 colaphos
995 510 1064 530 esse
1087 500 1135 530 in-

167 549 270 580 flictos
294 557 352 586 per
374 545 526 585 angelum
551 545 664 580 Satan,
700 554 741 573 ne
765 541 946 573 sublimitas
965 542 1135 573 revelatio-

168 602 246 622 num
271 589 368 619 nimis
391 599 463 619 eum
489 587 659 618 extolleret
683 585 724 626 (2.
751 585 825 615 Cor.
850 584 898 621 12,
924 583 965 625 Τ).

254 633 302 663 15.
327 630 369 662 Et
391 631 547 669 respondit
565 629 669 660 Moses
687 638 795 659 socero.
833 627 980 667 Ingenuo
1004 637 1135 667 respon-

168 676 220 707 det
245 675 353 706 Moses
376 681 530 713 tanquam
556 673 594 703 de
618 682 652 702 re
676 671 819 701 maxime
837 669 1009 705 laudanda,
1031 677 1067 700 ut
1082 670 1136 710 qui

167 718 288 750 nullius
313 717 383 748 vitii
408 716 554 747 conscius
585 714 645 745 sibi
669 720 746 744 erat.
795 712 837 744 Se
869 713 954 743 enim
985 712 1047 743 Dei
1076 714 1134 743 mi-

169 763 322 797 nistrum,
358 766 388 790 et
419 759 552 798 spiritus
584 758 653 788 cius
676 766 834 796 organum
860 766 929 786 esse
958 758 1135 794 profitetur.

168 805 236 836 Nee
260 814 336 834 vero
360 804 390 833 in
416 801 638 841 quaestionem
660 800 770 830 venire
789 799 896 839 potuit
915 798 983 829 eius
1003 798 1081 829 fides
1100 808 1137 829 ac

168 847 346 887 integritas.
394 845 430 875 In
456 855 491 875 eo
515 849 642 874 tantum
667 843 827 882 peccabat,
858 841 941 880 quod
965 852 998 872 se
1022 841 1136 872 immo-

170 891 240 921 dico
263 889 371 919 labore
394 888 548 921 obruens,
580 896 683 925 neque
712 885 773 916 sibi
797 884 961 924 privatim,
998 895 1054 915 nec
1077 894 1135 923 pu-

169 933 250 963 blice
273 932 342 961 aliis
374 929 523 960 omnibus
553 929 744 960 consuleret.
798 928 971 958 Caeterum
1000 938 1039 957 ex
1069 927 1137 957 01115

170 975 275 1006 verbis
309 973 472 1013 colligitur
509 972 598 1003 utilis
628 972 782 1002 doctrina.
838 970 927 1001 Dicit
960 970 1137 1009 litigatores

170 1019 280 1049 venire
312 1016 350 1047 ad
377 1017 481 1046 Deum
515 1014 747 1054 quaerendum,
777 1024 810 1043 se
842 1023 920 1044 vero
951 1012 1065 1044 docere
1092 1012 1136 1042 le-

170 1072 225 1101 ges
254 1067 285 1090 et
315 1064 437 1090 statuta
470 1058 541 1088 Dei.
587 1057 682 1089 Unde
706 1057 867 1096 sequitur,
896 1055 959 1086 huc
994 1061 1138 1095 spectare

169 1103 334 1143 politicum
367 1102 530 1136 ordinem,
565 1106 602 1131 111
637 1105 779 1130 ereetum
814 1100 855 1130 sit
891 1097 961 1128 Deo
995 1098 1137 1129 tribunal

168 1147 201 1177 iu
225 1152 320 1181 terra,
346 1145 377 1175 in
403 1155 464 1183 quo
487 1143 604 1174 iudicis
627 1153 747 1173 munus
771 1148 929 1179 exerceat,
955 1152 994 1171 ne
1018 1141 1138 1172 iudices

169 1197 200 1219 et
224 1189 434 1228 magistratus
465 1187 642 1227 potentiam
671 1186 730 1216 sibi
756 1189 909 1225 arrogent
939 1184 1037 1215 nullis
1060 1184 1137 1223 legi-

169 1232 228 1262 bus
263 1230 455 1265 subiectam,
486 1240 525 1260 110
556 1229 617 1260 sibi
647 1228 821 1268 quidquam
845 1238 902 1267 pro
926 1227 1058 1257 libidine
1089 1227 1137 1257 vel

169 1275 302 1306 arbitrio
338 1273 510 1304 decernere
544 1273 752 1311 permittant,
789 1281 828 1301 ne
863 1270 1001 1309 denique
1035 1269 1074 1300 ad
1105 1280 1138 1300 se

169 1317 301 1348 trahant
332 1316 415 1355 quod
446 1315 508 1346 Dei
539 1315 708 1354 proprium
736 1318 792 1344 051.
843 1313 936 1344 Tune
966 1312 1052 1343 enim
1088 1312 1139 1342 de-

170 1371 258 1391 mum
283 1359 379 1399 probe
403 1370 436 1389 se
460 1364 573 1398 gerent
597 1357 824 1397 magistratus,
855 1357 881 1387 si
916 1356 978 1386 Dei
1002 1356 1138 1386 vicarios

170 1414 203 1433 se
227 1413 296 1433 esse
319 1402 537 1432 meminerint.
562 1400 689 1440 Religio
714 1400 811 1430 etia-m
835 1399 984 1429 omnibus
1004 1398 1139 1438 privatis

169 1446 324 1481 iniicitur,
350 1455 388 1475 ne
408 1452 528 1475 temere
549 1443 646 1474 fidem
668 1443 719 1473 vel
740 1442 896 1472 auxilium
917 1442 1057 1472 iudicum
1078 1441 1137 1471 iin-

170 1489 306 1528 plorent,
321 1488 374 1518 sed
390 1488 515 1518 siucero
528 1487 646 1518 affeetu
667 1486 743 1516 illuc
762 1485 917 1516 accedant
930 1490 1084 1524 tanquam
1099 1483 1137 1514 ad

171 1532 277 1562 Deum
291 1530 518 1570 quaerendum.
541 1529 696 1569 Quisquis
711 1529 796 1559 enim
811 1527 896 1558 aliud
910 1528 1031 1567 appetit
1044 1536 1138 1566 quam

171 1574 293 1605 discere
324 1584 362 1603 ex
393 1584 448 1603 ore
475 1573 683 1612 magistratus
713 1570 788 1611 quid
811 1577 935 1602 rectum
960 1581 995 1601 ae
1019 1570 1138 1600 iustum

172 1618 223 1648 sit.
244 1616 400 1653 sacrilega
419 1616 553 1646 audacia
573 1615 676 1645 locum
689 1615 780 1645 illum
795 1614 864 1645 Deo
878 1613 1015 1644 dicatum
1032 1612 1136 1643 violat.

260 1660 305 1689 17.
334 1655 419 1689 Time
441 1659 521 1689 (lint
544 1668 626 1689 socer
651 1657 761 1688 Mosis.
801 1657 872 1687 Non
896 1656 1028 1686 damnat
1047 1666 1139 1696 prae-

172 1703 235 1734 cise
260 1710 359 1732 totam
383 1703 471 1732 illam
497 1702 654 1732 rationem
676 1711 771 1740 quam
796 1707 869 1730 aute
894 1707 1048 1739 sequutus
1071 1703 1141 1729 erat

172 1746 280 1776 Moses
303 1744 410 1785 (sicuti
433 1744 552 1774 morosi
572 1744 729 1779 homines,
755 1743 804 1773 vel
829 1742 982 1782 protervi,
1002 1741 1054 1772 vel
1073 1752 1140 1771 am-

171 1788 293 1821 bitiosi,
330 1787 485 1827 pusillum
524 1787 630 1817 nescio
662 1785 738 1825 quid
767 1785 944 1825 carpendo.
975 1784 1141 1824 praeclara

171 1832 306 1862 aliorum
332 1832 413 1861 saeta
436 1829 633 1870 obscurant,)
657 1829 711 1859 5011
738 1836 864 1859 tantum
889 1834 1010 1868 partem
1043 1837 1139 1857 unam

171 1874 350 1914 corrigens,
383 1872 464 1903 nihil
495 1873 532 1903 de
563 1874 648 1903 iusta
678 1872 773 1902 laude
802 1871 887 1902 Mosi
922 1870 1077 1907 detrahit,
1109 1874 1141 1900 et

172 1917 221 1947 ius
252 1916 335 1956 quod
367 1916 457 1946 Deus
487 1915 668 1947 contulerat
698 1916 857 1945 intactum
891 1914 1053 1953 relinquit.
1100 1913 1139 1942 In

172 1970 234 1999 quo
266 1959 407 1990 notanda
442 1967 487 1989 est
523 1959 591 1989 eius
625 1958 817 1992 moderat-io,
852 1957 935 1996 quod
970 1962 1139 1996 praetextu

175 2003 241 2032 vitii
267 2002 471 2042 partieufaris
495 2012 559 2031 non
585 2000 729 2031 abutitur
752 2000 790 2030 ad
816 1999 1007 2030 mutandum
1028 2009 1138 2029 verum
1165 2022 1166 2031 ,

175 2045 337 2075 ordinem:
376 2045 430 2075 sed
467 2051 593 2074 1110111111
636 2044 789 2074 admonet
825 2043 984 2082 quomodo
1020 2042 1141 2072 utiliter

174 2089 305 2127 exsequi
325 2088 423 2127 possit.
443 2088 550 2118 Moses
574 2094 682 2126 partes
706 2086 764 2117 sibi
789 2085 946 2116 divinitus
969 2085 1139 2115 iniunctas.
1165 2111 1166 2122 ,

745 2128 853 2160 Audet
876 2128 1005 2168 quidem
1031 2127 1140 2157 Iothro
1165 2125 1167 2129 ‘

262 2131 309 2161 19.
336 2130 508 2161 Consilium
532 2130 587 2160 tihi
609 2129 694 2160 dabo.

175 2173 297 2204 felicem
323 2182 473 2204 eventum
500 2173 702 2212 promittere,
733 2172 760 2203 si
783 2172 916 2202 consilio
939 2182 995 2201 suo
1018 2170 1140 2200 obtem-

175 2223 265 2255 peret
300 2216 423 2246 Moses:
466 2227 568 2255 noque
603 2220 710 2245 tamen
746 2215 882 2254 superbe
916 2214 1014 2244 iactat
1054 2213 1140 2243 hunc

175 2262 240 2289 for«-
264 2259 456 2299 prudentiae
485 2269 561 2289 50110
593 2259 735 2289 fructum
759 2257 814 2287 scd
840 2257 899 2287 Dei
927 2255 1139 2286 benedictioni

175 2309 204 2332 et
230 2303 353 2341 0111111ιο
377 2302 537 2337 adscribit,
574 2302 598 2331 si
623 2311 776 2340 prospere
800 2299 941 2331 succedit
965 2299 1061 2329 etiam
1086 2299 1139 2329 ubi

176 2344 255 2374 nihil
282 2345 341 2375 nisi
365 2345 484 2383 optima
509 2345 632 2374 ratione
656 2343 847 2374 instituitur.
885 2342 956 2373 Hoc
979 2342 1066 2371 enim
1090 2351 1139 2371 so-

177 2394 231 2417 nat
257 2388 407 2426 loquutio,
432 2387 602 2418 eonsilium
626 2387 685 2417 sibi
710 2396 886 2421 occurrere,
911 2384 994 2424 quod
1019 2384 1045 2414 si
1071 2384 1138 2414 Mo-

177 2441 226 2460 ses
257 2437 423 2469 stt-quatur.
456 2431 545 2460 Deus
577 2429 752 2460 benedicet.
804 2428 915 2467 Neque
945 2432 1052 2457 tamen
1084 2426 1139 2456 ob—

178 2480 293 2503 tren-tat
325 2473 424 2504 Mosi.
456 2473 546 2511 quasi
583 2472 634 2512 pio
665 2473 733 2502 eins
764 2471 871 2501 studio
901 2476 931 2500 et
962 2469 1139 2499 industriae
1164 2468 1166 2496 J

178 2515 332 2545 haetenus
357 2526 417 2545 11011
443 2515 581 2546 adsuerit
597 2516 698 2545 Deus:
723 2514 799 2553 quin
824 2513 931 2553 potius
950 2511 1140 2549 subindicat,

180 2559 284 2588 ‚Uvuin
306 2569 375 2588 0550
402 2558 495 2589 liuius
519 2558 644 2589 consilii
668 2564 825 2593 autorem,
850 2555 933 2595 quod
958 2555 1062 2594 gratia
1082 2565 1140 2584 sua

180 2608 399 2639 prosequetur.
426 2601 463 2630 In
478 2611 614 2637 summa,
638 2604 734 2639 negat
754 2610 787 2630 se
807 2598 868 2629 hue
882 2597 1014 2628 tendere
1034 2603 1070 2627 ut
1091 2598 1138 2628 vel

180 2644 340 2673 tantillum
373 2643 530 2673 diminuat
564 2655 603 2674 ex
631 2644 691 2673 lici
722 2642 827 2683 gratia
860 2651 955 2680 quani
989 2645 1141 2680 expertus

717 193 1085 225 COMMENTARIUS
1109 193 1158 224 IN
1183 191 1331 223 EXODI
1354 191 1451 224 OAP.
1477 192 1607 223 XVIII.

1165 2551 1166 2561 ¹
1193 2554 1352 2584 rationem
1388 2552 1456 2581 Deo
1488 2552 1654 2583 reddituri.

2095 191 2155 223 188

1188 292 1257 316 erat
1280 286 1403 316 Moses:
1434 285 1489 317 sed
1513 286 1643 316 modum
1673 283 1842 316 ostendere
1871 295 1965 323 quem
1996 285 2086 316 Deus
2109 285 2156 316 ef-

1188 328 1274 359 fectu
1309 327 1537 368 comprobabit.
1595 328 1752 368 Sequitur
1791 326 1906 358 deiude
1940 327 2041 358 altera
2080 338 2156 368 pars

1188 382 1286 411 quam
1321 372 1431 411 attigi,
1468 382 1583 411 nempe
1618 371 1701 411 quod
1735 372 1805 400 iure
1838 380 1897 400 suo
1930 381 1995 401 non
2037 371 2156 410 spoliat

1188 414 1319 452 Mosen,
1350 420 1385 444 ut
1407 414 1467 444 Dei
1499 414 1697 445 vocationem
1729 417 1862 449 evertat,
1897 412 1953 443 sed
1975 413 2083 452 potius
2115 413 2156 445 ad

1187 457 1387 496 pergendum
1414 456 1579 492 hortando,
1604 456 1687 495 quod
1712 455 1811 486 semel
1835 465 1852 484 a
1874 455 1942 485 Deo
1967 455 2155 487 mandatum

1188 506 1244 537 est,
1268 499 1340 530 vult
1364 500 1464 530 fixum
1490 504 1521 529 et
1544 498 1729 529 inviolabile
1754 508 1893 528 manere.
1927 497 1998 528 Hoc
2021 498 2084 528 iam
2108 499 2156 529 di-

1190 542 1326 581 ligenter
1349 541 1531 582 expendere
1554 542 1714 577 convenit,
1739 541 1872 571 consilia
1895 551 1935 571 ex
1960 540 2100 572 utilitate
2123 545 2157 572 et

1189 585 1285 615 rebus
1309 585 1394 615 natis
1419 585 1463 615 sic
1488 584 1604 615 debere
1627 585 1696 624 eapi
1717 591 1752 614 ut
1773 583 1833 614 Dei
1857 583 2053 614 ordinationi
2073 583 2156 614 nihil

1189 627 1335 658 decedat:
1366 628 1440 666 quia
1464 628 1552 658 nefas
1576 632 1626 658 est
1648 628 1681 657 in
1705 627 1924 666 quaestionem
1949 625 2077 656 trahere
2100 636 2156 666 pa-

1189 670 1325 701 rendum
1351 671 1391 700 sit
1416 681 1516 700 necne
1539 671 1608 700 eius
1632 670 1775 708 imperio.
1821 669 1938 709 Itaque
1966 668 2156 700 maledictae

1189 718 1265 744 suut
1295 712 1558 750 deliberationes,
1593 711 1708 752 quibus
1743 711 1865 750 aliquid
1898 712 1933 742 in
1966 711 2027 742 Dei
2057 712 2156 743 verbo

1189 761 1323 793 mutare,
1349 756 1398 786 vel
1424 766 1482 785 nos
1505 762 1597 785 extra
1621 755 1797 785 vocationis
1822 759 1950 785 nostrae
1973 760 2076 786 metas
2099 754 2155 786 ab·

1190 798 1306 829 ducere
1330 799 1528 838 propositum
1553 806 1609 828 051.
1659 798 1817 835 Diximus,
1841 796 1959 828 molem
1979 797 2067 827 illam
2092 808 2154 837 qua

1189 842 1433 880 opprimebatur
1457 841 1581 875 Moses,
1607 851 1668 871 non
1694 841 1792 871 fuisse
1816 850 1834 870 a
1858 839 1927 870 Deo
1950 840 2154 880 impositam:

1189 883 1244 914 sed
1269 888 1396 914 tantum
1421 883 1537 924 populo
1561 884 1660 913 fuisse
1685 883 1797 913 ducem
1817 883 2025 922 praefectum,
2050 882 2156 922 quoad

1189 928 1288 958 ferret
1312 927 1380 957 eius
1404 927 1547 957 facultas.
1595 926 1666 957 Hoc
1691 927 1848 957 intactum
1869 926 2023 966 relinquit
2035 926 2155 964 Iethro,

1189 970 1332 1010 adeoque
1356 970 1523 1000 confirmat
1548 979 1583 999 ac
1607 969 1633 999 si
1665 968 1794 999 coelesti
1826 969 1952 999 decreto
1976 968 2156 1000 subscribe-

1190 1018 1246 1044 ret.
1294 1012 1378 1051 Quia
1401 1012 1521 1042 electus
1545 1016 1613 1041 erat
1637 1017 1791 1051 tanquam
1815 1012 1993 1051 interpres,
2023 1016 2055 1042 et
2081 1022 2157 1042 eum

1189 1056 1391 1087 familiariter
1423 1054 1614 1085 admittebat
1643 1053 1735 1085 Deus
1767 1059 1802 1085 ut
1836 1055 1922 1085 inter
1944 1065 1978 1086 se
2001 1062 2034 1084 et
2056 1065 2156 1094 popu-

1190 1099 1256 1129 lum
1282 1098 1406 1128 medius
1430 1100 1521 1135 esset,
1546 1097 1634 1127 iubet
1658 1098 1689 1127 in
1716 1097 1774 1127 hac
1804 1097 1967 1128 functione
1990 1097 2155 1128 insist-ere:

1191 1141 1275 1180 Quia
1293 1146 1402 1171 autem
1421 1150 1579 1170 summam
1595 1139 1839 1179 gubernationis
1863 1146 1972 1171 tenere
1992 1150 2057 1170 non
2076 1151 2157 1180 pug-

1190 1185 1290 1215 nabat
1313 1195 1384 1214 cum
1410 1183 1583 1222 prophetae
1607 1183 1724 1220 officio,
1760 1184 1898 1214 maiores
1922 1183 2021 1214 etiam
2044 1193 2157 1214 causas

1191 1227 1230 1258 ad
1260 1237 1333 1257 euni
1364 1226 1475 1256 referri
1507 1225 1603 1256 iubet.
1654 1225 1709 1256 Sic
1729 1226 1814 1256 enim
1838 1226 2034 1265 interpretor
2057 1225 2157 1257 statui

1193 1270 1305 1301 Mosen
1331 1280 1346 1299 0
1372 1269 1500 1309 regione
1515 1268 1575 1299 Dei
1600 1269 1632 1298 in
1657 1268 1815 1298 tradenda
1838 1269 1966 1308 pietatis
1986 1269 2107 1309 regula,
2127 1272 2158 1299 et

1191 1312 1337 1344 obeundo
1358 1322 1491 1342 munero
1512 1311 1715 1350 prophetico:
1736 1311 1849 1342 referri
1870 1318 1976 1342 autem
1991 1312 2158 1352 graviores

1191 1365 1304 1386 causas
1328 1365 1346 1385 a
1369 1355 1537 1393 praefectis
1557 1355 1595 1384 ad
1620 1354 1668 1384 ius
1688 1364 1782 1385 suum
1807 1355 1922 1394 cuique
1946 1354 2156 1385 reddendum.

1277 1398 1326 1428 ζ21.
1367 1398 1451 1427 Tunc
1483 1399 1583 1427 (tutem
1608 1397 1721 1435 deliqes
1751 1407 1788 1427 ex
1818 1400 1883 1428 toto.
1933 1397 1982 1427 Ad
2012 1397 2157 1435 verbum,

1192 1441 1384 1481 providebis,
1410 1440 1492 1479 quod
1521 1439 1711 1470 tantundem
1724 1461 1730 1467 .
1745 1440 1829 1470 valet
1848 1450 1884 1470 ae
1903 1440 2028 1471 delectu
2047 1439 2157 1471 habito

1192 1484 1418 1524 dignissimum
1449 1493 1606 1521 quemque
1636 1492 1818 1512 assumere:
1851 1493 1890 1513 ne
1913 1482 2034 1514 scilieet
2063 1482 2157 1514 obvio

1192 1528 1306 1566 cuique
1330 1532 1419 1556 tanta
1444 1525 1608 1564 provincia
1633 1530 1753 1555 temere
1778 1525 1959 1556 mandetur.
2006 1526 2077 1557 Hoc
2101 1536 2158 1556 au-

1192 1577 1254 1600 tem
1281 1571 1311 1599 in
1341 1568 1440 1598 libero
1472 1569 1587 1607 populo
1618 1568 1760 1598 maxime
1790 1574 2060 1605 consentaneum,
2092 1579 2157 1600 non

1192 1624 1210 1643 a
1233 1623 1330 1643 censu
1356 1611 1405 1641 vel
1430 1611 1550 1640 divitiis
1574 1611 1696 1641 iudices
1720 1611 1792 1651 legi,
1817 1610 1873 1641 sed
1896 1612 1949 1651 qui
1969 1612 2089 1642 virtute
2102 1622 2157 1642 ex-

1192 1656 1354 1687 cellerent.
1407 1653 1599 1693 Quanquam
1636 1660 1742 1684 autem
1779 1660 1903 1685 rectum
1938 1660 1988 1685 est
2017 1656 2158 1694 primum

1193 1699 1302 1729 baberi
1328 1697 1458 1727 virtutis
1482 1702 1670 1735 respectum,
1696 1703 1730 1727 ut
1754 1698 1780 1727 si
1804 1697 1873 1736 quis
1897 1697 1930 1727 in
1955 1697 2047 1736 plebe
2067 1707 2159 1737 repe-

1192 1742 1294 1772 riatur
1324 1750 1400 1779 prae
1431 1739 1501 1770 aliis
1532 1739 1683 1774 idoneus,
1715 1741 1819 1779 potior
1845 1742 1887 1770 sit
1910 1740 2009 1771 nobili
2032 1746 2087 1771 aut
2110 1740 2158 1771 di-

1192 1784 1271 1815 vite:
1299 1788 1483 1823 perpetuam
1509 1787 1616 1812 11111100
1642 1782 1744 1822 legem
1765 1788 1796 1813 et
1816 1783 2038 1814 necessitatem
2064 1782 2158 1814 indu-

1191 1837 1263 1858 cere
1294 1827 1319 1857 si
1351 1826 1421 1864 quis
1455 1825 1545 1861 velit,
1581 1826 1696 1855 merito
1721 1826 1941 1856 contentiosus
1963 1826 2156 1857 censebitur.

1192 1870 1373 1900 Enumerat
1396 1873 1503 1898 autem
1518 1868 1628 1898 Iethro
1652 1874 1790 1907 quatuor
1813 1868 1903 1899 dotes
1927 1879 2008 1908 quae
2030 1869 2160 1908 potissi-

1192 1923 1280 1943 mum
1303 1913 1335 1941 in
1358 1910 1514 1941 iudicibus
1538 1911 1685 1941 creandis
1708 1911 1901 1950 spectandae
1924 1918 2008 1948 sunt,
2042 1922 2159 1951 nempe

1164 1958 1166 1970 '¹
1192 1955 1414 1986 strenuitatem
1447 1954 1478 1983 in
1504 1954 1598 1984 rebus
1631 1955 1774 1993 agendis,
1810 1955 1959 1985 timorem
1984 1954 2054 1991 Dei,
2078 1955 2159 1986 inte-

1192 1999 1352 2038 gritatem,
1385 2004 1415 2026 et
1445 2007 1541 2035 opum
1573 2002 1811 2037 contemptum:
1843 2008 1906 2027 non
1935 2002 1969 2027 ut
2000 1997 2079 2028 alias
2103 2007 2158 2028 ex-

1192 2041 1310 2077 cludat,
1335 2050 1469 2079 quarum
1494 2040 1596 2078 primo
1620 2040 1725 2079 eapite
1747 2040 1987 2070 Deuteronomii
2012 2041 2047 2070 fit
2070 2050 2158 2070 men-

1194 2085 1246 2119 tio,
1273 2088 1305 2113 ut
1331 2082 1425 2121 paulo
1447 2090 1515 2121 post
1541 2082 1736 2113 videbimus:
1768 2082 1822 2113 sed
1846 2088 1880 2113 ut
1903 2082 2062 2122 significet
2092 2093 2158 2113 non

1192 2126 1349 2166 quoslibet
1380 2136 1448 2155 esse
1478 2125 1622 2161 idoneos,
1658 2125 1722 2155 imo
1754 2125 1874 2164 requiri
1898 2125 2032 2156 eximias
2056 2125 2157 2156 virtu—

1192 2178 1254 2206 tos,
1278 2180 1357 2208 quas
1377 2179 1432 2207 per
1451 2167 1673 2208 synecdochen
1694 2168 1753 2198 sub
1773 2168 1823 2199 his
1843 2172 1980 2207 quatuor
2000 2168 2156 2208 designat.

1192 2213 1253 2243 Ubi
1291 2211 1447 2241 vertimus
1486 2211 1569 2241 viros
1600 2211 1714 2247 fortes,
1746 2210 1894 2241 hebraice
1926 2210 2044 2250 legitur
2073 2211 2158 2242 viros

1192 2254 1407 2285 tortitudinis:
1443 2264 1504 2292 quo
1535 2254 1664 2284 nomine
1694 2258 1811 2293 putant
1846 2253 1976 2292 quidam
2010 2254 2158 2286 robustos

1192 2304 1221 2328 et
1247 2296 1420 2327 laboriosos
1445 2296 1559 2326 notari.
1606 2296 1671 2327 Sed
1702 2296 1806 2336 potins
1836 2295 2074 2337 (meoiudicio)
2104 2297 2158 2327 de-

1165 2342 1298 2378 ¹signat
1334 2339 1439 2369 Moses
1474 2345 1623 2369 strenuos
1658 2345 1688 2369 et
1723 2339 1885 2375 cordatos,
1917 2349 1996 2378 quos
2027 2340 2159 2380 opponit,

1193 2394 1255 2413 non
1280 2388 1406 2412 tantum
1431 2382 1566 2419 ignavis,
1590 2381 1646 2412 sed
1672 2381 1858 2412 socordibus
1892 2382 1989 2412 etiam
2014 2392 2050 2413 ae
2074 2383 2159 2413 timi-

1192 2426 1248 2456 dis.
1299 2425 1417 2454 Verum
1451 2425 1525 2463 quia
1556 2424 1676 2463 absque
1701 2425 1817 2455 timore
1843 2424 1903 2454 Dei
1927 2424 2086 2455 evanidus
2109 2431 2159 2456 est

1192 2476 1257 2498 tam
1282 2467 1379 2497 animi
1404 2478 1496 2505 qnam
1521 2468 1664 2507 eorporis
1690 2467 1795 2506 vigor,
1833 2467 1984 2506 pietatem
2010 2468 2158 2508 adiungit

1192 2510 1332 2542 seeundo
1359 2510 1432 2546 loeo,
1458 2516 1491 2539 ut
1516 2510 1548 2539 in
1575 2520 1708 2540 munere
1732 2520 1788 2540 suo
1808 2516 1981 2541 versentur
2003 2515 2157 2550 tanquam

1711 2553 1842 2583 Veritas
1885 2563 1948 2583 non
1991 2553 2158 2585 fraudibus

1193 2602 1319 2627 tantum
1344 2601 1375 2624 et.
1398 2596 1512 2626 crassis
1536 2595 1721 2631 mendaciis,
1746 2595 1800 2625 sed
1825 2595 2002 2632 ambitioni,
2031 2595 2159 2628 blandis

1194 2637 1485 2679 pol}ieitationibus,
1531 2638 1666 2678 aliisquo
1710 2637 1847 2677 obliquis
1892 2639 2030 2676 artibus,
2076 2650 2158 2678 quae
