2304 3034
78 203 140 235 565

77 297 197 338 gariter
232 299 391 335 peccatur.
442 292 519 324 Dixi
548 302 653 332 nuper
679 301 845 330 nunquam
870 290 939 322 Deo
962 291 1031 330 pios

77 339 203 371 vovisse
220 338 280 369 nisi
299 339 332 368 in
352 334 568 367 testimonium
588 332 810 374 gratitudinis:
832 334 920 372 atqui
940 338 1030 373 quot-

77 386 156 422 quot
173 381 239 412 fere
257 384 334 411 vota
352 377 532 417 concipiunt
549 376 774 416 superstitiosi,
799 376 931 406 totidem
956 382 1032 406 sunt

75 423 181 456 fictitii
214 423 335 459 cultus,
368 419 482 460 quibus
515 418 594 449 nihil
629 418 714 449 aliud
750 418 947 458 propositum
983 423 1032 449 est

75 477 173 507 quam
195 466 301 497 Deum
324 464 447 503 placare
469 461 628 501 expiando
652 468 795 500 peccata,
818 461 868 491 vel
892 461 1029 500 gratiam

75 509 202 540 meritis
238 506 407 547 acquirere.
458 503 531 534 Non
561 514 736 543 persequor
765 503 860 543 longe
889 503 1031 534 foediora

76 551 190 582 deliria
216 549 328 589 quibus
354 558 387 578 se
415 550 447 577 et
476 551 551 577 vota
580 556 637 577 sua
666 546 850 585 inquinant,
885 545 960 576 dum
994 546 1028 576 in

74 594 138 625 Dei
159 593 263 624 locum
285 589 479 622 substituunt
502 599 559 619 sua
582 588 675 619 idola.
710 588 849 619 Vovebit
871 588 1028 628 quispiam

74 636 175 667 altare
198 632 426 672 Christophoro
448 631 498 661 vel
524 631 698 662 Barbarae.
732 630 778 662 Ut
800 637 870 661 rata
892 631 934 661 sit
958 631 1028 661 bar-

75 678 151 709 bara
176 677 230 708 illa
253 675 408 715 impietas,
431 672 730 704 obtenditur-Mosis
753 673 922 709 sententia,
946 683 1027 712 quae

74 724 160 753 cert-e
181 719 274 759 longe
295 716 380 747 aliud
403 716 560 753 continet,
585 726 700 755 nempe
723 715 785 746 Dei
807 715 932 746 cultum
956 726 1026 755 per-

74 767 200 794 vertere
229 760 281 800 qui
311 759 404 790 altari
419 757 441 800 ¹)
470 763 600 789 vovent.
655 758 716 790 Ubi
745 758 841 788 etiam
871 768 928 797 pro
951 768 1026 789 con-

74 805 157 836 fesso
182 803 279 835 sumit
301 802 424 839 Moses,
460 811 524 831 non
554 801 677 832 censeri
706 801 885 841 legitimum
916 807 1026 831 votum

73 847 136 878 nisi
154 845 234 886 quod
256 844 315 884 ipsi
329 843 406 880 Deo,
426 854 466 874 ex
486 843 613 882 pietatis
637 843 749 884 regula
772 843 916 883 legisque
939 853 1028 883 prae-

73 889 190 928 scripto
217 891 437 926 nuncupatum
468 886 573 917 fuerit.
618 886 732 925 Itaque
756 886 789 916 in
813 886 873 917 hoc
896 885 1027 916 exordio

71 931 202 963 fundata
223 936 270 960 est
293 928 446 965 doctrina,
474 939 592 959 noxam
617 927 764 960 contrahi
788 928 849 959 nisi
874 928 1028 959 reddatur

71 974 153 1015 quod
175 972 366 1012 promissum
389 976 447 1002 est.

154 1015 203 1046 22.
229 1014 314 1054 Quod
335 1014 364 1045 si
387 1014 581 1045 abstinueris.
623 1013 804 1045 Confirmat
827 1012 910 1053 quod
935 1013 1027 1049 dixit,

70 1057 221 1090 obnoxios
251 1057 317 1087 fore
341 1056 410 1087 Deo
441 1056 494 1095 qui
518 1067 591 1086 eum
614 1056 761 1087 frustrati
785 1055 921 1087 fuerint:
952 1057 1028 1095 quia

69 1100 159 1132 nulla
180 1109 233 1130 eos
256 1099 430 1130 necessitas
453 1099 661 1138 compulerit:
691 1099 778 1129 unde
802 1099 947 1138 sequitur
970 1098 1028 1129 du—

67 1142 180 1183 plicari
209 1141 352 1181 culpam,
382 1141 464 1181 quod
494 1151 625 1181 peccare
648 1141 837 1172 maluerint:
868 1152 967 1181 quum
991 1141 1029 1171 li-

67 1186 178 1217 berum
208 1189 292 1215 esset
322 1194 386 1214 non
415 1194 545 1214 vovere.
593 1183 646 1215 Sic
674 1184 794 1214 Petrus
819 1184 966 1214 Ananiae
996 1190 1029 1214 et

68 1227 224 1267 Saphirae
242 1226 410 1267 perfidiam
429 1226 619 1266 obiurgans:
643 1226 725 1265 Quis
745 1237 800 1257 vos
820 1227 923 1267 coegit
942 1237 1029 1257 men-

66 1270 121 1301 tiri
143 1269 269 1310 spiritui
293 1268 428 1300 sancto?
460 1279 566 1300 nonne
589 1280 666 1310 ager
689 1274 758 1300 erat
781 1275 902 1306 vester,
933 1280 1026 1308 quem

66 1312 205 1343 retinere
234 1311 346 1343 licuit?
373 1322 459 1343 nunc
483 1322 558 1342 vero
581 1317 672 1352 parte
696 1312 790 1351 pretii
814 1312 918 1342 Deum
944 1312 1028 1342 frau-

67 1355 151 1393 dare,
173 1355 271 1394 impia
293 1359 341 1385 est
363 1354 533 1385 simulatio.
568 1354 698 1385 Interea
722 1354 849 1394 oblique
872 1354 1026 1385 sobrieta-

66 1401 130 1429 tem
143 1398 175 1428 in
190 1398 270 1428 votis
283 1397 496 1433 commendat,
511 1397 585 1427 dum
608 1397 670 1427 illis
690 1398 827 1427 remittit
846 1397 905 1428 hoc
924 1407 1027 1437 genus

66 1440 178 1471 officii:
200 1439 332 1480 perinde
351 1450 385 1470 ac
410 1440 436 1470 si
459 1445 612 1477 moneret,
635 1450 699 1470 nou
723 1449 792 1470 esse
815 1450 944 1471 causam
969 1450 1026 1471 cur

65 1487 158 1514 reatu
169 1493 202 1513 se
221 1483 425 1523 obstringant
444 1482 579 1512 futiliter
598 1482 815 1521 promittendo
838 1482 922 1522 quod
936 1482 1026 1512 Deus

65 1535 131 1556 non
149 1525 257 1566 exigit.
293 1525 335 1555 Et
355 1530 441 1555 certe
464 1524 543 1555 nihil
566 1533 613 1555 est
637 1525 813 1555 consultius
836 1535 931 1564 quam
956 1535 1025 1555 esse

65 1567 99 1598 in
128 1568 209 1599 votis
238 1567 457 1607 parcissimos:
488 1568 563 1607 quia
585 1567 639 1607 qui
664 1567 777 1598 leviter
801 1567 840 1598 ad
864 1577 901 1598 ea
924 1568 1023 1607 prosi-

64 1609 164 1646 liunt,
188 1610 238 1641 vel
268 1621 344 1640 mox
367 1609 530 1641 ducuntur
553 1610 766 1650 poenitentia,
790 1610 842 1641 vel
865 1610 1026 1640 serviliter

65 1658 215 1692 tanquam
236 1653 267 1683 vi
286 1652 399 1689 adacti,
423 1663 480 1684 nec
504 1653 573 1684 sine
596 1652 745 1683 molestia
768 1658 800 1682 et
822 1652 926 1683 taedio
949 1663 1025 1692 pen-

65 1705 135 1726 sum
158 1695 305 1732 solvunt,
329 1700 424 1734 atque
447 1696 492 1725 ita
514 1699 726 1735 corrumpunt
749 1696 854 1734 operis
877 1695 1024 1735 gratiam.

64 1737 158 1777 Quod
187 1744 294 1769 autem
323 1737 416 1769 dicit:
440 1738 617 1779 Egressum
642 1748 682 1768 ex
706 1748 777 1774 ore,
800 1748 863 1768 non
886 1737 1026 1768 attendit

65 1780 104 1811 ad
118 1781 361 1817 caeremoniam,
383 1780 417 1811 in
441 1790 502 1820 qua
525 1791 581 1811 suo
604 1791 693 1811 more
718 1780 814 1811 nimis
838 1780 1026 1819 scrupulose

64 1823 219 1853 insistunt
242 1822 368 1854 Iudaei:
392 1822 447 1854 sed
472 1823 634 1854 licentiam
659 1823 797 1853 vovendi
820 1822 962 1859 cohibet,
986 1823 1025 1853 ad

65 1875 159 1904 quam
186 1871 299 1905 sponte
329 1866 402 1906 plus
433 1876 534 1905 aequo
565 1876 678 1896 sumus
709 1866 869 1905 propensi.
915 1865 1024 1904 Quum

66 1906 182 1939 dicitur
209 1908 339 1939 Psalmo
371 1909 426 1939 66:
457 1908 595 1938 Veniam
625 1918 698 1939 cum
724 1908 933 1946 holocaustis,
964 1908 1026 1939 sol-

66 1959 139 1980 vam
168 1950 225 1981 tibi
256 1958 332 1981 vota
361 1962 441 1991 quae
472 1951 677 1990 protulerunt
706 1951 791 1981 labia
818 1961 904 1988 mea,
936 1955 968 1981 et
991 1960 1026 1981 os

65 2002 173 2023 meum
202 1993 368 2033 loquutum
400 1994 499 2024 estin
524 1993 698 2024 afflictione
722 2002 810 2024 mea:
840 2003 1025 2033 quanquam

66 2035 217 2076 intelligit
240 2037 397 2076 propheta
421 2046 455 2067 se
478 2037 510 2066 in
534 2036 658 2067 ultimis
682 2036 840 2075 angustiis
863 2036 1025 2076 praesenti

67 2088 190 2117 semper
212 2078 308 2110 fuisse
331 2079 438 2109 animo
462 2083 493 2109 et
516 2078 706 2118 composito,
734 2084 770 2109 ut
794 2079 910 2109 diserte
934 2088 1025 2118 opem

67 2119 127 2150 Dei
145 2120 340 2160 imploraret,
365 2132 400 2152 ac
420 2121 620 2152 constantiae
641 2121 690 2151 vel
710 2121 844 2152 fiduciae
863 2121 1024 2161 specimen

67 2162 174 2193 ederet
202 2164 235 2194 in
258 2163 340 2194 votis
364 2163 605 2204 nuncupandis:
637 2163 695 2195 hoc
718 2169 827 2194 tamen
851 2164 945 2194 simul
970 2174 1026 2194 no-

69 2208 169 2239 tatur,
192 2216 256 2236 non
279 2207 526 2246 praecipitanter
548 2205 668 2237 fudisse
692 2216 785 2237 voces
809 2207 840 2236 in
865 2212 947 2243 aere,
972 2205 1027 2237 sed

70 2256 109 2277 ex
127 2248 208 2278 seria
225 2248 432 2280 meditatione
451 2259 519 2280 esse
542 2249 718 2288 loquutum.
754 2249 798 2279 Et
820 2254 905 2279 certe
928 2259 1025 2288 quum

70 2288 165 2320 nimis
180 2290 328 2322 volubilis
346 2293 387 2322 sit
406 2291 580 2322 multorum
605 2291 726 2331 lingua,
749 2296 780 2322 et
804 2296 914 2331 pectus
937 2302 1026 2331 prae-

71 2336 132 2369 eat,
155 2333 321 2373 praecipua
338 2334 492 2373 obligatio
511 2334 544 2364 in
566 2334 634 2373 ipso
658 2333 809 2374 loquendi
832 2338 906 2365 actu
931 2344 1026 2373 quae-

71 2373 169 2404 renda
198 2385 258 2406 non
286 2381 341 2407 est.
388 2377 509 2408 Verum
540 2381 575 2407 ut
598 2381 722 2407 constet
744 2387 823 2407 vera
845 2377 1026 2413 maturitas,

71 2416 242 2455 requiritur
260 2423 390 2450 mutuus
409 2430 584 2451 consensus
607 2418 712 2450 cordis
735 2425 767 2449 et
790 2419 927 2459 linguae.
964 2420 1026 2450 Ea-

72 2457 144 2488 dem
166 2458 307 2498 loquutio
330 2461 444 2492 iterum
470 2462 598 2501 saepius
621 2468 773 2492 recurret.
804 2462 917 2501 Itaque
936 2472 1026 2501 repe-

71 2500 142 2530 titio
165 2502 303 2533 ostendit
324 2504 510 2544 scrupulum
534 2505 632 2535 eximi
655 2504 803 2541 infirmis,
828 2515 868 2535 nc
892 2504 1027 2535 simulac

70 2542 187 2582 aliquid
212 2543 288 2584 ipsis
311 2545 343 2576 in
365 2551 502 2578 mentem
529 2547 669 2585 venerit,
699 2557 816 2578 vanam
839 2547 1026 2587 religionem

157 2636 184 2669 1)
203 2635 248 2663 Sic
266 2636 339 2663 Edd.
359 2638 440 2673 Leye:
459 2640 537 2665 alteri
555 2640 583 2672 (a
601 2649 635 2666 uu
655 2641 751 2674 autre).

787 198 994 230 TERTIUM
1018 198 1337 232 PRAECEPTUM.

1988 203 2050 234 566

1085 291 1145 322 sibi
1178 292 1343 324 fabricent.
1394 292 1523 325 Scimus
1553 294 1638 333 apud
1670 296 1819 335 profanas
1849 301 1978 336 gentes,
2014 296 2049 327 in

1085 334 1209 365 solenni
1247 336 1438 375 templorum
1470 335 1684 375 dedicatione,
1719 338 1918 370 sacerdotem
1949 340 2049 370 fuisse

1083 376 1265 408 adhibitum
1297 379 1350 418 qui
1381 378 1476 410 verba
1507 381 1660 418 praeiret:
1697 390 1759 419 quo
1791 383 1855 412 ritu
1887 382 2043 413 admoniti

1082 419 1230 455 fuerunt,
1262 421 1340 450 nihil
1372 421 1432 451 rite
1459 421 1570 452 offerri
1594 422 1663 452 Deo
1687 423 1748 453 nisi
1773 423 1842 462 ipso
1864 425 1955 464 quasi
1980 425 2044 456 dic-

1082 467 1180 492 tante.
1225 462 1316 494 Haec
1339 462 1467 503 quidem
1491 464 1589 502 ratio,
1617 464 1733 502 fateor,
1763 465 1802 496 ab
1825 466 1889 497 illis
1913 468 2047 499 minime

1081 514 1222 543 expensa
1241 505 1315 536 fuit:
1339 506 1443 537 voluit
1465 511 1572 538 tamen
1596 517 1705 538 eorum
1729 509 1875 548 exemplo
1899 509 1988 541 Deus
2011 512 2044 541 in

1081 547 1180 577 sacris
1199 547 1411 579 oblationibus
1430 549 1593 580 levitatem
1616 549 1665 580 vel
1685 550 1959 583 inconsideratum
1984 553 2046 584 fer-

1081 599 1191 620 vorem
1215 589 1377 622 damnare.

1355 759 1418 790 EX
1443 759 1592 792 LEVIT.
1616 760 1763 792 XXVII.

1166 845 1192 874 1.
1218 844 1377 883 Loquutus
1395 847 1438 875 est
1455 847 1557 875 autem
1577 845 1690 877 Ieliova
1708 846 1750 877 ad
1769 846 1883 885 Mosen,
1903 847 2045 879 dicendo:

1078 886 1108 917 2.
1133 886 1296 925 Ailoquere
1315 886 1397 926 filias
1419 886 1529 923 Israel,
1553 890 1578 918 et
1600 888 1649 918 die
1671 889 1731 919 eis.-
1758 889 1815 919 Vir
1837 899 1932 929 quum
1954 901 2043 930 sepa-

1079 929 1194 960 raverit
1207 932 1306 960 votum
1324 929 1488 960 seeundum
1501 931 1742 962 aestimationem
1760 934 1845 962 tuam
1863 934 2043 964 animarum

1081 971 1225 1008 Ielzovae,
1255 972 1283 1002 3.
1310 972 1383 1002 Erit
1412 972 1584 1002 aestimatio
1607 975 1659 1004 tua
1675 984 1734 1012 pro
1756 975 1906 1010 masculo,
1938 987 1957 1005 a
1977 976 2043 1014 filio

1079 1014 1190 1054 riqinti
1220 1024 1371 1045 annorum
1393 1024 1489 1053 usque
1512 1013 1554 1045 ad
1574 1015 1676 1053 fitium
1698 1018 1857 1056 sexaginta
1881 1028 2042 1057 annorum,

1080 1057 1137 1087 erit
1165 1058 1338 1087 aestimatio
1367 1059 1421 1088 tua
1449 1057 1674 1097 quinquaqinta
1710 1059 1855 1090 siclorum
1892 1063 2043 1100 aryenteo-

1080 1110 1158 1135 rum,
1178 1099 1343 1130 seeundum
1368 1099 1478 1130 siclum
1498 1100 1681 1131 sanctuarii.
1723 1101 1751 1131 4.
1775 1102 1861 1140 Quod
1879 1103 1909 1133 si
1924 1103 2042 1142 femina

1079 1142 1182 1181 fuerit,
1206 1142 1262 1172 erit
1285 1143 1457 1172 aestimatio
1480 1142 1607 1181 triyinta
1629 1143 1783 1174 siclorum.
1828 1144 1855 1175 5.
1884 1144 1919 1175 Si
1942 1149 2042 1177 autem

1081 1195 1100 1215 a
1121 1184 1187 1223 filio
1209 1185 1343 1223 quinque
1365 1194 1516 1215 annorum
1545 1194 1640 1223 usque
1668 1186 1709 1216 ad
1729 1186 1832 1224 filium
1854 1188 1964 1226 riyinti
1987 1199 2042 1219 an-

1082 1237 1206 1264 norum,
1235 1227 1293 1258 erit
1320 1227 1492 1258 aestimatio
1513 1229 1567 1258 tua
1584 1237 1644 1265 pro
1670 1228 1803 1260 masculo
1826 1230 1936 1268 viglinti
1958 1231 2044 1262 siclo-

1080 1280 1160 1307 rum,
1185 1280 1245 1309 pro
1266 1269 1384 1308 femina
1407 1280 1475 1300 vero
1503 1270 1603 1300 decem
1625 1270 1777 1301 siclorum.
1822 1272 1848 1301 6.
1876 1272 1909 1301 Si
1932 1283 1999 1304 vero
2023 1284 2043 1304 a

1077 1312 1142 1351 silio
1170 1312 1284 1343 mensis
1313 1322 1408 1351 usque
1439 1312 1480 1342 ad
1505 1312 1606 1350 silium
1629 1313 1763 1352 quinque
1791 1324 1957 1353 annorum,
1988 1316 2045 1346 erit

1080 1355 1251 1385 aestimatio
1273 1357 1327 1385 tua
1351 1365 1409 1393 pro
1434 1354 1585 1392 masculo,
1615 1356 1748 1394 quinque
1770 1356 1914 1388 siclorum
1938 1368 2043 1397 arqen-

1080 1400 1208 1435 teorum,
1234 1407 1294 1436 pro
1328 1397 1446 1437 femina
1475 1407 1544 1428 vero
1574 1398 1746 1429 aestimatio
1775 1401 1828 1429 tua
1858 1400 1914 1429 erit
1946 1401 2040 1431 triam

1079 1440 1223 1471 siclorum
1256 1442 1474 1479 argenteorum.
1531 1440 1558 1471 7.
1594 1441 1637 1470 At
1675 1441 1704 1471 si
1737 1451 1756 1471 a
1781 1441 1847 1480 filio
1883 1443 2040 1478 semeiam

1079 1492 1248 1518 annorum,
1277 1485 1304 1513 et
1325 1492 1438 1522 supra,
1467 1483 1496 1513 si
1518 1493 1578 1522 pro
1606 1483 1758 1521 masculo,
1788 1484 1847 1515 erit
1871 1485 2043 1516 aestimatio

1079 1528 1131 1556 tua
1154 1525 1326 1564 quindecim
1355 1525 1513 1563 siclorum,
1544 1528 1570 1556 et
1600 1536 1660 1565 pro
1687 1527 1805 1565 semina
1830 1527 1928 1557 deeem
1953 1528 2039 1559 sic-Zo-

1078 1578 1157 1599 rum.
1204 1568 1232 1598 8.
1267 1568 1352 1606 Quod
1385 1568 1413 1598 si
1437 1569 1609 1606 pauperior
1637 1571 1681 1599 cst
1712 1579 1804 1607 quam
1838 1573 1871 1599 ut
1899 1571 2041 1601 aestima-

1078 1611 1187 1641 tionem
1210 1614 1294 1640 tuam
1311 1611 1416 1648 possit
1437 1611 1566 1646 solvere,
1598 1614 1668 1642 tunc
1696 1614 1806 1642 statuet
1828 1612 1915 1642 illum
1940 1623 2041 1643 coram

1077 1654 1239 1689 sacerdote,
1263 1655 1289 1683 et
1312 1653 1485 1683 aestimabit
1507 1663 1576 1683 eum
1597 1654 1755 1684 sacerdos:
1776 1655 1938 1685 secundum
1961 1656 2041 1694 quod

1076 1695 1311 1735 apprehenderit
1329 1705 1442 1726 manus
1458 1697 1599 1732 voventis,
1616 1696 1789 1727 aestimabit
1806 1707 1873 1727 cum
1890 1698 2038 1728 sacerdos

1077 1739 1105 1769 9.
1133 1738 1169 1768 Si
1191 1741 1290 1769 autem
1313 1738 1432 1769 animal
1450 1739 1563 1768 voverit
1584 1739 1620 1769 de
1642 1749 1700 1777 quo
1718 1739 1846 1778 offerunt
1863 1740 2039 1771 oblationem

1079 1781 1222 1818 Iehovae,
1254 1790 1339 1810 omne
1361 1780 1397 1811 de
1417 1791 1473 1819 quo
1502 1781 1619 1812 dederit
1641 1781 1770 1812 Iehovae
1799 1783 1855 1812 erit
1883 1784 2038 1813 sanctitas.

1080 1824 1126 1854 lO.
1154 1824 1225 1853 Non
1247 1823 1375 1853 mutabit
1396 1823 1481 1857 illud,
1502 1834 1596 1862 neque
1614 1824 1806 1855 commutabit
1824 1825 1912 1858 illud,
1931 1825 2040 1855 melius

1076 1867 1235 1903 deteriore,
1268 1868 1320 1895 aut
1348 1866 1481 1896 deterius
1510 1866 1648 1897 meliore:
1675 1867 1755 1905 quod
1777 1868 1806 1897 si
1832 1868 2040 1898 commutando

1077 1909 1305 1940 commutaverit
1323 1909 1443 1939 animal
1466 1910 1612 1945 animali,
1644 1912 1671 1939 et
1699 1909 1778 1940 iilud
1803 1912 1829 1940 et
1850 1911 2040 1941 commutatio

1077 1952 1144 1983 eius
1174 1952 1231 1981 erit
1265 1951 1422 1981 sanctitas.
1480 1951 1528 1982 11.
1565 1952 1601 1982 Si
1630 1954 1730 1982 autem
1762 1952 1857 1991 fuerit
1891 1953 2039 1991 quodlibet

1077 1993 1197 2025 animal
1226 1993 1432 2030 immundum,
1463 1994 1498 2024 de
1528 2004 1586 2033 quo
1616 2004 1675 2025 non.
1703 1994 1833 2032 offerunt
1863 1994 2039 2025 oblationem

1079 2036 1217 2072 Ieliovae,
1232 2039 1300 2066 tiinc
1317 2038 1427 2067 statuet
1440 2037 1561 2068 animal
1576 2047 1677 2067 eoram
1694 2037 1853 2067 sacerdote.
1876 2037 1924 2067 12.
1939 2038 2040 2068 Aesti-

1077 2079 1229 2117 mabitque
1250 2078 1328 2109 illud
1350 2080 1506 2118 sacerdos,
1528 2080 1592 2110 sive
1614 2079 1722 2110 bonum
1744 2080 1798 2117 sit,
1822 2080 1886 2109 sive
1907 2080 2039 2110 malum.-

1076 2121 1242 2153 secnndum
1265 2121 1506 2152 aestimationem
1535 2125 1634 2157 tuam,
1663 2123 1707 2153 sic
1729 2122 1793 2151 erit.
1841 2122 1887 2152 13.
1915 2122 1951 2152 Si
1973 2133 2040 2153 vero

1077 2164 1252 2195 redimendo
1274 2164 1433 2195 redemerit
1454 2164 1542 2203 iliud,
1565 2165 1655 2195 addet
1676 2165 1814 2203 quintam
1833 2164 1899 2195 eius
1916 2167 2038 2203 partem

1078 2207 1160 2237 altra
1184 2206 1427 2237 aestimationem
1449 2209 1542 2238 tuam.
1580 2207 1627 2238 14.
1655 2207 1712 2237 Vir
1735 2209 1834 2237 autem
1857 2217 1951 2245 quum
1973 2218 2038 2239 con-

1077 2249 1239 2281 secraverit
1261 2249 1383 2279 domum
1405 2260 1495 2280 suam
1517 2250 1768 2281 consecrationem
1792 2249 1929 2285 Ielioaai‘,
1950 2251 2039 2281 aesti-

1077 2292 1171 2323 mabit
1189 2301 1255 2321 eam
1272 2292 1423 2332 sacerdos,
1439 2293 1502 2323 sive
1519 2293 1596 2323 bona
1610 2293 1657 2329 sit,
1674 2293 1738 2323 sive
1755 2291 1854 2321 mala:
1873 2293 2038 2324 secundum

1077 2334 1156 2374 quod
1183 2334 1390 2365 aestimaverit
1418 2345 1485 2365 eam
1512 2335 1653 2366 sacerdos
1679 2335 1723 2365 sic
1752 2334 1896 2365 manebit.-
1927 2335 1975 2366 15.
2002 2335 2039 2366 Si

1078 2380 1176 2408 (tutem
1199 2386 1379 2408 consecrans
1400 2378 1562 2408 redemerit
1578 2378 1699 2407 (Ionium
1717 2386 1816 2413 suam,
1840 2377 1930 2408 addet
1950 2378 2040 2417 quin·

1078 2423 1140 2451 tam
1163 2421 1286 2458 partem
1309 2420 1461 2458 pecuniae
1491 2420 1714 2451 aestimationis
1741 2421 1810 2449 tuae
1839 2429 1932 2459 super
1961 2431 2037 2458 eam,

1077 2465 1104 2493 ct
1128 2462 1215 2492 iliius
1237 2462 1302 2492 erit.
1350 2463 1398 2493 16.
1424 2462 1460 2493 Si
1486 2473 1554 2493 aero
1582 2464 1618 2493 de
1641 2472 1712 2501 affro
1735 2462 1942 2500 possessionis
1963 2473 2039 2494 suae

1052 2513 1053 2522 ¹
1078 2504 1293 2535 consecraverit
1316 2505 1388 2544 quis
1415 2505 1558 2539 Ieleovae,
1581 2505 1639 2536 erit
1663 2504 1833 2534 aestimatio
1853 2507 1908 2536 tua
1933 2515 2038 2536 secun-

1052 2567 1054 2575 .
1079 2548 1152 2578 dum
1174 2549 1335 2578 sementem
1355 2548 1436 2585 eius,
1462 2557 1560 2580 semen
1587 2547 1649 2578 cori
1677 2546 1856 2577 lzordeorum
1885 2549 2038 2587 quinqua-

1076 2590 1165 2630 yinta
1192 2589 1279 2620 siclis
1307 2591 1457 2630 arqenteis
1485 2589 1705 2621 aestimabitur.
1752 2588 1799 2619 17.
1834 2589 1919 2628 Quod
1947 2592 1976 2621 si
2001 2592 2040 2622 ab

1079 2642 1160 2663 anno
1190 2632 1325 2663 Iubiiaei
1353 2633 1570 2664 consecraverit
1597 2641 1706 2672 scyrum
1735 2641 1840 2667 suum.
1875 2634 2041 2665 secundum

1786 2682 1835 2707 36*
