2304 3034
73 189 134 221 593

779 183 1004 223 QUARTUM
1026 184 1344 217 PRAEOEPTUM.

1993 189 2057 220 594

74 283 235 315 ordinario
258 280 409 313 sabbatho
433 279 597 314 differens,
622 277 683 308 uisi
707 277 856 308 tubarum
881 276 1032 313 clangore
1059 281 1060 315 l
1087 282 1172 316 cunt,
1198 290 1260 309 non
1285 278 1368 318 quod
1392 279 1566 310 insolidum
1591 280 1758 319 quisquam
1775 281 1835 312 sibi
1855 292 1891 312 ac
1915 284 2054 322 peccatis

75 334 107 357 et
122 326 291 357 sacrificio:
315 323 406 363 quale
425 322 641 353 Numerorum
661 319 701 350 ‘29
722 319 921 350 describitur.
951 319 1031 349 Plus
1059 321 1060 332 ¹

74 368 161 400 enim
191 368 256 398 11110
289 366 442 406 exprimit
474 364 580 394 Moses
614 373 710 402 quam
746 362 805 392 hoc
839 361 923 392 loco:
959 362 1034 400 quia

74 416 240 442 enumerat
260 409 410 445 vitulum,
440 406 586 441 arietem,
612 414 712 444 agnos
735 409 875 444 septeni,
907 403 1031 434 hircum

74 463 132 494 pro
155 458 282 493 peceato
304 461 375 482 cum
399 447 638 483 accessionibus,
663 453 791 486 praeter
812 447 1030 476 holocaustum

75 495 250 527 novilunii:
273 498 368 532 atque
390 502 430 522 ex
453 490 598 520 omnibus
622 489 710 519 iubet
739 489 849 519 offerri
884 489 1032 519 holocau-

75 544 174 569 stum:
197 547 280 567 nunc
292 541 395 566 autem
409 543 510 573 genus
530 537 655 562 tantum
669 541 736 562 uno
757 532 853 562 verbo
874 531 1031 570 designat.

161 580 210 611 27.
243 578 450 609 Verumtamen
475 575 508 605 in
531 575 645 604 decimo
669 575 784 605 mensis
806 574 908 604 huius.
948 574 1031 604 Ver-

75 623 151 654 bum
176 628 255 658 ἾΞΞ,
285 619 367 650 00(10
391 628 504 648 nomen
529 623 627 649 Ε’ἾΒΞ
651 616 837 653 deducitur,
867 620 933 646 tam
961 626 1033 655 pro-

75 665 189 706 pitiare
216 663 372 703 signifieat
402 670 495 700 quam
524 659 685 698 expiando
717 659 822 689 delere
851 659 976 698 culpam
1002 663 1033 689 et

75 712 212 738 reatum:
237 711 332 738 0⁹75:
362 713 436 742 ergo
465 707 542 733 sunt
570 702 732 732 litationes
760 701 799 731 ad
831 702 937 732 Deum
966 701 1033 741 pla-

75 750 219 781 candum.
263 747 305 778 Et
337 745 469 786 pluralis
503 755 654 775 numerus
690 744 835 783 ponitur,
859 744 932 783 quia
968 754 1031 774 non

76 803 138 823 uno
161 795 285 822 tantum
314 798 430 828 genere
464 792 572 817 reatus
601 786 744 817 obstricti
776 792 884 820 erant,
915 786 969 816 sed
993 786 1032 817 ob

75 834 177 865 multa
214 838 244 863 et
278 832 365 862 varia
402 830 518 861 delicta
552 840 632 869 opus
667 829 830 860 habebant
863 829 1033 869 multiplici

75 874 338 908 reconciliatione.
372 872 410 903 Id
430 872 557 911 quidem
583 872 679 902 fiebat
702 877 768 902 tam
787 872 913 911 publice
937 882 1032 910 quam

74 919 222 960 privatim
246 917 364 955 reliquo
387 916 462 945 anni
487 922 645 954 tempore:
671 925 744 944 nam
767 919 924 953 quotquot
948 924 1032 945 mac-

75 963 185 993 tabant
207 959 365 995 vietimas,
390 957 519 988 totidem
546 963 639 988 erant
662 957 894 988 satisfactiones
914 956 953 987 ad
974 958 1032 986 im-

74 1002 260 1045 petrandam
281 1001 407 1031 veniam
421 1007 451 1030 et
464 999 570 1030 Deum
593 999 874 1030 reconciliandum.
911 1000 1032 1030 Tamen

74 1047 113 1078 ad
138 1047 213 1076 haec
236 1043 420 1083 quotidiana
452 1043 605 1074 exercitia
635 1042 702 1073 dies
734 1043 833 1073 festus
860 1042 1032 1082 quotannis

74 1090 135 1120 fuit
146 1087 270 1119 additus
284 1092 435 1125 tanquam
450 1086 586 1124 speciale
599 1092 854 1122 monumentum,
877 1091 908 1115 et
930 1095 1033 1115 acrior

74 1131 218 1162 stimulus
237 1129 276 1159 ad
300 1129 541 1168 poenitentiam.
588 1127 722 1159 Solenni
747 1128 831 1157 euim
856 1128 974 1158 ieiunio
1001 1135 1033 1157 et

72 1172 234 1205 sacrifieiis
263 1181 318 1201 eos
349 1170 388 1201 ad
423 1171 508 1210 pium
545 1171 684 1201 dolorem
719 1171 847 1201 incitari
882 1170 1059 1209 oportuit*

70 1215 152 1256 quod
175 1220 240 1245 toto
263 1224 346 1244 anno
370 1215 451 1244 iram
476 1214 536 1244 Dei
560 1214 593 1243 in
617 1225 650 1243 se
674 1221 908 1252 provocassent.
945 1213 1032 1252 Ergo
1058 1224 1059 1230 ¹

70 1259 129 1290 hoc
150 1258 229 1289 festo
253 1257 301 1287 die
325 1257 411 1288 citati
443 1256 571 1286 fuerunt
600 1255 639 1286 ad
664 1256 724 1286 Dei
749 1256 908 1292 tribunal,
941 1263 976 1285 ut
998 1266 1031 1285 se

69 1301 143 1332 11100
167 1301 330 1337 sistentes,
351 1305 564 1339 agnoscerent
595 1309 629 1329 se
658 1299 813 1329 obnoxios
843 1309 914 1329 esse
945 1298 1031 1328 illius

69 1343 194 1380 iudicio,
214 1352 347 1383 poenam
368 1348 475 1372 tamen
495 1341 761 1381 deprecarentur:
782 1347 877 1380 atque
898 1341 930 1371 in
945 1341 1031 1372 1111110

70 1387 165 1417 finem
206 1384 370 1425 spectabat
410 1384 575 1414 ieiunium.
622 1384 750 1414 Interea
792 1394 830 1414 ex
865 1383 1031 1414 sacrificiis

70 1428 231 1460 discebant
263 1439 294 1458 se
319 1427 415 1466 recipi
439 1428 470 1457 in
496 1427 647 1466 gratiam,
677 1427 753 1465 quia
784 1426 921 1466 simplex
956 1436 1030 1456 con-

69 1471 164 1502 fessio
187 1477 310 1501 tantum
343 1470 573 1509 desperationis
595 1479 691 1499 eausa
721 1469 784 1499 illis
806 1470 929 1499 fuisset,

70 1524 145 1554 ergo
179 1513 340 1544 tristitiam
371 1520 402 1543 et
435 1513 498 1543 alia
529 1512 742 1551 poenitentiae
777 1512 961 1542 testimonia
991 1511 1031 1542 ab

70 1557 132 1587 illis
153 1557 239 1586 Deus
262 1555 386 1595 exegit,
419 1563 452 1586 ut
481 1560 634 1585 testatum
659 1555 797 1585 vicissim
827 1554 890 1585 illis
912 1555 1031 1585 faceret

70 1600 131 1630 rite
164 1599 290 1629 litatum
324 1609 393 1629 esse
434 1608 495 1637 quo
537 1597 696 1637 propitius
737 1602 829 1628 esset.

71 1642 202 1677 animas¹
228 1641 267 1672 ad
291 1641 448 1671 ieiunium
473 1640 611 1671 refertur
636 1640 695 1670 1100
718 1640 794 1676 1000,
820 1639 901 1679 quod
926 1641 1030 1679 requi—

70 1684 200 1715 rebatur
242 1692 394 1723 tanquam
436 1688 570 1714 externa
610 1683 827 1722 poenitentiae
867 1682 1030 1721 professio.

70 1727 114 1758 Et
136 1734 220 1757 certe
243 1727 274 1756 in
305 1727 424 1756 ieiunio
456 1736 512 1765 per
542 1736 574 1755 50
607 1726 687 1755 011111
718 1725 835 1755 fuisset
868 1727 1031 1762 momenti,

70 1768 336 1808 quemadmodum
366 1769 450 1800 clare
480 1768 563 1808 apud
595 1768 713 1798 Isaiam
745 1767 807 1808 (58,
831 1767 863 1808 3)
894 1767 1033 1798 ostendit

70 1812 158 1843 Dens
180 1822 213 1842 se
235 1812 429 1842 floccifacere
454 1811 648 1851 hypocritas,
671 1811 725 1850 qui
746 1810 916 1841 ieiunando
941 1811 1033 1841 litare

70 1865 104 1885 se
126 1854 298 1885 confidunt.
346 1853 411 1885 Sed
435 1865 453 1884 a
478 1855 610 1884 lautiore
638 1853 725 1885 victu
750 1859 781 1884 et
804 1853 954 1884 erunibus
978 1854 1031 1884 de-

71 1897 147 1927 litiis
176 1896 342 1934 abstracti,
376 1896 666 1928 commonefiebant
699 1896 737 1926 do
771 1897 837 1927 suis
861 1896 974 1927 malis:
999 1904 1033 1927 ut

71 1949 213 1970 moerore
231 1939 344 1971 deiecti
364 1946 395 1969 ct
415 1939 576 1970 humiliati
597 1938 780 1969 ardentiore
802 1939 908 1969 studio
932 1949 1033 1969 reme-

70 1981 158 2012 dium
181 1987 376 2022 expeterent.
421 1982 531 2021 Neque
555 1982 640 2012 enim
665 1982 736 2012 aliis
760 1982 960 2021 promittitur
984 1993 1031 2012 re-

72 2024 180 2055 missio
213 2031 430 2064 peccatornm,
471 2035 564 2064 quam
607 2025 661 2064 qui
696 2025 777 2054 serio
812 2024 920 2055 dolore
955 2025 1030 2055 tacti
1058 2041 1059 2065 l

1058 2075 1059 2084 ¹
1085 2066 1171 2097 ditur
1205 2077 1260 2097 cur
1291 2066 1373 2096 diem
1407 2067 1523 2097 festum
1555 2067 1833 2098 tabernaculorum
1869 2068 2048 2099 instituerit

72 2067 215 2097 sentiunt
245 2077 277 2098 se
305 2068 439 2098 miseros
470 2078 505 2098 ac
536 2068 691 2106 perditos,
719 2073 899 2107 agnoscunt
931 2073 963 2097 et
990 2068 1032 2097 fa-

74 2113 180 2139 tentur
203 2109 278 2149 quid
302 2111 407 2140 meriti
431 2110 504 2140 sint.
550 2110 622 2140 Hoc
646 2110 740 2140 inodo
764 2110 860 2139 ianua
890 2110 1033 2148 aperitur

74 2151 114 2181 ad
134 2151 366 2191 implorandam
392 2152 452 2183 Dei
477 2152 740 2183 misericordiam.
787 2152 898 2191 Neque
925 2159 1031 2183 tamen

74 2193 243 2233 imaginari
261 2197 420 2229 convenit,
441 2206 494 2225 eos
507 2196 561 2235 qui
576 2195 619 2225 ita
632 2195 691 2225 sibi
712 2195 883 2235 displicent
903 2196 1031 2225 veniam

76 2237 188 2266 mereri
210 2247 266 2267 5113
288 2238 540 2277 praeparatione.
587 2237 652 2268 sod
675 2238 750 2277 quia
773 2242 930 2277 pugnaret
960 2249 1032 2268 cum

78 2282 191 2308 natura
213 2279 282 2316 Dei,
305 2280 411 2311 favore
442 2292 498 2311 suo
527 2281 675 2319 amplecti
703 2280 849 2311 homines
879 2281 911 2310 in
944 2281 1033 2311 vitiis

77 2320 142 2350 suis
164 2319 338 2358 demersos,
370 2331 399 2353 et
430 2323 468 2353 ad
497 2329 662 2363 peccatum
695 2323 886 2354 obstinatos:
919 2323 1033 2354 deinde

78 2361 174 2393 nimis
194 2363 358 2404 indignum
383 2370 476 2403 esset,
500 2367 568 2396 eius
591 2366 763 2396 elementia
787 2366 856 2396 dari
880 2367 1031 2405 peccandi

78 2404 237 2435 licentiam
249 2407 306 2437 sub
323 2408 523 2447 impunitatis
541 2415 722 2448 praetextu,
742 2419 871 2439 0000550
890 2415 939 2439 est
958 2419 1032 2448 poe-

78 2447 244 2477 nitentiam
273 2449 381 2480 ordine
407 2451 612 2490 praecedere,
646 2456 680 2481 ut
710 2452 780 2491 quis
812 2451 1033 2482 reconcilietur

78 2488 158 2520 Deo,
216 2490 306 2521 Unde
342 2493 436 2523 etiam
474 2501 621 2534 apparet,
660 2493 764 2534 ipsum
794 2494 838 2523 ita
869 2495 1033 2533 ignoscere

77 2532 294 2570 peccatoribus
322 2541 355 2564 ut
378 2540 483 2566 tamen
507 2535 610 2567 oderit
633 2541 778 2576 peecata:
808 2536 935 2575 quando
969 2547 1032 2567 non

79 2573 156 2603 alios
179 2574 329 2611 absolvit,
355 2577 415 2608 nisi
439 2579 491 2617 qui
517 2579 599 2609 ultro
626 2590 659 2609 se
688 2579 899 2617 damnarunt,
931 2590 1034 2618 neque

78 2615 159 2646 redit
183 2627 252 2647 eum
277 2618 345 2649 aliis
368 2619 400 2650 in
424 2621 560 2660 gratiam
586 2622 647 2652 nisi
672 2623 723 2661 qui
750 2622 886 2661 pcccatis
912 2621 1032 2652 valedi-

181 2666 287 2693 C'alvimi
301 2676 391 2701 opera.
430 2671 486 2697 Vol.
505 2672 616 2698 XXIV.

976 1469 1032 1499 sic
1057 1471 1058 1474 ’

876 1597 1031 1637 Affligere
1057 1606 1058 1612 ¹

1086 321 1261 359 renunciet,
1281 321 1336 352 sed
1361 332 1417 360 per
1435 322 1671 362 indulgentiam
1697 330 1790 363 grata
1813 330 1860 355 cst
1886 325 1954 355 Deo
1978 336 2053 364 poe-

1086 363 1237 401 nitentia,
1281 373 1361 403 quae
1396 365 1510 395 merito
1544 372 1651 404 posset
1684 365 1723 395 ob
1757 367 1876 397 inultas
1910 367 2052 398 defectus

1085 410 1192 444 partes
1212 406 1383 445 repudiari¹
1414 406 1485 444 Quo
1505 408 1600 437 etiam
1617 409 1826 438 confirmatur
1844 409 1926 448 quod
1948 421 2052 449 nuper

1085 447 1167 484 dixi,
1192 459 1255 478 non
1280 449 1349 479 fieri
1370 449 1586 488 poenitentiae
1610 451 1723 480 merito
1749 456 1783 481 ut
1807 452 1895 482 Deus
1920 456 2052 492 peccata

1086 489 1175 522 nobis
1206 491 1363 521 remittat:
1404 501 1439 523 110
1476 493 1501 522 si
1541 492 1668 532 culpam
1703 493 1753 524 vel
1790 504 1925 532 poenam
1963 496 2051 533 fletu,

1085 532 1202 570 dolore,
1222 534 1421 564 confessione
1440 534 1680 573 redimeremus,
1700 535 1826 575 quando
1850 538 2050 576 poenitentia

1086 575 1117 604 in
1142 576 1271 615 optimis
1295 577 1472 616 quibusque
1497 578 1610 608 mutila
1644 588 1770 617 semper
1797 589 1833 609 ac
1857 578 1969 610 debilis
2000 591 2048 611 10-

1085 618 1235 656 perietur.
1289 618 1397 657 Quare
1440 620 1568 651 nonnisi
1613 622 1773 660 gratuitae
1812 620 1873 651 Dei
1915 622 2049 653 bonitati

1084 670 1181 691 causa
1221 664 1252 691 et
1285 661 1355 691 laus
1390 662 1501 692 veniae
1536 662 1673 693 adscribi
1707 662 1809 694 debet.
1866 664 1942 695 Ideo
1981 665 2047 695 dixi

1084 702 1203 733 ieiunio
1228 704 1387 743 professos
1421 705 1517 735 fuisse
1547 705 1712 737 Israelitas
1741 706 1868 745 culpam
1899 717 1989 737 suam
2013 718 2050 738 ae

1084 750 1224 782 reatum,
1254 747 1408 777 sacrificio
1438 752 1543 777 autem
1574 748 1671 779 fuisse
1695 750 1853 788 expiatos:
1886 751 1959 789 (111111
1985 761 2047 780 non

1084 787 1147 818 alia
1170 794 1238 818 erat
1260 789 1473 819 satisfaciendi
1497 790 1588 821 ratio.

1169 830 1218 862 29.
1254 831 1361 862 Omnis
1383 832 1462 862 enim
1486 833 1593 863 anima
1616 843 1694 871 quae
1716 844 1774 864 non
1800 834 1895 873 fuerit
1921 835 2048 874 affliela.

1085 872 1170 903 Hine
1194 873 1354 904 diseamus
1378 880 1575 914 quantopere
1599 876 1722 914 placeat
1752 875 1823 906 Deo
1854 878 2046 908 sacrificinm

1085 916 1195 946 afflicti
1230 921 1261 946 et
1294 916 1454 946 humiliati
1489 918 1610 947 cordis:
1645 918 1774 957 quando
1801 925 1865 949 tam
1901 930 2048 950 severam

1084 968 1219 997 poenam
1245 960 1328 989 sumi
1354 960 1446 990 iussit
1469 959 1507 989 de
1526 961 1745 991 caeremoniae
1769 967 1967 1002 contemptu.
2006 963 2051 993 Et

1085 1006 1170 1031 certe
1204 1001 1262 1032 hoc
1298 1007 1365 1032 erat
1400 1002 1496 1032 nimis
1531 1013 1658 1033 crassae
1688 1004 1850 1035 socordiae
1884 1004 2049 1042 indicium,

1085 1054 1182 1082 quum
1209 1044 1297 1074 Deus
1320 1044 1478 1075 incuteret
1502 1044 1568 1075 irae
1592 1056 1667 1076 51130
1691 1050 1858 1083 terrorem,
1882 1053 1912 1077 et
1938 1047 1975 1077 ad
2003 1047 2049 1077 la-

1085 1096 1211 1126 crymas
1224 1090 1366 1117 vocaret:
1387 1097 1498 1118 secure
1512 1094 1543 1117 et
1555 1088 1697 1118 molliter
1708 1089 1871 1128 quiescere
1885 1094 1916 1120 et
1937 1100 2050 1121 vacare

1085 1128 1211 1159 delitiis.
1271 1128 1342 1167 Qua
1380 1129 1502 1159 ratione
1544 1129 1688 1161 horribili
1724 1132 1930 1162 iureiurando
1965 1133 2048 1172 apud

1084 1171 1202 1201 Isaiam
1217 1171 1291 1212 (Isa.
1302 1172 1352 1209 22,
1367 1171 1417 1212 14)
1432 1172 1614 1208 denunciat,
1628 1184 1661 1204 se
1674 1184 1838 1212 nunquam
1859 1174 2048 1213 placabilem

1085 1215 1150 1244 fore
1174 1214 1320 1250 Iudaeis,
1345 1215 1459 1253 quibus
1484 1214 1572 1245 nulla
1596 1215 1701 1246 fuerat
1720 1217 1929 1256 resipiscendi
1955 1228 2047 1248 cura:

1084 1256 1139 1287 sed
1173 1267 1272 1295 quun]
1309 1257 1396 1287 Deus
1431 1258 1627 1297 increpando
1668 1258 1839 1289 clamasset
1879 1270 1935 1299 per
1975 1271 2049 1291 suos

1084 1299 1258 1338 prophetas
1292 1304 1325 1329 ut
1368 1305 1577 1339 properarent
1612 1300 1651 1330 ad
1693 1301 1819 1339 fletum,
1862 1302 2049 1340 lamentum,

1084 1341 1264 1380 calvitium,
1288 1347 1319 1372 et
1342 1342 1519 1372 cincturam
1543 1343 1640 1379 sacci,
1669 1343 1817 1374 hilariter
1841 1345 2049 1376 comessando

1085 1390 1117 1413 et
1133 1384 1270 1415 bibendo
1290 1384 1453 1415 dixerant:
1473 1385 1663 1424 Epulemur,
1685 1386 1758 1425 quia
1776 1396 1846 1417 cras
1865 1388 2049 1418 moriemur.

1086 1427 1151 1457 Nec
1185 1428 1320 1464 mirum,
1353 1428 1480 1467 quando
1510 1427 1562 1459 hic
1596 1433 1644 1458 est
1675 1434 1840 1459 extremae
1874 1430 2049 1470 impietatis

1084 1469 1247 1507 cumulus,
1276 1469 1370 1500 bruta
1402 1471 1602 1501 contumacia
1632 1472 1844 1503 conscientias
1867 1473 2047 1512 obstupefa-

1058 1553 1059 1556 ,
1084 1522 1163 1549 cere,
1188 1518 1217 1542 et
1238 1513 1343 1543 Deum
1363 1513 1492 1552 privare
1516 1518 1671 1553 potestate
1691 1513 1814 1545 iudicis.
1850 1514 2050 1555 Quantisper

1085 1555 1169 1585 euim
1184 1565 1322 1594 cousque
1336 1555 1501 1586 mordetur
1514 1566 1549 1586 ac
1562 1557 1720 1596 pungitur
1733 1561 1881 1596 peccator
1896 1558 2047 1588 vitiorum

1085 1608 1217 1627 suorum
1240 1608 1344 1635 sensu,
1369 1603 1405 1627 ut
1427 1598 1525 1629 anxie
1545 1599 1584 1629 ad
1604 1599 1782 1629 remedium
1806 1602 1953 1639 suspiret,
1976 1611 2049 1640 spes

1057 1662 1059 1666 ,
1084 1646 1133 1670 est
1158 1639 1264 1679 aliqua
1287 1640 1482 1671 sanationis:
1506 1642 1557 1680 qui
1583 1652 1658 1672 vero
1683 1647 1803 1672 metum
1831 1653 1901 1673 cum
1928 1642 2049 1682 pudore

1083 1683 1187 1719 exuit,
1223 1693 1354 1722 prorsus
1384 1690 1432 1713 cst
1465 1683 1663 1722 desperatus.
1709 1684 1777 1715 Iani
1809 1685 1883 1724 quia
1905 1685 2050 1716 externis

1084 1725 1275 1756 rudimentis
1316 1736 1379 1755 non
1421 1726 1543 1756 frustra
1578 1727 1666 1757 Deus
1710 1733 1849 1758 veterem
1892 1728 2047 1767 populum

1084 1769 1228 1798 exercuit
1251 1768 1308 1798 sub
1340 1768 1423 1808 lege,
1456 1770 1590 1808 profana
1618 1774 1650 1799 et
1683 1769 1895 1800 intolerabilis
1925 1771 2049 1801 incuria

1084 1811 1143 1841 fuit
1177 1811 1325 1840 omittere
1364 1811 1447 1850 quod
1482 1816 1546 1841 tam
1583 1813 1796 1842 necessarium
1832 1820 1916 1842 erat:
1959 1813 2049 1852 peior

1084 1854 1179 1883 etiam
1194 1853 1335 1890 durities,
1359 1853 1448 1893 quasi
1473 1853 1548 1884 data
1567 1864 1662 1894 opera
1681 1856 1857 1894 aspernari,
1882 1860 1917 1885 ut
1937 1855 2047 1886 mirari

1085 1906 1178 1926 nenio
1212 1895 1325 1926 debeat
1348 1906 1469 1936 poenae
1499 1898 1714 1928 severitatem.
1761 1897 1977 1928 Numerorum
2007 1898 2048 1929 29

1084 1939 1185 1978 capite
1208 1939 1403 1977 exprimitur
1426 1949 1580 1970 numerus
1605 1940 1824 1970 victimarum:
1849 1939 1902 1970 sed
1924 1945 2047 1979 partem

1085 1981 1171 2011 illam
1197 1987 1370 2020 praetereo,
1395 1981 1468 2021 quia
1492 1982 1693 2021 expositione
1717 1993 1795 2021 opus
1819 1993 1880 2012 non
1908 1983 2014 2013 habet.

1169 2024 1218 2054 34.
1244 2023 1475 2063 Deeimoquinto
1507 2024 1564 2055 die.
1612 2025 1649 2055 In
1685 2026 1749 2055 fine
1789 2025 1902 2064 eapitis
1942 2030 2046 2055 osten-

1084 2110 1187 2140 Deus:
1215 2119 1327 2148 nempe
1352 2113 1386 2139 nt
1408 2110 1563 2139 memoria
1587 2114 1768 2149 repeterent
1791 2110 1846 2140 filii
1873 2110 1989 2147 Israel,
2013 2121 2047 2141 se

1084 2152 1118 2182 in
1142 2152 1267 2182 deserto
1290 2151 1348 2182 sub
1378 2152 1517 2191 tuguriis
1543 2152 1704 2183 habitasse
1735 2163 1831 2191 quum
1864 2152 1953 2182 nulla
1983 2153 2048 2183 illis

1084 2199 1167 2225 esset
1190 2201 1276 2225 certa
1301 2195 1414 2231 statio,
1442 2194 1496 2225 sed
1528 2194 1594 2225 vita
1617 2195 1706 2234 quasi
1731 2195 1874 2225 erratica.
1922 2195 2047 2226 Pascha

1085 2237 1215 2267 docebat
1246 2236 1436 2267 mirabiliter
1465 2248 1504 2267 ex
1534 2238 1695 2277 praesenti
1726 2243 1830 2268 morte
1860 2248 1956 2268 manu
1986 2238 2047 2269 Dei

1084 2280 1181 2310 fuisse
1205 2284 1347 2319 ereptos:
1372 2279 1431 2310 hoc
1454 2286 1560 2310 autem
1585 2280 1686 2310 altero
1715 2279 1764 2310 dic
1793 2280 1983 2310 continuum
2015 2286 2047 2311 et

1085 2322 1270 2352 diuturnum
1292 2322 1416 2361 gratiae
1436 2332 1512 2353 suae
1531 2333 1662 2352 cursum
1684 2322 1772 2353 Deus
1791 2323 2045 2353 commendavit:

1084 2366 1159 2405 quia
1182 2376 1244 2395 non
1269 2364 1346 2395 satis
1370 2364 1484 2395 fuisset
1515 2375 1688 2404 agnoscere
1720 2365 1780 2395 Dei
1810 2365 1987 2404 potentiam
2012 2367 2045 2396 in

1082 2408 1150 2448 ipso
1174 2418 1319 2447 egressu,
1343 2411 1375 2437 et
1401 2407 1439 2437 de
1462 2412 1686 2438 momentanea
1711 2408 1899 2438 liberatione
1923 2410 2046 2448 gratias

1084 2461 1193 2491 agere,
1224 2450 1285 2480 nisi
1327 2460 1437 2480 omues
1471 2449 1591 2480 solidae
1626 2450 1823 2480 liberationis
1857 2461 2046 2490 progressus

1084 2493 1179 2523 simul
1206 2497 1406 2532 reputarent,
1435 2502 1513 2531 quos
1543 2493 1665 2532 experti
1695 2493 1822 2523 fuerant
1847 2493 1939 2524 anuis
1968 2504 2046 2533 qua-

1085 2536 1241 2575 draginta,
1275 2535 1349 2565 Huc
1373 2534 1519 2565 alludens
1543 2535 1699 2574 propheta
1722 2535 1904 2573 Zacharias,
1929 2536 1983 2567 ubi
2007 2537 2046 2567 de

1085 2578 1227 2609 secunda
1250 2577 1467 2617 redemptione
1498 2578 1596 2608 verba
1619 2577 1711 2615 facit,
1742 2578 1864 2608 cunctis
1895 2579 2047 2618 gentibus

1085 2632 1166 2661 quac
1190 2620 1228 2651 ad
1256 2620 1313 2650 Dei
1336 2620 1457 2651 cultum
1482 2629 1656 2651 conversae
1678 2620 1801 2651 fuerint
1828 2621 1985 2661 praecipit
2012 2626 2049 2652 ut

1806 2670 1839 2696 38
