2304 3034
149 149 186 178 111
729 144 1097 179 COMMENTARIUS
1121 146 1170 178 IN
1195 146 1342 178 EXODI
1366 146 1463 178 CAP.
1489 146 1564 178 VII.

149 241 266 272 artium
291 239 412 270 studia:
448 249 484 269 ex
522 238 669 278 proximo
700 242 809 269 tamen
839 244 994 270 contextu
1028 244 1117 280 patet

148 284 261 314 multis
285 282 436 313 inanibus
460 281 625 321 figmentis
647 280 746 312 fnisse
771 280 905 318 deditos,
930 282 993 313 imo
1017 288 1116 313 totam

148 326 339 366 degenerem
355 334 466 354 eorum
480 324 648 354 scientiam
670 324 769 354 fuisse
784 334 906 354 meram
926 325 1115 357 vanitatem.

148 369 231 400 Nam
245 374 375 400 &ntem
397 372 427 396 et
447 373 577 399 :remu
597 366 896 406 superstitiosarum
910 372 983 397 sunt
998 368 1115 398 artium

149 412 280 442 nomina
304 420 438 450 quorum
464 410 554 449 prius
578 410 740 450 siguificat
766 409 1037 449 praestigiatores,
1065 411 1115 441 vel

147 455 201 495 qni
232 453 362 484 fascinis
393 452 500 484 oculos
531 462 709 491 sensusque
741 452 902 483 inficiunt:
938 453 1115 484 seeundum

148 507 222 527 vero
258 506 314 536 pro
349 495 560 536 genethliacis
596 495 738 534 capitur,
774 495 827 534 qui
863 505 903 525 ex
940 495 1114 536 horoscopo

146 540 289 570 indicant
313 537 351 569 de
375 539 530 578 cuiusque
553 537 686 568 fortuna
706 544 737 568 et
760 548 799 567 ex
824 538 929 577 positu
954 544 1114 569 astrorum

146 582 356 613 hariolantur.
409 580 520 620 Quum
550 591 626 621 ergo
662 591 701 611 ex
732 581 876 620 genuina
911 581 1115 621 philosophia

145 625 285 666 prolapsi
299 628 405 656 essent
419 624 505 664 magi
521 624 684 663 Aegyptii,
704 623 911 654 retinuerunt
931 625 1114 663 sapientum

145 678 274 705 nomen,
290 672 326 698 ut
341 667 436 698 fidem
450 667 655 697 illusionibus
675 667 740 696 suis
760 666 973 706 acquirerent.
1011 666 1114 698 Sicuti

145 711 301 749 diabolus,
325 716 359 741 nt
384 709 424 740 ad
447 720 480 741 50
501 710 606 749 rapiat
620 708 681 739 Dei
706 709 852 749 gloriam,
878 709 928 739 vel
952 720 986 740 se
1009 715 1113 740 trans-

144 755 262 794 figuret
286 754 318 784 in
343 752 494 793 angelum
523 752 621 788 lucis,
653 751 732 782 solet
756 752 932 783 mendaciis
956 753 1114 792 speciosos

144 797 255 828 titulos
287 797 463 836 imponere.
511 795 578 826 Nee
609 795 741 825 dubium
771 800 819 825 est
849 795 927 834 quin
950 794 999 836 (ut.
1021 796 1054 825 in
1080 805 1113 825 re

143 839 311 881 perplexa)
326 839 444 870 certius
458 849 498 869 ex
511 838 754 877 comparatione
767 847 905 868 examen
925 839 1112 878 quaesierit:

144 894 207 914 non
233 888 341 913 tamen
366 882 429 912 alia
453 881 490 912 de
515 891 612 912 cansa
636 881 699 911 nisi
723 885 759 911 ut
790 881 990 923 impietatem
1022 891 1113 912 snam

144 936 226 957 novo
245 925 416 956 involucro
436 929 568 964 tegeret.
606 923 731 954 Nomen
751 927 816 955 ‘cuv
839 924 966 955 tametsi
986 924 1113 963 proprie

144 969 296 1000 laminam
328 967 424 1008 gladii
458 967 635 1007 signifieat,
667 976 723 1006 pro
755 967 975 997 incantatione
1005 971 1113 997 tamen

142 1012 194 1043 hic
219 1011 369 1041 sumitur.
417 1010 610 1049 Quanquam
641 1009 781 1040 arbitror
812 1019 865 1041 005
894 1009 962 1040 falli
986 1010 1039 1049 qui
1063 1020 1113 1040 ra-

144 1055 264 1085 tionem
279 1054 457 1094 assignant,
476 1053 551 1093 quia
571 1052 687 1093 gladio,
710 1052 761 1083 vel
781 1052 878 1083 simili
898 1053 1114 1083 instrumento

143 1103 331 1128 exercerent
356 1106 432 1127 suus
456 1095 658 1136 praestigias.
706 1095 817 1126 Potius
839 1097 924 1126 enim
951 1095 1113 1135 metapho-

142 1141 206 1172 rice
228 1139 410 1171 versatilem
431 1140 639 1180 agitationem
662 1137 819 1178 designat,
840 1149 900 1178 qua
921 1138 1008 1178 magi
1027 1138 1112 1168 aliud

143 1194 200 1223 pro
220 1183 282 1213 alio
301 1188 480 1213 ostentant:
502 1182 630 1222 proprie
649 1181 736 1211 enim
756 1182 921 1212 flammam
941 1181 1111 1221 significat.

144 1226 245 1257 Porro
282 1226 358 1256 haec
393 1231 458 1256 tam
494 1234 606 1256 severa
640 1224 812 1264 gravisque
847 1224 925 1255 ultio
956 1232 1111 1254 terrorem

144 1270 290 1300 incutere
332 1268 423 1299 nobis
458 1268 567 1306 debet,
610 1278 649 1298 ne
684 1266 756 1297 odio
792 1268 938 1298 veritatis
972 1266 1112 1298 fallacias

143 1316 344 1352 appetamus.
392 1311 450 1342 Est
474 1311 562 1342 enim
586 1309 645 1341 hoc
669 1310 874 1350 saerilegium
899 1309 1111 1347 intolerabile,

144 1355 227 1386 velle
251 1355 325 1385 data
347 1365 444 1394 opera
467 1358 653 1394 pervertere
683 1352 857 1384 discrimen
883 1353 951 1384 veri
976 1358 1006 1383 et
1030 1352 1110 1384 falsi.

144 1398 259 1438 Itaque
283 1398 363 1428 nihil
389 1397 507 1428 mirum
527 1397 553 1427 51
567 1396 657 1427 Deus
681 1396 714 1425 in
737 1396 1005 1436 profundissimas
1029 1405 1111 1426 erro—

144 1452 217 1472 rum
241 1440 391 1472 tenebras
415 1439 581 1479 demergat
600 1439 654 1479 qui
671 1438 710 1469 ad
734 1438 875 1470 oblatam
897 1439 1002 1470 lucem
1024 1438 1111 1470 elau-

144 1484 226 1515 dunt
249 1484 374 1520 oculos,
404 1486 435 1513 et
459 1482 514 1523 qui
537 1492 611 1513 eum
635 1482 828 1522 magistrum
853 1481 964 1513 audire
989 1481 1110 1513 detrec-

144 1533 226 1564 tant,
250 1537 303 1557 eos
327 1525 468 1557 Satanae
492 1524 597 1556 tradat
622 1525 804 1564 discipulos.

231 1570 279 1600 12.
308 1569 505 1600 Proiecernnt
534 1569 616 1599 enim
645 1568 770 1607 sinyztli.
815 1568 888 1599 Non
917 1567 1110 1607 exprimitur

144 1624 301 1643 numerus
325 1622 504 1651 magorum,
529 1616 558 1641 et
583 1621 681 1651 quum
707 1611 829 1642 Paulus
853 1610 893 1652 (i).
919 1611 1001 1642 Tim.
1025 1611 1054 1649 3,
1078 1610 1110 1652 8)

144 1657 223 1687 duos
247 1656 391 1686 nominat
416 1655 550 1685 Iannem
582 1661 613 1684 et
637 1654 834 1691 Mambrem,
862 1654 1033 1685 verisimile
1062 1658 1110 1684 est

145 1709 209 1729 non
240 1699 323 1729 solos
354 1698 464 1735 fuisse,
497 1696 552 1728 sed
585 1696 772 1737 praecipuos
802 1702 833 1727 et
863 1697 954 1737 quasi
984 1702 1109 1728 turmae

144 1741 249 1772 duces.
296 1741 345 1772 De
369 1751 403 1771 re
428 1746 535 1771 tamen
567 1739 665 1771 dubia
694 1750 760 1771 non
789 1739 957 1772 contendo.
1002 1739 1108 1780 Magis

144 1784 182 1815 ad
214 1795 281 1815 rem
311 1784 451 1824 pertinet
476 1783 570 1814 Pauli
601 1782 794 1821 admonitio,
824 1783 907 1814 sicut
929 1783 1048 1813 Iannes
1078 1787 1109 1813 et

145 1828 309 1858 Mambres
340 1827 531 1857 restiterunt
555 1826 655 1863 Mosi,
685 1827 729 1856 ita
759 1837 887 1866 semper
917 1826 984 1856 fore
1013 1825 1109 1857 falsos

145 1870 291 1901 doctores
315 1870 368 1909 qui
392 1874 581 1910 oppugnent
605 1879 698 1900 veros
722 1869 847 1900 Christi
872 1869 1052 1905 ministros,
1078 1873 1110 1899 et

144 1913 271 1953 quidem
308 1913 477 1952 proficiant
510 1913 543 1942 in
579 1912 678 1951 peius.
734 1913 797 1943 Est
830 1912 917 1943 enim
958 1911 1110 1942 horribile

142 1956 345 1996 exemplum,
380 1955 506 1986 laxatas
537 1956 640 1994 magis
669 1955 811 1986 habenas
842 1965 982 1994 eousque
1013 1954 1110 1985 fuisse

145 2005 179 2029 nt
204 2009 302 2039 prope
326 1998 450 2038 aequali
482 1997 698 2028 aemulatione
722 2009 794 2029 cum
819 1998 911 2029 Mose
938 1997 1110 2028 contende-

145 2051 227 2072 rent.
280 2042 403 2072 Verum
440 2041 538 2081 digna
568 2049 616 2071 est
651 2041 763 2071 mundi
796 2040 996 2081 ingratitudo
1030 2050 1110 2080 quae

144 2094 230 2116 nunc
254 2084 388 2115 eandem
413 2084 649 2115 excaecationis
673 2094 809 2124 poenam
830 2084 998 2114 sustineat.
1033 2083 1110 2114 Tes-

144 2135 234 2158 tatur
264 2127 338 2158 alibi
364 2128 469 2163 Deus,
503 2138 601 2166 quum
635 2127 923 2167 pseudoprophetis
955 2126 1111 2166 permittit

144 2170 237 2201 edere
263 2170 417 2200 miracula
441 2169 479 2199 ad
506 2169 699 2207 fallendum,
728 2181 760 2201 se
780 2170 919 2218 'probare
944 2169 1109 2199 hominum

143 2213 239 2244 corda
263 2213 374 2254 (Dent.
409 2212 618 2253 13‚1).Et
648 2224 724 2243 sane
755 2213 816 2243 nisi
849 2213 978 2253 propria
1009 2211 1109 2252 hypo-

144 2257 236 2287 crisis
260 2256 323 2286 veli
349 2257 451 2286 instar
476 2256 566 2286 nobis
597 2262 680 2286 esset
704 2255 742 2285 ad
768 2255 947 2286 tollendum
973 2254 1054 2294 nigri
1080 2259 1111 2285 et

144 2299 206 2329 albi
232 2299 412 2334 discrimen,
434 2298 515 2328 nihil
529 2297 631 2329 Satan
652 2298 808 2329 eiusmodi
829 2298 952 2329 artibus
972 2308 1008 2328 ac
1008 2280 1110 2327 t:deci-

145 2343 228 2381 pnlis
264 2342 441 2381 proficeret.
488 2340 554 2371 Sed
578 2352 636 2372 nos
666 2342 725 2381 ipsi
754 2341 845 2381 qnasi
875 2341 971 2371 exitio
1003 2340 1110 2370 devoti

144 2386 176 2414 in
203 2385 313 2425 plagas
338 2385 475 2414 libenter
500 2395 555 2414 005
582 2385 784 2415 eoniicimus:
814 2384 1004 2424 praesertim
1037 2393 1111 2413 vero

146 2428 234 2458 Dens
258 2428 291 2457 in
319 2426 483 2466 reprobos,
510 2428 562 2466 qni
587 2427 798 2466 pervicaciter
821 2426 949 2457 errandi
973 2426 1110 2456 occasio-

145 2481 218 2500 nem
243 2476 416 2510 appetunt‚
441 2470 591 2500 ultimum
617 2470 676 2501 hoc
701 2470 824 2500 fulmen
850 2469 969 2503 vibrat.
997 2479 1110 2507 nempe

146 2514 319 2544 efficaciam
345 2512 519 2549 illusionis,
545 2523 574 2542 01
599 2513 693 2543 simul
719 2523 772 2543 eos
797 2513 968 2548 dementat,
995 2517 1027 2541 nt
1051 2511 1110 2541 sibi
1135 2540 1137 2557 N
1389 2554 1436 2583 [l

1136 2567 1137 2571 =
1157 2556 1356 2592 praeceperat
1409 2565 1509 2585 amna.

146 2566 163 2585 a
188 2556 357 2586 manifesta
381 2556 521 2595 pernicie
546 2566 610 2586 non
634 2561 781 2587 caveant.
830 2556 951 2586 Darent
982 2553 1110 2593 quidem

146 2599 237 2628 inulti
265 2599 425 2629 Pharaoni
456 2598 582 2629 veniam
606 2599 688 2639 quod
710 2610 726 2629 a
751 2598 855 2638 magis
878 2598 945 2629 suis
968 2595 1109 2633 delusus,

2099 147 2140 179 92

1170 241 1209 272 ab
1233 252 1285 272 eri
1288 252 1341 272 016¹
1365 252 1460 281 quem
1485 242 1626 282 effugere
1646 252 1711 272 non
1731 246 1866 281 poterat,
1891 252 1924 273 se
1948 254 2010 274 non
2031 243 2137 292 expli-

1169 284 1280 315 cuerit.
1333 283 1419 323 Quid
1452 285 1537 314 enim
1552 269 1698 315 0fecisset
1732 284 1785 315 ubi
1820 284 1951 316 videbat
1984 287 2135 327 utrinque

1169 328 1333 367 aequalem
1365 326 1575 358 conflictum?
1612 326 1678 358 Sed
1708 327 1838 357 omnino
1869 328 2044 360 tenendum
2075 334 2134 368 est,

1169 370 1330 400 neminem
1367 370 1411 399 ita
1453 369 1656 418 praecipitari
1690 370 1750 401 nisi
1787 371 1839 410 qui
1876 371 1945 401 Deo
1986 371 2135 403 resistere

1170 412 1284 442 voluit:
1314 412 1504 452 praesertim
1528 412 1662 452 spiritus
1693 413 1865 453 vertiginis
1895 419 1925 443 et
1956 413 2135 446 dementiae

1169 465 1222 485 eos
1253 462 1382 494 occupat
1416 455 1468 494 qui
1504 455 1536 485 in
1566 465 1626 486 sua
1655 455 1779 486 malitia
1809 456 1941 486 fuerunt
1970 456 2133 489 obstinati.

1168 498 1235 528 Nec
1261 508 1334 528 vero
1357 497 1593 536 praetereunda
1623 504 1671 528 cst
1701 498 1895 530 discriminis
1925 503 2018 536 nota,
2051 499 2135 539 quod

1168 541 1260 581 virga
1275 540 1375 570 Mosis
1397 539 1567 571 devoravit
1587 541 1695 581 virgas
1715 551 1893 581 magorum.
1930 541 1994 580 Qui
2014 541 2135 573 factum

1168 589 1215 613 est
1239 590 1273 613 nt
1298 594 1361 613 000
1386 582 1660 614 animadverteret
1683 583 1812 614 Pharao
1836 584 1951 615 Mosen
1975 595 2044 615 esse
2068 585 2134 616 vic-

1168 625 1293 656 torem?
1315 626 1368 665 qui
1389 626 1507 656 factum
1527 632 1575 657 est
1595 632 1628 656 ut
1652 627 1759 666 potius
1783 626 1822 657 ad
1845 637 1920 658 suos
1943 627 2134 667 impostores

1168 668 1356 699 deflexerit?
1388 669 1440 708 qni
1470 668 1590 700 factum
1621 675 1669 699 est
1696 669 1834 709 denique
1857 675 1894 700 ut
1917 680 2046 700 servum
2073 669 2134 701 Dei

1168 722 1230 742 non
1261 717 1448 751 agnosceret
1476 711 1530 751 qui
1562 712 1664 742 suerat
1699 712 1731 741 in
1766 713 1942 743 certamine
1976 713 2133 752 superior,

1167 755 1228 784 nisi
1252 754 1332 793 quod
1358 754 1457 794 impii,
1481 754 1557 784 dum
1582 760 1757 785 occurrunt
1781 755 1970 786 manifestae
1989 756 2046 785 Dei
2071 755 2136 786 vir-

1167 802 1260 834 tutes,
1285 796 1426 835 maligne
1450 796 1647 828 connivent?
1673 797 1770 828 Certe
1789 798 1932 838 quisquis
1951 797 1990 828 ad
2011 805 2132 829 rectum

1166 850 1296 879 scopum
1329 839 1453 877 tendet,
1484 850 1649 880 nunquam
1680 840 1872 871 destituetur
1903 846 2025 872 rectore
2053 840 2132 872 Deo.

1166 882 1279 922 Itaque
1310 883 1392 913 iuste
1423 882 1517 922 culpa
1548 883 1581 913 10
1606 882 1809 914 Pharaonem
1836 884 2017 922 confertur,
2049 883 2132 923 quod

1166 926 1204 955 ob
1218 925 1322 956 cordis
1336 924 1486 956 duritiem
1508 925 1673 956 attendere
1692 926 1843 957 noluerit.
1879 925 1974 965 Quod
1988 927 2133 966 papistae

1166 973 1347 1007 serpentem
1372 968 1493 999 iactant
1512 969 1619 999 vocari
1636 968 1735 999 Mosis
1761 969 1895 1009 virgam,
1920 969 2016 1000 sicuti
2041 970 2132 1008 panis

1166 1010 1199 1040 in
1225 1011 1346 1042 Christi
1377 1021 1507 1041 carnem
1537 1012 1865 1042 transsubstantiatus
1896 1022 2011 1042 nomen
2041 1012 2133 1051 panis

1167 1054 1295 1090 retinet,
1322 1054 1417 1084 nimis
1440 1054 1591 1084 frivolum
1617 1059 1664 1085 est
1688 1054 1848 1085 cavillum.
1896 1054 2014 1086 Inscite
2045 1055 2133 1085 enim

1166 1107 1216 1127 res
1241 1102 1408 1136 tantopere
1432 1096 1605 1128 dissimiles
1629 1097 1725 1128 simul
1750 1097 1966 1128 confundunt:
2002 1098 2076 1138 quia
2100 1098 2133 1128 in

1165 1149 1282 1170 coenae
1303 1140 1457 1179 mysterio
1478 1139 1573 1170 durat
1592 1140 1739 1180 analogia
1760 1141 1846 1180 signi
1865 1146 1898 1171 et
1914 1141 1959 1171 rei
1978 1141 2133 1180 signatae,

1165 1182 1197 1212 in
1229 1182 1287 1213 hoc
1323 1183 1475 1213 miraculo
1511 1183 1591 1213 ratio
1622 1194 1753 1223 prorsus
1781 1182 1951 1214 contraria.
2007 1183 2133 1214 Deinde

1166 1226 1239 1264 quia
1263 1225 1396 1255 mutatio
1426 1225 1583 1256 duntaxat
1614 1232 1682 1257 erat
1711 1225 1911 1265 temporalis,
1937 1226 2052 1256 merito
2077 1235 2132 1256 vo-

1166 1269 1247 1298 cavit
1270 1268 1377 1299 Moses
1402 1268 1567 1307 baculum,
1595 1269 1646 1300 eui
1669 1279 1743 1299 mox
1768 1268 1930 1299 reddenda
1953 1275 2022 1299 erat
2046 1269 2132 1308 prior

1164 1310 1274 1341 forma.
1322 1310 1413 1341 Adde
1443 1311 1525 1351 quod
1556 1322 1671 1342 verum
1702 1316 1884 1351 serpentem
1915 1322 1988 1342 eum
2010 1311 2132 1342 fictitiis

1165 1354 1349 1388 conferens,
1375 1354 1479 1384 noluit
1504 1355 1627 1385 variare
1651 1355 1685 1384 in
1709 1354 1902 1385 nominibus.
1947 1354 2071 1385 Verum
2097 1358 2133 1384 ut

1165 1396 1244 1426 haec
1268 1397 1374 1427 omnia
1398 1402 1612 1436 praeteream,
1638 1397 1739 1427 donec
1765 1396 1965 1428 ostenderint
1988 1397 2132 1437 papistae

1166 1440 1469 1470 transsubstantiari
1500 1451 1614 1480 panem
1640 1441 1670 1470 in
1701 1450 1832 1479 corpus,
1867 1439 1950 1470 nihil
1981 1439 2130 1471 efficient.

1164 1481 1235 1513 Imo
1259 1482 1341 1522 qnod
1366 1483 1464 1513 stulte
1495 1483 1526 1513 in
1558 1494 1615 1513 005
1646 1488 1813 1522 torquent,
1845 1482 1955 1513 licebit
1984 1483 2016 1513 in
2045 1483 2132 1522 ipsos

1165 1530 1369 1563 convertere,
1399 1536 1516 1565 panem
1546 1526 1654 1557 vocari
1686 1535 1802 1565 corpus
1830 1525 1977 1566 quamvis
2001 1530 2132 1556 maneat

1165 1568 1270 1607 panis,
1304 1579 1364 1599 non
1390 1568 1484 1599 aliter
1507 1578 1543 1600 ae
1567 1579 1699 1609 serpens
1723 1569 1776 1608 001
1801 1573 1879 1600 tunc
1903 1568 2054 1608 apparuit
2076 1578 2132 1600 vo-

1164 1616 1253 1643 catus
1277 1616 1325 1643 est
1349 1611 1490 1644 baculus.

1251 1697 1298 1728 14.
1332 1697 1417 1728 Tunc
1446 1698 1529 1729 dizit
1552 1697 1664 1728 Ielzova
1695 1697 1736 1728 ad
1759 1696 1883 1728 Mosen.-
1916 1697 2131 1738 Ayyravatnm

1163 1741 1206 1770 est
1234 1750 1283 1771 cor
1316 1739 1493 1771 Pharaonis
1520 1751 1556 1771 ne
1582 1740 1718 1772 dimittat
1739 1740 1902 1779 populum.
1957 1740 2005 1771 15.
2046 1739 2131 1772 Vade

1162 1782 1204 1813 ad
1236 1782 1432 1814 Pharaonem
1461 1793 1568 1814 mane:
1598 1793 1675 1819 ecce,
1704 1783 1860 1823 eyreditnr
1888 1783 1930 1814 ad
1958 1793 2072 1823 aquas,
2104 1785 2132 1814 et

1161 1827 1221 1855 stes
1242 1826 1272 1856 in
1291 1836 1451 1857 occursum
1470 1827 1537 1858 eins
1554 1836 1650 1865 super
1667 1827 1771 1865 ripam
1786 1826 1943 1864 fluminis:
1964 1829 1992 1857 et
2009 1827 2131 1865 viryam

1162 1878 1240 1906 qnae
1265 1879 1352 1899 versa
1373 1870 1435 1908 fnit
1462 1870 1495 1900 in
1523 1872 1690 1908 serpentem
1719 1869 1804 1900 tolles
1825 1870 1860 1900 in
1882 1879 2011 1900 manum
2033 1871 2128 1900 tuam.

1164 1911 1212 1941 16.
1237 1911 1277 1941 Et
1300 1912 1380 1942 dice-s
1403 1912 1444 1942 ml
1466 1922 1549 1943 enm.-
1570 1912 1684 1943 Ielzova
1703 1911 1791 1942 Dens
1811 1911 2021 1942 Hebraeorum
2043 1912 2131 1942 misit

1161 1964 1207 1984 me
1230 1955 1270 1984 ad
1293 1957 1333 1989 te,
1357 1955 1473 1986 dicens:
1503 1955 1633 1986 Dimitte
1657 1955 1808 1994 populum
1835 1965 1936 1985 meum
1959 1957 1992 1985 ut
2014 1955 2129 1985 serviat

1162 1996 1282 2027 mihim
1302 1998 1432 2028 ‹Its-erto:
1448 2001 1473 2028 ει
1491 2008 1561 2033 eece,
1582 2008 1640 2029 non
1660 1998 1781 2028 audisti
1799 1997 1856 2028 leuc
1874 2007 1976 2037 usque.
2012 1997 2060 2028 17.
2076 1996 2128 2028 Sic

1162 2040 1241 2070 divit
1262 2040 1392 2071 Iemlzoca
1412 2041 1453 2071 In
1475 2041 1528 2071 110(
1546 2041 1623 2072 scies
1645 2041 1726 2080 quod
1748 2051 1799 2079 eyo
1816 2050 1887 2071 snm
1907 2039 2037 2070 Ielcova:
2055 2049 2126 2077 eece,

1162 2093 1212 2122 «10
1230 2084 1404 2130 pemctinm
1431 2085 1519 2123 virya
1549 2094 1628 2123 quae
1656 2084 1690 2113 in
1719 2093 1815 2114 manu
1844 2093 1909 2114 mea
1939 2085 1981 2113 est
2012 2092 2126 2122 aquam

1162 2135 1240 2163 qnae
1280 2129 1322 2156 ‹st
1362 2127 1394 2156 in
1431 2127 1575 2164 flumine,
1615 2129 1640 2156 et
1684 2128 1814 2156 vertetur
1857 2126 1890 2156 in
1934 2126 2124 2165 sanquinem

1164 2168 1212 2199 18.
1247 2168 1351 2199 Pisres·
1383 2180 1449 2200 cero
1477 2170 1532 2208 qui
1565 2172 1637 2200 scint
1669 2169 1702 2199 in
1726 2169 1854 2205 flumine
1882 2168 2067 2199 morientur:
2100 2171 2126 2198 et

1160 2210 1280 2250 foetebit
1295 2213 1417 2249 flumen,
1438 2215 1463 2242 et
1481 2213 1619 2243 molestia
1638 2211 1815 2251 afficientur
1828 2211 1984 2251 Aegyptii,
2004 2210 2128 2242 bibendo

1162 2264 1262 2292 aquus
1294 2265 1330 2284 es
1356 2255 1491 2292 flumine.
1541 2255 1588 2286 19.
1614 2254 1656 2285 Et
1682 2254 1764 2285 dizit
1788 2253 1901 2284 Iehova
1932 2254 1972 2285 ad
2004 2253 2129 2285 Mosen:

1162 2296 1225 2327 Dic
1241 2297 1281 2327 ad
1298 2297 1444 2328 Maron:
1466 2298 1547 2329 Tolle
1565 2298 1686 2337 viryam
1704 2300 1797 2335 tuam,
1817 2299 1842 2327 et
1861 2297 1984 2327 ertende
2001 2306 2128 2327 manum

1161 2342 1247 2369 snam
1280 2350 1373 2378 snper
1407 2351 1506 2379 equas
1540 2341 1685 2381 Aeyypti‚
1727 2350 1820 2378 super
1849 2339 1982 2377 flumina
2014 2349 2126 2377 eornm,

1161 2392 1254 2420 snper
1276 2383 1358 2412 rivas·
1382 2386 1408 2412 et
1430 2386 1540 2423 stayna
1564 2393 1682 2421 eorum,
1712 2385 1738 2413 et
1766 2393 1860 2421 snper
1886 2392 2003 2413 omnem
2026 2382 2127 2413 collec-

1162 2425 1269 2455 tionem
1303 2436 1457 2464 aquarum
1490 2427 1645 2465 «ipsorum.-
1678 2428 1704 2456 εἰ
1731 2425 1804 2463 fient
1832 2425 1978 2464 sanquis,
2013 2425 2128 2464 eritque

1161 2468 1291 2506 sanquis
1309 2479 1368 2506 μιν·
1391 2472 1482 2499 totam
1504 2472 1618 2500 terram
1642 2468 1773 2508 [κωφή
1799 2468 1834 2498 in
1856 2468 1941 2499 vasis
1969 2467 2078 2507 Iiyneis
2101 2469 2127 2497 et

1161 2510 1303 2548 lapideis.
1349 2510 1398 2541 20.
1424 2512 1465 2541 Et
1488 2513 1532 2542 ila
1553 2512 1689 2551 fecerunt
1711 2510 1816 2541 Moses
1839 2513 1865 2541 et
1887 2510 2017 2541 Alzaron
2035 2511 2128 2541 sicuti

1566 2555 1607 2585 Et
1636 2555 1756 2585 elevans·
1790 2553 1945 2591 baculum,
1973 2553 2128 2592 percussit

1162 2606 1260 2635 aquas
1279 2606 1357 2634 qnae
1379 2600 1464 2627 eraut
1491 2599 1522 2628 in
1541 2598 1679 2636 flumine,
1702 2606 1806 2627 coram
1829 2596 1923 2628 oculis
1939 2595 2127 2634 Pharaonis,
