2304 3034
162 198 225 229 539
853 192 1106 225 SECUNDUM
1141 195 1463 229 PRAEOEPTUM.

163 292 258 323 huius
282 291 341 321 loci
363 294 419 325 est,
445 295 480 318 ut
504 291 569 318 tam
593 287 626 318 in
651 287 818 318 sacrificiis
842 287 1031 318 solennibus
1049 298 1131 327 quae

164 335 215 366 lex
239 333 350 372 exigit,
373 341 468 370 quam
491 330 524 360 in
550 330 744 361 voluntariis
763 330 1002 370 proportionem
1022 330 1132 362 obser-

164 382 253 408 vent:
279 375 317 405 de
340 384 403 412 qua
427 373 502 403 alibi
526 372 678 404 vidimus.

250 418 297 447 14.
322 416 364 447 Et
386 426 481 455 quum
497 416 726 456 pereqrinatus.

164 472 227 492 non
252 458 425 500 quoslibet,
456 458 512 489 sed
536 459 589 498 qui
614 458 746 489 oriundi
771 469 788 489 a
812 458 955 498 profanis
979 458 1131 498 gentibus

163 505 231 535 Deo
255 512 372 533 nomen
396 501 566 538 dederant,
598 505 694 541 atque
725 501 771 531 ita
794 502 916 541 recepti
939 501 1068 532 fuerant
1098 502 1130 532 in

162 556 277 586 corpus
300 544 466 576 ecelesiae:
493 555 567 575 nam
592 544 735 584 hospites
758 545 811 583 qui
839 544 1021 575 retinebant
1041 554 1130 583 prae-

163 589 304 628 putium,
343 598 400 618 sua
438 587 660 618 immundities
695 587 826 618 arcebat
855 598 873 618 a
904 587 994 618 cultu
1023 586 1129 627 legali.

164 632 263 662 Porro
287 640 344 661 cur
367 640 465 660 unam
494 637 525 660 et
553 629 689 661 eandem
715 630 848 661 formam
873 630 995 661 servari
1021 629 1129 661 volue-

162 675 204 705 rit
228 674 331 704 Deus:
363 673 514 703 existimo
545 672 625 704 duas
656 672 755 704 fuisse
778 683 902 709 causas,
934 678 970 703 ut
992 672 1130 704 alacrius

163 716 289 757 pietatis
308 715 461 746 exercitia
480 716 684 755 susciperent
702 714 846 747 advenae
866 715 920 755 qui
940 726 1044 755 nuper
1063 715 1131 746 fue-

162 764 235 790 rant
264 758 416 798 cooptati,
452 769 552 798 quum
584 758 733 789 viderent
765 770 799 789 se
830 759 863 789 in
893 758 1006 789 eodem
1031 758 1130 789 locari

161 802 264 843 gradu
287 812 359 833 eum
383 801 459 832 filiis
483 799 650 832 Abrahae:
683 801 799 832 deinde
830 812 871 832 ne
900 802 928 832 si
957 801 1130 832 discrimen

163 844 289 885 aliquod
331 844 440 881 fieret,
482 845 590 875 statim
633 844 828 884 obrepereut
871 844 1005 875 vitiosae
1047 845 1130 874 mix-

163 893 263 919 turae.
309 887 397 927 Ergo
422 898 461 917 ne
486 892 693 927 praepostera
723 887 939 918 aemulatione
975 886 1129 926 paulatim

162 935 423 970 corrumperetur
459 930 566 961 cultus
597 930 658 961 Dei
690 930 830 970 puritas,
867 930 1017 961 varietati
1050 940 1132 970 quae

162 974 223 1004 huc
251 978 283 1003 et
313 972 388 1003 illuc
423 973 611 1004 abstrahere
642 972 723 1004 solet
751 972 900 1004 homines
934 972 1043 1004 clausa
1071 972 1133 1003 fuit

161 1026 267 1047 ianua.

458 1187 521 1218 EX
545 1186 698 1218 LEVI'P.
718 1187 833 1218 XXII.

250 1273 297 1302 17.
327 1272 486 1311 Loquutus
520 1275 563 1303 est
591 1275 753 1311 praetcrea
786 1272 899 1303 Iehova
939 1273 980 1304 ad
1014 1271 1131 1311 Mosen,

161 1316 305 1347 dicendo:
352 1316 400 1347 18.
425 1315 592 1355 Alloquere
614 1314 746 1346 Alzaron
773 1318 798 1346 et
822 1315 901 1354 filios
924 1316 1000 1353 eius,
1023 1319 1048 1346 et
1072 1326 1132 1347 om-

162 1369 215 1390 nes
234 1358 317 1397 filios
342 1358 446 1389 Israel
468 1361 495 1389 et
516 1359 604 1389 dicas
626 1358 710 1390 illis.-
736 1358 914 1397 Quicunque
938 1369 952 1389 c
974 1358 1060 1390 domo
1084 1359 1134 1389 Is-

162 1401 266 1437 radis,
290 1403 316 1432 et
338 1412 352 1432 e
369 1401 548 1441 pere-arinis
563 1401 666 1433 Israel
678 1401 818 1433 obtulerit
840 1401 1020 1432 oblationem
1042 1412 1134 1433 suam

156 1455 217 1483 pro
240 1443 380 1475 ommibus
402 1445 480 1475 votis
502 1445 584 1481 suis,
617 1447 643 1474 et
666 1454 729 1482 pro
757 1444 899 1475 omnibus
933 1444 1134 1475 otrlationibus

162 1487 340 1526 spontaneis
363 1487 441 1525 suis,
465 1497 544 1526 quae
556 1487 695 1518 obtulerit
714 1487 842 1518 Ieliovae
862 1488 894 1518 in
914 1487 1131 1525 holocaustum,

165 1530 212 1561 19.
248 1530 289 1560 In
323 1531 555 1568 acceptationem
594 1530 688 1561 vestri
727 1530 859 1569 offeretis
901 1530 1133 1562 immaculatum

162 1573 335 1604 masculum
357 1583 394 1603 er
416 1573 514 1610 bobus,
540 1583 576 1604 ex
595 1574 694 1613 aynis,
718 1576 743 1604 et
764 1583 802 1604 ez
819 1574 933 1613 capris.
963 1573 1014 1604 20.
1037 1573 1133 1605 Omne

165 1617 193 1647 in
218 1626 276 1656 quo
297 1616 393 1655 fuerit
415 1616 535 1647 macula
560 1626 620 1647 nou
643 1616 788 1655 offeretis:
818 1617 893 1654 quia
922 1626 982 1647 non
1012 1616 1070 1647 erit
1100 1617 1133 1648 in

163 1659 397 1699 acceptationem
414 1669 474 1698 pro
497 1659 591 1690 vobis.
624 1659 674 1690 21.
707 1659 765 1689 Vir
783 1661 884 1690 autem
907 1669 1001 1698 quum
1024 1659 1133 1690 obtule-

162 1703 204 1733 rit
225 1702 414 1740 sacrificium
431 1702 676 1741 prosperitatum
699 1701 846 1739 Ielzovae,
877 1702 919 1732 ad
953 1702 1133 1738 solvendum

162 1747 270 1782 votum,
294 1745 339 1775 vet
362 1745 404 1776 ad
426 1745 598 1776 voluntarie
618 1745 814 1784 offerendum,
839 1755 877 1775 ex
899 1744 998 1782 bobus,
1029 1745 1075 1776 vel
1097 1755 1133 1776 eat·

162 1787 268 1818 ouibus
301 1787 535 1819 immaculatum
568 1788 626 1818 erit
660 1788 693 1818 iu
726 1787 978 1827 acceptationem,
1013 1788 1133 1819 nullum

163 1831 273 1861 vitium
296 1831 354 1861 crit
376 1831 404 1861 iu
429 1841 470 1861 eo.
517 1830 566 1861 22.
591 1830 730 1868 Caecum,
753 1833 807 1861 aut
828 1832 971 1869 fractum,
996 1833 1049 1862 aut
1066 1841 1132 1862 con-

163 1874 258 1903 cisum
282 1872 384 1909 labiis,
417 1876 471 1903 aut
493 1876 697 1909 uerrucatzmz,
728 1873 772 1903 vel
794 1873 974 1910 scabiosum,
1010 1874 1054 1904 rel
1076 1874 1132 1904 im-

159 1917 374 1956 petiyinosum,
401 1927 456 1947 nrm
481 1917 612 1955 offeretis
634 1917 696 1947 ista
715 1916 859 1947 Iehovue:
890 1927 982 1955 neque
1010 1916 1133 1948 oblatio-

762 415 959 456 Peregrinos
979 415 1132 456 intelligit
1157 415 1158 440 ἶ

164 1970 230 1989 uem
266 1960 394 1999 iynitam
432 1959 546 1989 dabitis
580 1970 616 1989 cx
648 1959 697 1990 liis
730 1969 825 1998 super
858 1959 958 1990 altare
992 1959 1130 1990 Icliovae.
1158 1958 1159 1973 ³

160 2002 210 2032 23.
238 2002 351 2033 Boram
363 2003 485 2042 qicidem
505 2005 531 2033 et
546 2012 642 2041 pecus
653 2002 842 2041 superfluum
861 2005 914 2033 aut
932 2003 1130 2039 diminutum,

154 2055 215 2084 pro
238 2045 385 2076 oblatione
408 2045 586 2076 voluntaria
609 2046 723 2085 facies:
753 2047 784 2075 at
807 2055 868 2084 pro
902 2047 964 2076 uoto
986 2056 1045 2076 'nou
1063 2045 1133 2084 plur

160 2088 238 2118 sebit.
275 2088 325 2118 24.
353 2087 539 2119 Concussum
562 2090 587 2118 ct
609 2091 776 2124 contusum,
800 2090 926 2127 ruptum
949 2090 975 2119 et
998 2089 1132 2120 ancisum

160 2141 217 2160 non
253 2131 384 2170 offeretis·
420 2130 563 2161 Ieliovac:

162 2215 223 2246 Dei
245 2217 346 2254 vestri,
380 2226 416 2247 ea*
450 2217 588 2247 omnihus
620 2217 706 2248 istis:

162 2261 203 2289 cst
236 2260 266 2290 in
296 2259 393 2299 ipsis:
425 2260 546 2291 macuta
576 2262 619 2290 cst
650 2260 680 2290 tn
709 2260 768 2290 eis:

157 2312 216 2340 pro
241 2301 330 2333 robis.

739 2217 813 2255 quia
844 2217 997 2255 corruptio
1028 2226 1132 2247 corum

801 2270 859 2290 uon
893 2261 1014 2298 accepta
1045 2261 1133 2290 erunt

466 2472 527 2503 EX
559 2472 690 2504 DEUT.
716 2472 828 2504 XVII.

598 2131 630 2162 in
664 2134 746 2161 terra
776 2133 875 2161 vestra
910 2141 968 2162 non
999 2131 1131 2170 facietis.
1158 2149 1159 2152 =

161 2173 210 2203 25.
236 2173 283 2204 Dc
314 2184 410 2204 manu
441 2176 543 2205 autem
575 2173 764 2214 alieniyenae
786 2184 843 2204 non
869 2174 999 2213 offeretis
1016 2183 1132 2213 panem
1158 2171 1160 2182 ’

252 2557 276 2586 1.
305 2557 371 2587 Non
395 2557 587 2596 sacrificabis
611 2557 740 2589 Iehovae
764 2558 829 2590 Deo
859 2561 907 2588 tuo
931 2558 1045 2595 bovem,
1078 2561 1131 2589 aut
1157 2571 1158 2592 ς

164 2609 285 2637 (tynum
312 2600 340 2628 in
361 2610 419 2638 quo
440 2601 534 2638 fuerit
554 2600 684 2635 »Macula
709 2604 763 2631 aut
782 2601 944 2641 quidpiam
956 2602 1033 2638 vitii,
1054 2600 1158 2640 quia

165 2641 349 2672 abominatio
375 2642 501 2673 [elimat
526 2643 588 2673 Det
611 2644 656 2674 tui
681 2646 732 2675 est.

2093 200 2156 232 540

1271 291 1297 322 1.
1323 291 1482 339 Loquutus
1503 294 1546 323 est
1563 294 1734 330 praeterea.
1790 291 1919 324 Clarius
1944 303 2028 324 nunc
2053 293 2152 332 docet,

1184 336 1215 364 et
1244 334 1401 373 copiosius
1431 335 1635 374 prosequitur
1666 333 1750 374 quod
1781 339 1855 365 ante
1881 335 2050 375 aliquoties
2080 347 2154 377 per-

1183 375 1378 413 stiinxeiQat
1415 378 1503 408 nefas
1526 388 1595 408 esse
1618 376 1689 408 Deo
1710 377 1826 408 offerre
1850 378 1969 408 animal
1991 379 2152 418 mutilum,

1184 419 1234 450 vel
1260 419 1373 457 debile,
1398 419 1450 450 vel
1475 419 1537 450 alio
1562 420 1654 450 modo
1679 420 1841 450 vitiosum.
1893 420 1995 451 Porro
2017 421 2074 452 illa
2096 432 2154 453 ex·-

1184 465 1277 492 terna
1299 462 1468 502 integritas
1494 468 1636 494 veterem
1660 463 1813 502 populum
1833 462 2013 501 admonuit,
2043 462 2151 495 Deum

1183 514 1354 552 perperam
1367 505 1426 535 coli
1450 516 1489 536 ex
1514 505 1647 536 dimidia
1670 510 1770 545 parte,
1794 505 1868 545 quia
1888 516 1941 537 cor
1960 505 2080 546 duplex
2100 507 2153 538 ab—

1183 547 1348 578 ominatur
1366 547 1477 596 (Prov
1504 548 1551 585 11,
1572 547 1639 589 20):
1664 547 1761 579 simul
1782 548 1840 579 hoc
1859 548 2004 588 symbolo
2024 553 2153 581 ostensa

1183 588 1244 620 fuit
1263 590 1403 629 perfecta
1422 590 1490 622 eius
1510 590 1633 622 hostiae
1654 591 1787 630 puritas
1808 601 1871 630 qua
1891 590 2021 622 tandem
2040 602 2152 623 recon-

1183 632 1342 664 ciliandus
1366 639 1433 663 erat
1456 633 1554 664 Deus.
1584 633 1713 665 Scimus
1736 638 1893 674 quantum
1918 633 1977 665 sibi
2000 634 2151 667 licentiae

1182 674 1351 716 indulgeat
1374 675 1515 707 mundus
1539 677 1573 706 in
1597 676 1686 707 cultu
1715 676 1791 707 Dei:
1823 677 1972 716 quamvis
1997 678 2083 708 enim
2106 678 2151 708 le-

1184 718 1267 749 viter
1287 724 1320 749 et
1342 719 1555 758 contemptim
1580 730 1682 759 nugas
1707 724 1835 750 tantum
1859 720 1950 759 quasi
1973 729 2072 759 puero
2096 720 2151 751 ob-

1183 760 1301 798 trudat,
1322 762 1421 801 probe
1435 766 1542 792 tamen
1556 772 1589 793 se
1604 761 1736 802 defungi
1756 761 1942 793 arbitratur.
1967 762 2054 794 Hinc
2066 763 2103 794 fit
2117 767 2151 794 ut

1184 803 1333 835 sordibus
1352 804 1547 844 quibuslibet
1566 805 1706 844 pretium
1731 809 1870 845 arroget,
1895 816 1930 836 ac
1947 805 2080 845 perinde
2099 816 2152 837 ex-

1184 846 1282 877 sultet
1300 847 1332 877 in
1352 847 1449 877 meris
1470 847 1531 878 Dei
1551 846 1704 882 ludibriis,
1732 858 1768 878 ac
1795 848 1822 879 si
1844 858 1916 878 eum
1944 852 2067 879 teneret
2091 847 2152 880 sibi

1184 889 1384 921 obstrictum.
1441 889 1548 920 Huius
1572 894 1638 920 tatu
1662 889 1797 929 supinae
1821 891 2004 922 securitatis
2027 891 2150 923 clarum

1184 932 1279 963 hodie
1302 932 1467 972 exemplar
1489 932 1634 963 cernitur
1656 932 1689 962 iu
1714 937 1843 972 papatu,
1868 933 1923 964 ubi
1950 944 2015 965 non
2043 934 2150 965 minus

1183 975 1348 1006 licentiose
1368 975 1437 1006 Deo
1456 975 1597 1006 illudunt
1615 985 1712 1014 quam
1732 975 1759 1006 si
1786 977 1951 1016 negotium
1971 981 2055 1008 esset
2077 987 2151 1009 cum

1185 1022 1297 1049 trunco
1321 1018 1409 1058 ligni.
1456 1017 1501 1049 Ut
1531 1018 1594 1048 alia
1624 1018 1795 1049 innumera
1817 1019 1974 1057 omittam,
1998 1019 2075 1059 quid
2098 1030 2150 1050 su—

1185 1060 1295 1101 perbia
1319 1060 1379 1092 hac
1403 1061 1506 1101 magis
1529 1059 1760 1100 prodigiosum,
1791 1061 1918 1100 quando
1942 1072 2052 1101 preces
2076 1072 2152 1093 suas

1185 1103 1435 1141 murmurando,
1478 1107 1639 1143 vagantur
1673 1107 1801 1140 mente,
1836 1114 1901 1134 non
1935 1108 2062 1135 tantum
2096 1114 2153 1144 per

1186 1146 1339 1178 evanidas
1362 1146 1415 1177 sed
1436 1145 1533 1177 etiam
1553 1156 1726 1186 perversas
1747 1146 2006 1186 imaginationes,
2030 1147 2152 1187 fingere

1186 1195 1293 1220 tamen
1324 1189 1522 1220 meritoriam
1551 1200 1619 1220 esse
1647 1188 1791 1226 finalem,
1822 1200 1918 1229 quam
1941 1194 2072 1227 vocant,
2102 1189 2153 1220 in-

1186 1232 1379 1269 tentionem,
1412 1243 1447 1263 ac
1474 1231 1544 1262 Deo
1568 1231 1717 1271 probari?
1763 1231 1918 1264 Sacrifico
1952 1232 2152 1273 propositum

1187 1275 1256 1313 erit,
1276 1274 1402 1305 divinas
1427 1285 1536 1315 preces
1561 1286 1601 1305 ex
1625 1274 1787 1305 breviario
1807 1275 1953 1315 recitare,
1977 1275 2033 1307 vix
2049 1274 2153 1306 tribus

1187 1317 1292 1349 verbis
1315 1318 1485 1357 conceptis,
1511 1318 1638 1348 animus
1661 1318 1729 1349 eius
1754 1318 1840 1348 inter
1862 1318 1989 1358 patinas
2014 1318 2154 1350 versabi-

1186 1365 1240 1392 tur
1262 1371 1349 1391 nunc
1373 1360 1412 1391 ad
1437 1360 1559 1400 pocula,
1584 1371 1669 1391 nunc
1694 1360 1734 1391 ad
1752 1360 1859 1392 lusum
1880 1361 1978 1399 aleae,
2004 1360 2053 1392 vel
2072 1360 2152 1392 alias

1185 1403 1415 1435 oblectationes
1439 1402 1612 1434 discurret:
1647 1403 1773 1434 interea
1797 1404 1886 1434 velut
1909 1404 2014 1435 soluto
2043 1413 2153 1444 penso,

1186 1446 1316 1478 iactabit
1346 1456 1380 1477 se
1410 1446 1532 1477 cultum
1564 1446 1633 1477 Deo
1662 1446 1871 1486 praestitisse.
1925 1446 2011 1478 Huic
2044 1447 2153 1487 itaque

1186 1489 1264 1521 vitio
1283 1494 1319 1520 ut
1337 1493 1522 1520 occurreret
1536 1489 1634 1527 Deus,
1653 1489 1818 1529 praecepit
1837 1489 1959 1520 hostias
1978 1489 2066 1520 omni
2086 1500 2153 1520 ma-

1185 1533 1258 1564 cula
1277 1543 1373 1572 puras
1393 1531 1453 1563 sibi
1473 1532 1592 1562 offerri.
1617 1531 1697 1563 Inde
1717 1532 1831 1563 acerba
1849 1532 1918 1564 eius
1937 1531 2154 1572 expostulatio

1186 1575 1270 1615 apud
1294 1574 1491 1606 Malachiam
1515 1573 1644 1615 (1‚13)‚
1669 1574 1754 1615 quod
1774 1575 1874 1605 altare
1895 1575 2076 1615 polluerent
2098 1575 2154 1606 Iu·

1186 1617 1265 1654 daei,
1300 1629 1336 1649 ac
1360 1627 1505 1648 mensam
1530 1617 1805 1665 contemptibilem
1839 1622 2017 1655 censerent,
2053 1628 2154 1658 quum

1187 1643 1334 1692 dicebant
1353 1671 1462 1691 caecas
1476 1660 1635 1697 victimas,
1659 1660 1800 1698 claudas,
1825 1665 1856 1692 et
1868 1671 1982 1701 aegras
2002 1671 2065 1691 non
2085 1671 2155 1692 esse

1187 1704 1296 1735 malas.
1327 1702 1427 1741 Offer,
1451 1703 1563 1742 iuquit,
1590 1703 1652 1734 tale
1676 1703 1751 1743 quid
1776 1703 1848 1734 duci
1873 1709 1936 1742 tuo,
1961 1709 1993 1734 et
2017 1703 2089 1734 vide
2112 1713 2155 1734 an

1186 1746 1339 1786 suscipiat
1357 1746 1470 1777 faciem
1490 1755 1594 1777 tuam:
1619 1756 1683 1776 non
1703 1746 1787 1786 quod
1807 1746 1897 1777 Deus
1920 1746 2154 1787 pinguedinem

1187 1789 1298 1830 adipis,
1320 1789 1369 1820 vel
1388 1789 1545 1829 saginam,
1568 1789 1616 1819 vel
1637 1799 1777 1825 succum,
1797 1794 1829 1820 et
1849 1789 1994 1830 vigorem
2011 1792 2155 1820 moratus

1185 1832 1226 1864 sit
1246 1833 1279 1863 in
1299 1831 1503 1868 animalibus,
1523 1831 1579 1862 sed
1599 1831 1674 1871 quia
1693 1831 1767 1863 iude
1781 1832 1930 1872 apparuit
1947 1831 2077 1873 negligi,
2090 1832 2155 1862 imo

1158 1903 1159 1906 ,
1185 1875 1313 1916 penitus
1342 1875 1504 1906 contemni
1537 1885 1646 1905 veram
1682 1874 1846 1914 pietatem.
1892 1875 2056 1906 Tenemus
2079 1884 2155 1915 ergo

1158 1918 1321 1952 ,reiectas
1355 1917 1451 1948 fuisse
1485 1928 1596 1947 omncs
1624 1917 1757 1948 vitiosas
1793 1918 1929 1955 hostias,

1964 1923 2000 1948 ut
2030 1917 2155 1949 sincero

1186 1961 1302 1992 affectu
1334 1971 1368 1991 ue
1399 1960 1482 1991 serio
1506 1959 1667 1991 discerent
1690 1959 1855 1991 Israelitae
1879 1971 1913 1991 se
1936 1965 2019 1991 totos
2042 1969 2155 1992 conse-

1186 2014 1275 2036 crare
1301 2004 1378 2040 Deo,
1403 2013 1466 2033 non
1490 2007 1596 2033 autem
1621 2011 1692 2033 cum
1717 2013 1754 2034 eo
1778 2002 1945 2044 pueriliter
1968 2002 2094 2039 ludere,
2119 2006 2154 2032 ut

1185 2057 1280 2087 saepo
1304 2046 1372 2076 fieri
1397 2045 1486 2077 solet.
1512 2045 1598 2076 Alibi
1622 2045 1751 2084 quidem
1776 2045 1927 2083 vidimus,
1952 2045 2115 2085 repudiari
2136 2055 2154 2075 a

1186 2090 1255 2120 Deo
1285 2099 1412 2119 omnem
1444 2087 1696 2118 immunditiem:
1728 2088 1783 2119 sed
1815 2087 1990 2119 tenendum
2021 2091 2068 2118 est
2091 2086 2153 2118 duo

1186 2132 1225 2163 ad
1250 2132 1429 2172 legitimum
1453 2130 1575 2161 cultum
1601 2131 1730 2170 requiri
1755 2137 1791 2161 ut
1814 2131 1902 2162 omni
1926 2130 2053 2161 macula
2076 2140 2153 2170 pur-

1186 2158 1299 2215 ςιῐυεὸ
1311 2174 1354 2205 sit
1384 2174 1438 2213 qui
1470 2173 1508 2204 ad
1541 2174 1645 2204 Deum
1678 2173 1816 2210 accedit,
1851 2172 1968 2204 deinde
2003 2177 2038 2203 ut
2072 2173 2153 2203 nihil

1185 2218 1300 2248 offerat
1323 2217 1384 2248 nisi
1409 2227 1525 2256 purum
1546 2216 1584 2247 ab
1603 2216 1691 2246 omni
1712 2217 1781 2247 labe
1800 2220 1831 2247 et
1850 2216 2037 2256 perfectum.
2058 2214 2154 2255 Quod

1186 2259 1263 2292 dicit
1286 2259 1438 2291 Solomon
1462 2258 1570 2299 (Prov
1598 2259 1646 2296 15,
1666 2258 1698 2299 8)
1719 2258 1865 2289 victimas
1888 2258 2063 2298 impiorum
2082 2269 2154 2290 esse

1158 2309 1160 2329 ἐ
1185 2302 1468 2340 abominationem,
1499 2312 1609 2332 verum
1635 2308 1698 2338 est,
1730 2301 1906 2341 quamlibet
1930 2301 2065 2341 pingues
2088 2302 2154 2332 sint

1186 2355 1222 2376 ac
1244 2344 1441 2385 splendidae.
1473 2343 1537 2375 Sed
1560 2349 1596 2374 ut
1619 2355 1699 2383 quae
1723 2354 1742 2374 a
1765 2343 1857 2374 nobis
1880 2344 2063 2374 offeruntur
2085 2344 2154 2384 pla-

1185 2394 1279 2419 ceant
1298 2387 1376 2425 Deo,
1401 2387 1539 2418 alterum
1560 2396 1686 2426 quoque
1710 2387 1860 2418 accedere
1880 2397 2009 2418 necesse
2033 2392 2091 2424 est,
2112 2397 2153 2418 ne

1185 2430 1327 2470 maligna
1346 2436 1376 2461 et
1396 2430 1559 2466 restricta,
1596 2429 1645 2459 vel
1670 2439 1784 2460 manca
1807 2429 1849 2459 sit
1872 2429 2006 2460 oblatio:
2036 2429 2153 2460 deinde

1157 2473 1244 2505 {hoc
1278 2473 1424 2513 symbolo
1459 2472 1507 2513 (ut
1543 2482 1645 2511 nuper
1680 2470 1761 2512 dixi)
1795 2472 1908 2503 directi
1944 2472 2075 2503 fuerunt
2112 2472 2152 2503 ad

1186 2515 1363 2552 Christum,
1395 2520 1488 2546 extra
1511 2525 1606 2555 quem
1632 2525 1789 2554 nusquam
1816 2515 1995 2555 reperietur
2018 2515 2153 2556 integri-

1185 2565 1233 2589 tas
1257 2569 1336 2597 quac
1361 2557 1430 2589 Doo
1454 2558 1636 2589 satisfaciat.

1274 2601 1319 2631 19.
1361 2601 1396 2631 In
1430 2601 1662 2639 acceptationem
1697 2601 1795 2631 vestri.
1848 2601 1991 2632 Vertunt
2021 2599 2152 2640 quidam

1157 2666 1158 2677 ,
1157 2647 1296 2682 sponte
1322 2648 1437 2680 vestra,
1462 2643 1516 2673 sed
1542 2649 1702 2683 repugnat
1726 2649 1906 2675 contextus.
1939 2643 2046 2674 Moses
2065 2643 2153 2674 enim
