2304 3034
90 194 151 224 305

90 288 166 327 quia
195 297 363 327 perperam
395 289 494 319 astuti
524 293 599 319 sunt
629 288 774 319 homines
802 288 835 317 in
860 286 1051 326 quaerendis

91 330 306 369 subterfugiis,
326 331 448 369 species
464 331 644 370 exprimere
658 340 786 361 neeesse
798 330 869 366 fuit,
888 329 921 359 in
935 328 1050 368 quibus

90 372 180 402 fraus
203 373 266 412 legi
296 373 366 403 fieri
396 378 531 413 poterat.
576 373 628 403 Ita
658 373 725 404 vini
759 372 955 403 abstinentia
984 381 1050 419 non

90 415 246 446 caruisset
269 414 403 446 delitiis:
435 416 502 446 sive
525 416 597 446 uvis
620 414 817 449 recentibus,
849 414 919 444 sive
949 423 1050 453 passis

91 467 125 488 se
147 463 363 488 saturassent:
393 458 461 488 sive
484 467 598 496 aquam
622 457 886 496 permiscuissent
906 456 995 492 uvis,
1020 460 1051 486 et

90 499 166 530 inde
190 501 421 539 expressissent
450 500 619 539 liquorem:
652 499 702 529 vel
727 499 757 529 in
784 498 856 529 aliis
879 499 1049 529 confectio-

90 543 185 573 nibus
220 542 363 573 delicatis
397 547 585 582 aequassent
617 541 682 571 vini
711 542 912 572 suavitatem.
963 541 1050 572 Hinc

91 596 170 616 vero
193 590 325 625 apparet
346 595 438 623 quam
464 584 657 622 multiplices
688 593 831 614 recessus
858 589 889 614 et
912 583 1051 614 latebras

92 628 210 659 habeat
234 628 400 658 hominum
424 626 611 666 hypocrisis,
637 626 712 656 dum
732 626 801 656 sine
819 626 941 666 pudore
960 636 1050 657 exco-

92 671 197 710 gitant
220 679 341 700 crassos
365 668 599 709 tergiversandi
619 668 730 699 modos
749 669 787 699 ad
802 669 906 699 Deum
927 679 1052 708 quoque

91 712 278 743 fallendum.
326 711 388 742 Sed
421 711 598 741 notandum
631 711 725 741 simul
757 717 821 747 est,
852 711 1049 742 tolerabilem

91 766 199 787 coram
224 755 292 785 Deo
324 764 386 784 non
415 764 484 784 esse
513 753 670 784 eiusmodi
701 754 865 784 vafritiem
895 754 946 785 cui
970 753 1050 784 nihil

91 808 190 837 aeque
224 797 327 837 placet
360 806 456 835 quam
491 796 669 827 sinceritas.
725 796 916 827 Videbimus
952 797 1050 827 etiam

91 840 176 875 alibi,
197 839 375 870 sacerdotes
394 848 493 877 quum
513 838 636 870 vicibus
649 839 715 869 suis
728 844 920 879 peragerent
933 849 1050 869 munus

90 893 184 914 suum
204 882 236 912 iu
257 881 381 920 templo,
401 881 499 911 fuisse
519 880 558 911 ab
577 892 637 912 usu
657 882 725 912 vini
745 882 933 921 prohibitos.
960 882 1049 913 Haec

90 924 265 956 similitudo
288 924 426 954 ostendit
449 923 533 963 quod
557 924 621 954 iam
646 924 723 961 dixi,
747 924 927 955 Nazaraeos
951 924 1050 955 fuisse

89 968 135 998 ita
161 972 345 1007 segregatos
374 976 392 996 a
422 966 533 1006 vulgo,
564 972 599 997 ut
627 966 666 997 ad
698 967 851 997 honorem
881 967 1049 998 sacerdotii

90 1009 284 1041 accederent.
336 1008 435 1039 Porro
465 1009 534 1039 vini
565 1009 761 1040 abstinentia
791 1020 854 1040 non
884 1010 979 1040 modo
1010 1010 1049 1040 ad

89 1051 264 1083 cavendam
285 1050 473 1082 ebrietatem
493 1051 558 1082 illis
577 1052 722 1083 iniuncta
742 1053 809 1090 fuit,
828 1052 883 1083 sed
897 1058 933 1083 ut
947 1053 1050 1083 vietus

89 1100 173 1126 esset
195 1094 371 1124 restrictior
394 1099 425 1124 et
450 1095 553 1134 magis
576 1095 726 1134 frugalis:
749 1096 839 1126 euius
863 1096 1050 1135 praecipuas

88 1137 230 1168 lautitias
249 1137 367 1167 scimus
387 1147 456 1168 esse
474 1137 507 1167 in
528 1143 603 1176 potu
624 1137 700 1168 vini.
736 1138 849 1178 Itaque
868 1139 1050 1177 quicunque

88 1179 233 1211 abstemii
257 1190 318 1209 non
344 1184 434 1216 sunt,
465 1180 608 1210 contenti
638 1181 744 1219 potius
772 1186 868 1211 erunt
897 1181 1049 1211 mediocri
1076 1184 1077 1193 ¹

87 1228 118 1253 et
142 1222 268 1261 vulgari
292 1222 354 1252 cibi
378 1222 468 1261 copia
491 1233 587 1261 quam
612 1224 735 1262 privari
759 1224 834 1254 vino
858 1224 1048 1254 sustineant.

87 1264 246 1303 Colligere
280 1270 388 1295 tamen
422 1275 461 1295 ex
492 1264 552 1295 hac
583 1265 729 1296 doctrina
758 1266 849 1304 licet,
880 1266 913 1296 in
943 1267 1049 1297 vietus

87 1309 301 1347 temperantia
315 1307 454 1338 sobrium
468 1308 538 1338 vini
550 1319 643 1338 usum
658 1310 778 1348 primas
797 1314 905 1349 partes
925 1314 1047 1339 tenere:

87 1360 124 1381 ac
142 1350 174 1380 in
193 1350 280 1380 omni
304 1350 489 1389 ligni-itione
508 1356 538 1380 et
558 1351 652 1391 gulae
671 1352 816 1391 ingluvie
835 1352 895 1382 hoe
909 1352 1048 1382 maxime

87 1403 156 1423 esse
176 1392 375 1423 damnabile:
402 1393 427 1423 si
451 1403 545 1432 quem
573 1394 670 1423 nimis
696 1394 832 1425 oblectet
853 1395 918 1425 vini
944 1405 1047 1434 sapor,

87 1445 148 1475 quo
167 1446 200 1466 se
219 1435 406 1475 ingurgitet.
441 1435 554 1475 Itaque
574 1437 690 1466 mirum
711 1443 766 1474 est,
787 1448 884 1477 quum
900 1437 1048 1468 monachi

87 1478 146 1509 sub
165 1483 282 1517 papatu
303 1478 497 1517 perfectione
521 1479 665 1518 angelica
683 1490 716 1510 se
736 1480 911 1517 venditent,
937 1491 1048 1511 omnes

86 1531 150 1551 uno
179 1531 335 1551 consensu
372 1521 518 1561 refugere
548 1522 615 1552 vini
645 1522 883 1553 abstinentiam.
934 1523 1048 1553 Multis

87 1564 176 1594 nefas
210 1568 258 1593 est
292 1568 359 1593 tota
392 1563 458 1594 vita
492 1564 643 1595 bubulam
680 1565 731 1595 vel
762 1566 888 1596 suillam
918 1576 1046 1596 earnem

86 1606 258 1645 attingere:
289 1616 325 1636 ae
349 1612 508 1646 martyres
531 1617 565 1638 se
588 1608 654 1637 fore
678 1608 858 1647 gloriantur
881 1609 906 1638 si
930 1609 1047 1639 malint

86 1648 242 1679 obstinate
262 1649 342 1679 mori
361 1659 458 1688 quam
478 1660 607 1680 carnem
632 1649 733 1688 edere⁷
758 1651 784 1681 si
807 1651 851 1681 ita
875 1652 1048 1682 necessitas

85 1691 236 1731 postulet.
288 1692 389 1731 Atqui
422 1692 455 1722 in
490 1703 601 1723 eorum
630 1694 829 1723 continentia
857 1693 936 1724 adeo
966 1694 1046 1724 nihil

86 1734 251 1774 aequabile
281 1740 329 1765 est
360 1739 394 1764 ut
422 1734 501 1766 haec
531 1736 564 1765 in
594 1735 664 1766 cibo
694 1737 866 1767 austeritas
890 1737 961 1776 plus
984 1737 1048 1768 illis

86 1776 234 1807 licentiae
253 1777 285 1807 in
305 1782 382 1816 potu
402 1778 561 1816 acquirat:
582 1788 618 1808 ac
637 1778 663 1808 si
683 1778 756 1809 data
775 1790 872 1818 opera
891 1790 925 1810 se
939 1779 1049 1811 ulcisci

86 1818 213 1850 vellent.
276 1818 384 1858 Quare
430 1830 539 1850 eorum
580 1821 734 1852 iactantia
774 1822 854 1852 nihil
896 1822 1048 1862 putidius,

87 1871 184 1900 quum
215 1862 282 1892 sola
311 1863 416 1893 carnis
447 1862 643 1894 abstinentia
666 1875 791 1895 merum
816 1865 876 1895 Dei
901 1866 943 1896 sit
964 1865 1048 1896 ludi-

86 1902 200 1934 brium.

171 1946 200 1977 5.
231 1947 391 1978 Not-acula
418 1958 475 1978 mm
506 1949 658 1979 transibit.
705 1950 772 1980 Cur
796 1949 886 1981 Deus
910 1950 1049 1981 voluerit

86 1987 265 2020 Nazaraeos
294 2000 417 2020 comam
447 1991 550 2027 alere,
579 1997 666 2022 certo
691 1991 815 2023 definiri
840 2003 902 2023 non
928 1998 1047 2032 potest:

90 2031 152 2061 nisi
176 2037 212 2061 ut
234 2033 397 2071 praesenti
419 2034 666 2065 consecrationis
686 2045 761 2065 suae
781 2035 926 2076 symbolo
946 2037 1049 2075 magis
1072 2029 1074 2040 ⁴

92 2082 128 2104 ac
150 2075 251 2113 magis
275 2075 312 2105 de
336 2081 409 2106 voto
440 2077 599 2107 servando
628 2079 920 2109 commonefierent.
967 2078 1048 2117 Qui-

92 2114 163 2145 dam
187 2122 302 2155 putant
321 2118 446 2158 insigne
469 2119 567 2149 fuisse
586 2119 718 2156 decoris,
743 2131 779 2152 ac
798 2122 823 2151 si
844 2131 992 2151 coronam
1014 2122 1047 2151 in

92 2158 194 2196 capite
224 2165 396 2199 gestarent.
451 2161 490 2191 In
522 2172 585 2201 quo
615 2163 783 2202 plusquam
814 2163 940 2194 ridiculi
970 2169 1047 2194 sunt

93 2199 196 2231 cleriei
219 2202 356 2241 papales,
380 2203 434 2242 qui
456 2204 488 2234 in
513 2204 659 2235 circulari
680 2216 812 2236 rasurae
831 2207 932 2237 forma
945 2206 1047 2237 Naza-

93 2242 175 2272 raeis
198 2253 231 2273 se
260 2250 455 2284 comparant.
501 2246 583 2277 Mihi
615 2258 691 2278 vero
720 2249 839 2280 sufficit
870 2249 926 2279 illa
955 2249 1047 2287 ratio,

95 2284 176 2322 quod
190 2285 277 2316 Deus
296 2287 334 2317 ad
357 2289 579 2327 praestandam
605 2291 670 2321 voti
694 2291 788 2321 fidem
814 2291 931 2322 visibili
955 2292 1047 2332 signo

95 2336 148 2356 eos
180 2327 304 2358 assidue
334 2332 520 2362 exercuerit.
570 2333 674 2363 Virile
703 2339 751 2364 est
780 2335 911 2365 tondere
942 2341 1045 2374 caput,

94 2368 206 2407 idque,
236 2374 315 2401 teste
337 2371 454 2411 Paulo,
484 2373 582 2405 dictat
610 2386 724 2407 sensus
748 2383 881 2407 naturae
905 2376 946 2418 (1.
971 2378 1045 2409 Cor.

97 2410 145 2448 11,
178 2410 219 2451 6).
263 2412 432 2460 Nazaraeis
464 2427 540 2457 ergo
572 2418 606 2448 in
641 2418 746 2459 capite
779 2420 951 2459 conspicua
985 2420 1046 2451 fuit

96 2463 153 2483 sua
184 2460 350 2493 sanctitas,
390 2468 429 2488 ne
462 2469 519 2498 per
557 2460 714 2492 incuriam
755 2462 808 2492 vel
848 2463 1045 2493 oblivionem

96 2494 324 2534 delinquerent.
368 2498 417 2530 De
446 2501 633 2534 mulieribus
661 2505 804 2543 quaestio
834 2509 897 2542 est,
930 2506 1045 2544 quibus

95 2547 331 2586 supervacuum
353 2541 480 2573 videtur
502 2543 560 2575 hoc
583 2552 805 2586 praeceptum:
830 2558 912 2587 quae
934 2552 1043 2578 tamen

96 2579 187 2610 facile
220 2580 370 2620 eolwtur,
406 2584 475 2616 ideo
507 2588 656 2619 astrictas
690 2590 786 2621 fuisse
820 2590 859 2620 ad
893 2590 1044 2630 capillum

96 2621 285 2661 fovendum,
318 2630 352 2655 ut
384 2636 446 2657 non
478 2632 602 2660 tantum
635 2642 675 2662 ex
708 2632 955 2670 consuetudine,
989 2633 1044 2664 sed

164 2671 272 2698 Calvini
286 2681 376 2706 opera.
418 2677 472 2703 Vol.
490 2678 602 2706 XXIV.

815 194 998 225 PRIMUM
1023 193 1341 226 PRAEOEPTUM.

2002 199 2066 230 306

1103 287 1198 317 etiam
1222 298 1261 319 ex
1286 293 1359 319 voto
1388 296 1531 322 comatae
1564 296 1682 323 essent.
1728 291 1924 332 Quanquam
1949 303 2064 333 synec-

1103 328 1202 360 doche
1225 330 1306 361 nihil
1330 331 1460 363 habebit
1483 334 1630 371 absurdi,
1661 343 1697 365 ut
1720 334 1843 366 dicatur
1866 335 1905 366 de
1928 342 2064 376 utroque

1102 382 1182 402 sexu
1213 373 1295 412 quod
1326 380 1452 406 tantum
1482 376 1520 406 ad
1554 377 1637 407 viros
1669 379 1816 417 pertinet.
1870 378 1934 409 Hie
1965 379 2062 409 etiam

1103 414 1248 445 diabolus
1282 417 1357 447 olim
1392 417 1481 448 ludos
1515 429 1589 450 suos
1629 420 1712 459 egit,
1750 431 1848 460 quum
1889 422 2064 453 monachos

1103 457 1272 495 excitavit,
1306 459 1412 499 (sicuti
1447 462 1544 491 refert
1575 464 1778 502 Augustinus
1795 462 1815 504 ¹)
1849 465 1902 502 qui
1937 464 2064 504 prolixa

1101 510 1192 530 coma
1205 502 1446 533 sanctimoniam
1466 509 1675 535 ostentarent.
1706 505 1789 536 Nam
1811 516 1872 545 quo
1892 508 2063 546 speciosior

1102 548 1187 572 esset
1209 543 1399 582 caelibatus⁷
1429 547 1479 576 cui
1504 557 1617 577 nomen
1642 548 1812 585 dederant,
1843 549 2006 590 negabant
2029 562 2062 582 se

1103 595 1172 614 esse
1203 586 1301 616 viros:
1337 587 1409 625 quia
1444 599 1477 618 se
1511 595 1731 621 castraverant
1764 598 1895 631 propter
1925 604 2063 633 regnum

1103 627 1273 658 coelorum.
1326 629 1413 670 Ergo
1443 630 1570 670 longior
1599 633 1733 672 capillus
1763 638 1832 664 erat
1864 635 2063 675 virginitatis

1103 669 1239 709 insigne.
1286 671 1376 702 Haec
1406 674 1551 712 exempla
1582 685 1640 706 nos
1664 686 1681 706 a
1705 675 1845 707 Satanae
1876 678 2061 717 imposturis

1102 722 1215 742 cavere
1235 712 1357 751 docent,
1378 726 1417 745 00
1437 718 1588 754 κακοζηλία
1605 728 1661 748 005
1675 718 1785 749 simias
1799 720 1901 760 magis
1916 726 2060 752 veterum

1102 765 1197 794 quam
1222 755 1400 787 imitatores
1424 758 1526 789 faciat.

1188 798 1215 828 6.
1248 798 1301 828 Aa
1322 800 1460 830 animam
1489 802 1611 832 mortui.
1658 803 1727 834 Hoc
1757 804 1852 834 etiam
1884 805 1946 836 illis
1976 817 2062 837 com-

1075 873 1076 876 ,
1103 850 1200 870 mune
1214 840 1272 870 fuit
1285 851 1357 871 cum
1371 853 1494 873 summo
1514 844 1685 881 sacerdote,
1706 856 1745 876 ne
1765 852 1914 886 parentes
1933 849 2060 888 quidem

1102 888 1244 913 mortuos
1273 883 1393 923 lugere.
1439 884 1630 925 Quanquam
1661 888 1722 919 duo
1751 891 1912 930 praecepit
1943 892 2060 929 Moses,

1102 936 1142 955 ne
1166 925 1216 955 vel
1240 925 1389 965 ingressu
1414 927 1558 959 funestae
1582 930 1703 968 domus,
1728 931 1778 962 vel
1802 932 1888 963 luctu
1912 944 1945 965 se
1957 934 2060 966 Naza-

1102 968 1167 997 raei
1198 968 1352 1007 polluant.
1405 969 1555 1001 Officium
1589 973 1715 1011 quidem
1748 974 1961 1008 humanitatis
1992 982 2062 1008 erat

1075 1045 1077 1056 ι
1102 1010 1236 1049 sepelire
1266 1016 1425 1048 mortuos,
1456 1014 1481 1043 si
1513 1014 1564 1053 qui
1589 1022 1695 1046 tamen
1721 1027 1760 1047 ex
1784 1017 1875 1056 plebe
1899 1024 2062 1051 mortuum

1102 1053 1291 1092 attigerant,
1314 1054 1366 1084 vel
1391 1061 1591 1087 accesserant
1614 1058 1651 1088 ad
1676 1058 1794 1089 lectum
1819 1066 1875 1091 aut
1897 1062 2062 1101 feretrum,

1102 1095 1335 1134 polluebantur.
1371 1097 1449 1128 Plus
1473 1104 1579 1129 autem
1603 1111 1619 1129 a
1644 1100 1817 1133 Nazaraeis
1838 1103 1928 1135 Deus
1953 1105 2062 1144 exigit,

1103 1149 1142 1168 ne
1166 1139 1285 1169 scilicet
1310 1139 1546 1171 immunditiem
1567 1144 1773 1174 contrahant:
1798 1146 1873 1184 quia
1896 1157 1960 1177 non
1984 1149 2062 1178 satis

1102 1181 1163 1211 fuit
1186 1181 1236 1221 (ut
1260 1182 1353 1221 paulo
1375 1188 1448 1221 post
1478 1183 1593 1215 iterum
1625 1185 1762 1228 dicetur)
1788 1190 1950 1219 communi
1973 1201 2061 1221 more

1102 1234 1136 1254 se
1160 1234 1313 1263 purgare,
1342 1226 1396 1255 sed
1420 1227 1560 1265 oportuit
1578 1227 1617 1257 ab
1636 1229 1785 1260 omnibus
1810 1231 2062 1271 inquinamentis

1103 1277 1173 1297 esse
1197 1267 1304 1306 procul
1337 1276 1482 1299 remotos.
1528 1270 1594 1300 Cur
1623 1275 1729 1302 autem
1761 1277 1864 1304 tactus
1894 1274 2061 1306 cadaveris

1103 1309 1238 1348 pollutio
1268 1310 1379 1345 fuerit,
1411 1322 1466 1342 suo
1498 1312 1564 1343 loco
1595 1313 1696 1345 fusius
1719 1316 1920 1347 tractabitur.
1966 1318 2061 1350 Nunc

1102 1362 1168 1382 uno
1193 1353 1289 1383 verbo
1314 1353 1487 1384 tenendum
1512 1360 1567 1393 est,
1595 1356 1669 1394 quia
1690 1357 1723 1387 in
1747 1364 1850 1389 morte
1873 1370 2061 1399 repraesen-

1074 1399 1191 1438 ,tatur
1225 1395 1286 1425 Dei
1321 1396 1501 1427 maledictio
1542 1399 1660 1436 peccati
1703 1410 1836 1438 merces,
1879 1402 2061 1434 admonitos

1102 1437 1202 1468 fuisse
1225 1438 1388 1469 Israelitas
1421 1445 1454 1469 ut
1482 1439 1539 1470 sibi
1564 1448 1716 1472 caverent
1738 1442 1777 1473 ab
1801 1445 1953 1484 operibus
1976 1456 2060 1476 mor-

1103 1480 1176 1510 tuis.
1223 1481 1348 1511 Luctus
1371 1481 1433 1512 alia
1454 1482 1512 1512 fuit
1542 1484 1639 1520 ratio,
1670 1489 1706 1514 ut
1729 1486 1781 1524 qui
1805 1487 1974 1526 specialem
2000 1489 2061 1520 Dei

1102 1523 1223 1553 cultum
1255 1523 1500 1562 profitebantur,
1532 1525 1611 1557 alios
1640 1527 1813 1559 incitarent
1836 1529 1875 1559 ad
1899 1532 2061 1570 magnitu-

1101 1566 1207 1596 dinem
1233 1566 1331 1596 animi
1355 1571 1386 1597 et
1408 1568 1631 1600 constantiam.
1677 1570 1795 1602 Dolere
1818 1576 1851 1602 et
1873 1573 1958 1609 flere,
1983 1573 2062 1604 dum

1101 1609 1212 1639 amicis
1240 1609 1409 1646 orbamur,
1444 1611 1469 1640 si
1504 1611 1656 1642 vitiosum
1688 1618 1787 1651 esset,
1821 1625 1885 1644 non
1920 1616 2062 1647 flevisset

1101 1651 1253 1682 Christus
1287 1651 1325 1682 ad
1354 1653 1537 1692 sepulcrum
1563 1654 1678 1685 Lazari
1708 1655 1789 1695 (Ioh.
1822 1657 1869 1694 11,
1901 1657 1970 1699 35):
2005 1658 2062 1690 sed.

1100 1694 1174 1733 quia
1208 1695 1345 1724 moerori
1375 1706 1499 1734 semper
1529 1696 1678 1728 adiuncta
1707 1703 1757 1729 est
1787 1700 1999 1739 perturbatio,
2028 1704 2061 1732 et

1100 1736 1133 1766 iu
1158 1737 1246 1767 luctu
1271 1737 1417 1768 homines
1441 1744 1476 1768 ut
1495 1738 1668 1778 plurimum
1688 1741 1855 1772 ambitioni
1875 1748 1906 1772 et
1925 1754 2060 1783 pompae

1100 1779 1246 1816 student,
1278 1791 1314 1811 ac
1338 1790 1370 1810 se
1393 1781 1479 1820 ipsos
1503 1782 1587 1812 ultro
1610 1786 1642 1813 et
1664 1782 1738 1814 data
1761 1794 1857 1823 opera
1881 1784 1921 1815 ad
1945 1796 2059 1817 exces-

1100 1832 1171 1852 sum
1207 1828 1396 1861 provocant,
1431 1834 1467 1854 ac
1495 1824 1522 1854 si
1556 1835 1619 1855 non
1653 1836 1706 1856 005
1739 1827 1802 1857 iam
1837 1833 1953 1858 natura
1987 1829 2059 1868 plus

1100 1874 1200 1904 aequo
1231 1865 1306 1895 illuc
1337 1873 1478 1905 raperet:
1510 1867 1736 1899 moderationis
1767 1870 1951 1909 exemplum
1982 1871 2058 1902 dare

1101 1918 1165 1937 non
1187 1913 1334 1946 poteraut
1348 1908 1510 1946 Nazaraei,
1534 1910 1559 1939 si
1582 1910 1765 1949 lugentibus
1788 1923 1821 1942 se
1845 1913 2056 1944 miscuissent.

1100 1950 1188 1990 Ergo
1212 1951 1306 1980 sicuti
1330 1950 1474 1982 lautitiae
1499 1953 1585 1991 prius
1609 1952 1772 1984 fraenatae
1795 1960 1879 1991 sunt,
1904 1955 1949 1986 ita
1972 1967 2058 1987 nunc

1100 1994 1260 2023 contrario
1284 1993 1409 2029 morbo,
1434 2005 1547 2034 nempe
1571 1996 1734 2032 tristitiae,
1765 1997 1941 2028 remedium
1966 1999 2057 2029 adhi-

1100 2036 1203 2066 betur.
1259 2036 1330 2066 Etsi
1364 2042 1470 2067 autem
1505 2037 1634 2068 modum
1668 2038 1727 2069 sibi
1766 2050 1876 2070 omnes
1916 2046 2058 2072 statuere

1100 2078 1226 2115 debent,
1248 2078 1420 2109 Nazaraeis
1440 2085 1544 2110 tamen
1565 2081 1791 2119 praescribitur
1810 2082 1928 2122 aliquid
1942 2084 2055 2121 maius,

1099 2125 1135 2151 ut
1176 2127 1327 2160 tanquam
1369 2122 1464 2152 soluti
1504 2127 1535 2152 et
1574 2125 1663 2153 exuti
1705 2125 1840 2155 terrenis
1880 2125 2058 2164 affectibus,

1100 2163 1222 2202 reliquo
1242 2164 1358 2203 populo
1378 2165 1585 2195 antecellant:
1606 2166 1700 2196 sicuti
1721 2166 1759 2197 de
1771 2167 1935 2198 sacerdote
1948 2173 2058 2208 postea

1099 2206 1269 2237 videbitur.

1185 2249 1213 2280 9.
1238 2249 1274 2279 St
1292 2252 1391 2279 atttcm
1409 2252 1555 2280 mortuus.
1590 2251 1652 2282 Hic
1672 2251 1866 2290 praecipitur
1884 2252 1959 2291 quid
1978 2264 2057 2292 opus

1099 2292 1139 2322 sit
1163 2292 1247 2322 factu
1272 2293 1298 2322 si
1322 2292 1491 2332 contigerit
1514 2293 1733 2324 immundities
1757 2304 1837 2333 quae
1866 2295 1956 2325 nulla.
1986 2296 2059 2326 dili—

1098 2335 1209 2374 gentia
1228 2335 1411 2373 praecaveri
1432 2335 1544 2374 potuit.
1580 2335 1615 2366 Si
1635 2336 1763 2366 domum
1778 2337 1937 2368 funestam
1952 2339 2057 2370 sciens

1098 2383 1129 2407 et
1148 2377 1260 2408 volens
1279 2378 1444 2417 ingressus
1465 2383 1548 2408 esset
1560 2378 1752 2415 Nazaraeus,
1772 2379 1825 2409 vel
1839 2379 1878 2410 ad
1892 2385 2056 2412 mortuum

1097 2420 1294 2456 accessisset,
1315 2430 1379 2450 non
1394 2420 1510 2459 absque
1523 2421 1642 2451 scelere
1662 2421 1780 2452 violata
1799 2422 1910 2453 fuisset
1929 2423 2055 2464 religio:

1097 2473 1211 2493 verum
1239 2463 1273 2492 in
1303 2468 1406 2493 morto
1437 2464 1604 2502 repentina
1634 2464 1827 2495 excusabilis
1858 2470 1927 2495 erat
1957 2476 2056 2503 error,

1096 2515 1189 2544 quem
1221 2510 1330 2536 tamen
1361 2505 1449 2536 Deus
1478 2506 1600 2545 expiari
1628 2506 1724 2537 iubet.
1773 2506 1938 2547 Quidquid
1969 2509 2055 2539 enim

1096 2548 1250 2587 temporis
1274 2558 1292 2578 a
1316 2552 1388 2579 voto
1412 2549 1634 2587 praeterierat,
1665 2559 1723 2588 pro
1747 2549 1848 2580 nihilo
1871 2550 1973 2589 ducit,
1998 2562 2056 2582 nec

1182 2641 1210 2673 1)
1228 2641 1263 2667 In
1282 2641 1418 2674 marqine:
1436 2641 1465 2666 ln
1484 2641 1553 2666 libro
1572 2641 1604 2666 de
1624 2641 1712 2673 Opere
1730 2642 1928 2667 monachorum.

1818 2684 1853 2710 20
