2304 3034
173 223 235 256 239

500 315 564 346 EX
584 313 716 346 DEUT.
739 313 800 344 XI.

259 406 285 436 S.
329 401 482 434 Cnstodite
517 410 585 440 erqo
615 410 700 429 omne
733 402 933 438 praeceptum
973 400 1052 439 quod
1085 411 1136 441 eyo

168 447 326 489 praecipio
348 445 431 475 ‘robis
453 443 553 479 hodie,
578 444 611 472 nt
634 442 830 478 roboremini,
855 445 881 473 et
903 443 1135 482 ingrediamini,

166 489 412 532 possideatisqm’
435 489 547 517 terram
570 485 611 515 ad
634 495 725 523 qnam
749 495 800 515 vos
823 486 967 516 transitis
984 488 1018 516 ut
1035 487 1137 524 possi-

174 535 271 566 deatis
290 541 366 562 eam.
401 530 428 560 9.
454 529 554 567 Atque
572 530 605 557 ut
622 528 809 568 prolouyetis
827 529 895 560 dies
913 538 1007 567 super
1022 530 1136 560 terram

173 586 265 616 qaum
290 572 529 605 iem-«valebam.
547 570 692 610 putribus
717 572 827 601 vestris
849 581 880 602 se
902 571 1049 602 daturum
1072 572 1137 603 illis

173 622 198 651 el
219 617 330 649 semini
354 625 465 653 comm,
489 617 602 644 terram
621 614 764 652 fluentem
787 613 860 644 lacte
884 616 910 644 et
932 613 1028 645 melle.

259 704 286 733 1.
327 702 421 733 Omne
438 702 646 738 praecepium.
693 698 853 737 Quamvis
877 699 1001 738 primus
1027 710 1137 731 versus

173 749 258 779 inter
297 743 525 785 promissiones
566 741 679 773 referri
721 742 836 781 possit,
879 741 992 781 quibus
1026 748 1137 782 postea

173 789 352 821 videbimus
376 786 531 817 sancitam
556 785 654 815 fuisse
679 784 782 825 legem
806 794 824 814 a
847 784 954 822 Mose,
983 786 1057 824 quia
1080 796 1136 825 spe

173 832 329 864 mercedis
359 829 521 870 proposita
552 827 719 858 Israelitas
747 827 786 857 ad
817 827 957 858 officium
988 828 1137 859 hortatur

173 882 204 907 et
228 874 377 914 impellit:
401 877 581 911 opportuno
605 876 713 900 tamen
737 870 805 900 1000
830 870 882 901 1110
904 881 976 901 eum
997 871 1137 902 inserere

173 918 253 950 mihi
277 917 366 947 visus
390 924 476 945 sum:
500 913 627 954 quando
651 913 822 944 consilium
837 913 938 944 Mosis
962 923 1027 944 non
1051 913 1137 944 aliud

173 962 253 997 fuit,
295 969 388 998 quam
431 958 605 997 promissae
638 956 848 986 haereditatis
883 956 1050 987 dulcedine
1084 967 1137 988 eos

174 1005 302 1035 allicere
337 1001 376 1032 ad
412 1000 628 1040 recipiendam
663 999 743 1039 legis
778 998 967 1030 doctrinam.
1020 999 1137 1030 Merito

174 1048 283 1086 itaque
314 1045 393 1075 haec
422 1043 585 1074 sententia
614 1042 699 1072 inter
729 1042 808 1072 alias
838 1043 1001 1072 numerari
1025 1047 1137 1082 potest,

174 1089 288 1130 quibus
313 1086 494 1127 praeparati
518 1086 645 1116 fuerant
669 1085 767 1115 animi
791 1095 919 1123 eorum,
954 1090 989 1116 ut
1013 1085 1082 1116 Deo
1105 1096 1138 1116 se

176 1142 238 1173 qua
261 1131 393 1162 decebat
417 1128 665 1159 mansuetudine
689 1132 720 1158 et
743 1127 905 1158 docilitate
929 1127 1136 1159 subiicerent:

175 1186 211 1206 ac
234 1175 260 1206 si
285 1174 432 1204 dixisset:
459 1171 545 1210 Quia
568 1181 633 1201 non
657 1171 767 1210 procul
791 1171 854 1201 iam
880 1180 898 1200 a
923 1170 1013 1201 vobis
1043 1171 1139 1202 distat

174 1223 260 1249 terra
279 1216 446 1252 Chanaan,
471 1214 619 1246 vicinitas
642 1214 711 1253 ipsa
734 1213 878 1244 animare
903 1224 960 1245 vos
983 1213 1076 1244 debet
1099 1214 1138 1245 ad

175 1259 378 1292 subeundum
404 1258 542 1288 alacrius
566 1256 627 1288 Dei
658 1257 779 1296 iugum.
826 1257 910 1287 Nam
941 1256 1026 1287 idem
1050 1257 1139 1288 Deus

175 1304 230 1344 qui
252 1303 356 1343 legem
381 1301 472 1332 vobis
504 1299 598 1331 hodie
627 1300 758 1336 statuit,
788 1298 827 1329 ad
857 1299 1042 1330 fruitionem
1072 1300 1139 1331 eius

175 1352 281 1378 terrae
305 1356 363 1376 vos
386 1344 521 1380 invitat,
556 1353 651 1382 quam
675 1341 884 1373 iureiurando
909 1342 1069 1382 pollicitus
1093 1347 1140 1374 est

176 1389 322 1430 patribus
346 1387 472 1418 vestris.
516 1386 560 1416 Et
583 1390 669 1416 certe
692 1396 731 1416 ex
760 1385 820 1416 hac
850 1385 997 1416 clausula
1027 1396 1141 1416 versus

176 1437 267 1473 patet
298 1431 411 1462 Mosen
442 1439 508 1460 non
543 1428 732 1468 simpliciter
762 1427 827 1459 illis
859 1428 1040 1459 mercedem
1069 1439 1141 1468 pro-

176 1477 316 1511 mittere,
337 1474 363 1504 si
380 1473 485 1513 legem
504 1471 722 1502 servaverint:
743 1469 797 1502 sed
816 1471 924 1511 potins
943 1471 1141 1511 superiorem

178 1518 325 1559 gratiam,
345 1527 407 1556 qua
419 1515 509 1546 Deus
523 1515 608 1546 ultro
628 1514 700 1545 illos
713 1519 935 1554 praevenerat,
954 1514 988 1545 in
1001 1514 1141 1544 medium

178 1561 332 1602 proferre,
356 1564 391 1590 ut
412 1558 553 1590 vicissim
577 1562 685 1598 gratos
705 1568 738 1588 se
757 1563 930 1597 praestent.
966 1557 1143 1597 Praecepta

179 1615 254 1635 vero
285 1613 341 1634 sua
372 1606 479 1639 vocat,
514 1600 561 1642 (ut
591 1601 656 1632 iam
686 1605 762 1631 ante
790 1599 942 1641 vidimus)
971 1610 1036 1631 non
1064 1610 1143 1640 quae

178 1648 246 1687 ipse
269 1657 326 1686 pro
351 1645 482 1676 arbitrio
505 1648 706 1675 commentus
731 1644 787 1681 sit,
823 1642 879 1674 sed
902 1654 983 1683 quae
1004 1653 1058 1673 ore
1081 1642 1143 1673 Dei

178 1690 280 1730 ipsius
314 1688 432 1719 dictata
466 1686 605 1718 fideliter
636 1686 750 1723 tradit,
785 1687 875 1726 quasi
910 1686 949 1717 de
978 1696 1077 1716 manu
1110 1686 1143 1716 in

179 1743 323 1763 manum.
380 1731 451 1762 Hoc
481 1730 578 1760 etiam
613 1740 652 1760 ex
688 1739 784 1760 Versu
818 1729 964 1769 proxime
998 1729 1143 1768 sequenti

179 1775 330 1815 colligere
344 1774 458 1804 melius
471 1773 545 1804 licet
559 1772 612 1803 ubi
626 1772 800 1812 superioris
821 1773 972 1812 temporis
991 1772 1145 1802 beneficia

178 1823 424 1854 commemorat,
454 1822 485 1847 et
513 1816 609 1846 simul
632 1816 665 1845 in
690 1815 880 1846 memoriam
903 1814 1041 1852 reducit,
1069 1819 1144 1855 quot

179 1867 209 1892 et
238 1871 332 1901 quam
367 1860 467 1890 variis
496 1858 696 1889 documentis
721 1868 773 1888 eos
797 1858 887 1888 Deus
917 1857 1085 1895 erudierit,
1111 1862 1144 1887 ut

179 1904 392 1935 assuefaceret
422 1907 453 1932 ct
487 1902 641 1932 formaret
665 1901 703 1931 ad
728 1900 925 1940 obsequium.
972 1902 1019 1932 Ac
1042 1901 1144 1940 primo

179 1947 306 1987 quidem
327 1946 359 1976 in
380 1956 497 1985 genere
516 1955 649 1984 operum
663 1943 735 1981 Dei,
755 1954 835 1983 quae
854 1955 912 1984 per
930 1943 1145 1984 quadraginta

180 2001 280 2021 annos
315 1988 482 2025 viderunt,
517 1987 678 2018 recordari
713 1987 816 2018 iubet:
854 1998 928 2017 mox
964 1992 1071 2017 tamen
1105 1985 1144 2016 ad

180 2033 301 2072 species
333 2031 512 2066 descendit,
545 2041 660 2070 nempe
690 2030 920 2061 afflictionibus
944 2030 1049 2060 Deum
1072 2039 1144 2069 pro-

179 2076 272 2106 basse
301 2074 376 2114 quid
407 2074 441 2104 in
471 2084 583 2104 eorum
615 2072 764 2104 cordibus
798 2072 923 2103 lateret.
975 2071 1029 2104 Sic
1059 2072 1143 2103 enim

180 2118 298 2149 resolvi
322 2117 415 2148 debet
439 2117 558 2147 oratio:
583 2116 629 2147 Ut
660 2115 832 2155 affligendo
863 2120 1003 2146 tentaret
1032 2120 1078 2151 tc,
1110 2125 1145 2145 ac

180 2162 284 2192 sciret.
338 2160 463 2198 Quibus
497 2159 605 2190 verbis
639 2158 789 2189 admonet
825 2169 888 2189 non
923 2159 992 2188 5100
1025 2158 1145 2198 optima

181 2215 276 2235 causa
302 2204 401 2234 fuisse
421 2202 531 2233 multis
550 2201 713 2233 aerumnis
732 2211 764 2231 et
790 2201 1001 2232 incommodis
1021 2200 1146 2231 duriter

181 2247 386 2278 exercitatos:
420 2246 494 2285 quia
524 2256 603 2284 opus
634 2249 717 2275 esset
748 2244 804 2274 tali
833 2244 992 2275 examine.
1041 2242 1144 2275 Simul

181 2295 290 2320 tamen
314 2289 440 2328 oblique
465 2288 655 2328 perstringit
679 2298 789 2318 eorum
814 2287 1042 2327 pervicaciam,
1065 2296 1145 2326 quae

182 2337 259 2363 111110
292 2332 418 2363 detecta
451 2331 527 2362 fuit:
564 2341 662 2370 quum
696 2330 814 2369 alioqui
843 2330 907 2360 illis
940 2329 1032 2360 facile
1063 2333 1147 2359 essct

182 2375 276 2406 rebus
318 2385 468 2415 prospere
502 2374 677 2404 fluentibus
711 2374 863 2403 simulare
899 2383 1050 2412 magnum
1088 2371 1145 2402 Dei

183 2419 339 2454 timorem,
362 2418 416 2457 qui
441 2423 549 2448 tamen
573 2417 682 2447 nullus
706 2421 784 2453 erat,
807 2416 890 2447 sicut
914 2426 947 2445 re
971 2416 1039 2454 ipsa
1062 2425 1145 2445 com-

183 2467 310 2500 pertum
334 2466 391 2491 est.

270 2504 364 2534 Dent.
396 2503 424 2534 8.
454 2503 482 2533 3.
528 2501 571 2532 Et
604 2502 722 2541 ufslimt
750 2505 776 2532 te
806 2512 841 2533 ac
872 2501 988 2531 esurire
1018 2503 1044 2530 te
1065 2499 1145 2539 fecit.

185 2546 279 2584 Quod
303 2546 500 2585 aliquamdiu
524 2545 643 2576 fuerint
674 2545 706 2575 in
739 2544 864 2575 deserto
895 2543 1047 2580 famelici,
1079 2542 1147 2572 eius
1172 2556 1173 2578 ;

185 2589 336 2627 penuriae
351 2589 520 2619 utilitatem
534 2588 744 2625 demonstrat,
764 2588 838 2627 quia
852 2587 924 2617 inde
938 2585 1148 2625 cognoverint

188 2642 248 2661 non
274 2642 355 2670 panc
378 2637 502 2661 tantum
527 2637 559 2661 et
585 2631 675 2666 Vino,
712 2630 766 2661 sed
798 2641 913 2660 arcana
938 2629 998 2659 Dei
1029 2629 1146 2658 virtute

186 2674 226 2704 ali
251 2685 351 2713 genus·
372 2674 558 2704 humanum.
594 2674 665 2704 Etsi
690 2673 775 2703 0111111
801 2673 942 2703 fatentur
961 2682 1071 2701 01111105
1088 2670 1146 2700 Dei

896 220 1158 253 PRAEFATIO
1182 221 1229 252 IN
1254 221 1425 253 LEGEM.

2087 224 2149 256 240

1187 314 1398 346 beneficentia
1421 322 1539 346 terram
1564 325 1632 346 esse
1660 315 1817 353 fertilem,
1850 316 1894 348 510
1922 320 2029 348 tamen
2059 321 2147 358 potui

1187 362 1219 388 et
1241 358 1310 389 cibo
1341 358 1430 388 affixi
1459 362 1535 388 sunt
1564 368 1673 388 eorum
1698 368 1824 396 sensus,
1849 364 1885 389 ut
1907 369 1971 389 non
1995 370 2148 392 0005000-

1187 400 1265 431 dant
1288 400 1401 436 altius,
1427 411 1485 431 000
1509 399 1615 431 Deum
1640 406 1819 440 agnoscant
1841 406 1967 440 patrem
1990 408 2021 433 et
2044 405 2147 435 nutri-

1187 443 1276 481 tium,
1295 443 1349 474 sed
1367 443 1474 482 potius
1493 453 1566 473 eum
1588 443 1722 483 alligent
1741 444 1884 475 externis
1903 444 2016 475 mediis
2035 446 2148 485 quibus

1187 492 1265 516 sunt
1296 485 1429 516 addicti:
1460 496 1495 516 ac
1526 486 1552 515 51
1583 486 1651 516 01115
1679 496 1794 517 manus
1824 497 1882 526 per
1911 497 1944 518 se
1975 492 2006 518 et
2029 488 2148 528 absque

1187 529 1412 559 instrumentis
1447 527 1620 567 quidquam
1655 529 1781 560 efficere
1817 540 1852 560 ac
1886 537 2050 569 praestare
2085 541 2148 562 non

1187 578 1302 610 posset.
1358 570 1482 601 Deinde
1522 571 1605 610 quod
1647 582 1665 602 a
1699 572 1768 602 Deo
1804 573 1950 603 sentiunt
1989 574 2150 612 procreari

1187 619 1293 644 terrae
1317 614 1454 650 fructus,
1479 613 1596 654 frigida
1621 618 1747 645 tantum
1771 615 1959 655 imaginatio
1983 621 2045 654 est,
2068 626 2150 656 quae

1187 657 1296 687 statim
1315 657 1425 693 effluit,
1446 667 1504 687 000
1524 657 1635 687 haeret
1654 657 1685 687 in
1707 658 1870 688 memoria.
1898 658 2002 689 Lucet
2020 658 2149 698 quidem

1187 701 1265 730 satis
1288 700 1372 730 clare
1396 699 1429 729 in
1454 710 1522 737 usu,
1546 700 1599 738 qui
1624 700 1815 731 naturaliter
1837 711 1877 731 ex
1901 702 2055 733 creaturis
2080 712 2150 741 per-

1187 742 1320 781 cipitur,
1344 747 1409 772 tam
1436 742 1579 781 potentia
1603 742 1663 773 Dei
1689 753 1785 782 quam
1810 743 1942 775 bonitas.
1989 743 2052 775 Sed
2076 745 2153 775 facit

1187 785 1331 824 pravitas
1356 784 1488 815 humani
1513 785 1647 821 ingenii,
1677 793 1711 815 ut
1735 796 1816 825 quae
1839 787 2025 817 testimonia
2049 794 2150 824 erant,

1187 828 1276 867 quasi
1300 827 1373 858 vela
1393 828 1563 858 obscurent
1582 827 1700 858 claram
1720 828 1833 859 lucem.
1871 829 1921 860 Ad
1942 829 2027 867 haec,
2052 830 2153 861 maior

1188 881 1262 910 pars
1287 870 1393 901 Deum
1419 871 1527 909 procul
1551 870 1700 901 subducit
1722 877 1754 901 et
1776 871 1809 901 in
1834 873 1935 902 otium
1959 873 2089 912 relegat,
2117 883 2153 904 ac

1189 914 1214 944 si
1239 919 1344 953 partes
1368 923 1442 944 suas
1467 914 1664 953 resignasset
1687 915 1773 945 coelo
1797 919 1828 945 et
1852 920 1965 946 terrae.
2007 915 2094 946 Hinc
2118 916 2154 946 fit

1190 960 1225 986 ut
1252 956 1415 996 praesenti
1445 957 1535 995 copia
1566 964 1597 986 et
1627 957 1740 996 opibus
1771 958 1898 995 confisi,
1924 958 1985 988 Dei
2015 958 2154 997 gratiam

1189 1009 1252 1029 non
1278 999 1461 1039 implorent,
1486 1000 1550 1030 imo
1574 1006 1778 1038 praetereant
1800 1000 1890 1040 quasi
1910 1011 2153 1040 supervacuam,

1190 1041 1334 1072 destituti
1348 1048 1453 1072 autem
1474 1043 1635 1073 consuetis
1655 1042 1804 1073 subsidiis
1824 1054 1955 1083 prorsus
1974 1043 2154 1083 desperent,

1189 1094 1226 1115 ac
1259 1085 1285 1115 si
1319 1085 1357 1115 ad
1399 1085 1655 1115 succurrendum
1691 1096 1754 1116 000
1796 1087 1958 1117 sufficeret
1991 1086 2059 1117 sola
2094 1086 2154 1117 Dei

1190 1137 1312 1158 manus.
1345 1128 1431 1167 Ergo
1450 1128 1601 1167 quoniam
1626 1138 1688 1158 non
1713 1129 1792 1160 satis
1816 1129 1987 1168 proficiunt
2010 1129 2156 1160 homines

1190 1175 1305 1200 natura
1325 1170 1405 1202 duce
1424 1176 1455 1200 et
1477 1171 1649 1210 magistra:
1673 1172 1749 1210 quin
1770 1173 1876 1211 potius
1896 1173 1928 1202 in
1942 1182 2077 1211 operum
2091 1171 2155 1202 Dei

1191 1213 1310 1243 intuitu
1334 1214 1532 1250 caecutiunt,
1565 1213 1795 1245 documentum
1817 1215 1915 1245 semel
1937 1215 1970 1245 in
1997 1215 2153 1245 miraculo

1192 1256 1252 1287 hoc
1276 1256 1374 1286 statui
1398 1256 1558 1295 oportuit,
1588 1257 1673 1287 unde
1697 1257 1801 1296 palam
1826 1258 1933 1295 fieret,
1965 1268 2027 1288 non
2051 1257 2155 1288 solum

1191 1298 1253 1329 Dei
1277 1298 1488 1330 beneficentia
1511 1301 1598 1338 pasci
1620 1299 1764 1330 homines
1784 1300 1859 1331 dum
1878 1305 2054 1331 vescuntur
2073 1310 2156 1340 pane

1193 1347 1225 1372 et
1264 1342 1360 1378 vino,
1406 1342 1461 1372 sed
1502 1342 1598 1372 etiam
1639 1343 1665 1374 si
1706 1342 1832 1374 deficiat
1871 1343 1976 1374 omnis
2017 1353 2155 1374 annona.

1194 1384 1355 1423 Quamvis
1374 1385 1480 1424 aliqua
1498 1385 1532 1415 in
1552 1385 1659 1416 verbis
1678 1385 1720 1416 sit
1732 1386 1897 1425 asperitas,
1918 1386 2033 1425 planus
2046 1390 2157 1416 tamen

1194 1432 1242 1458 est
1265 1438 1394 1465 seusus,
1425 1438 1489 1458 non
1520 1428 1696 1459 consistere
1726 1429 1893 1459 hominum
1919 1428 2018 1459 vitam
2041 1428 2076 1458 in
2099 1428 2157 1459 ali-

1195 1471 1328 1507 mentis,
1361 1470 1415 1500 scd
1445 1471 1674 1510 inpii-ationem
1697 1472 1759 1502 Dei
1790 1472 1936 1503 sufficere
1967 1476 2002 1502 ut
2032 1471 2156 1502 vivant.

1195 1513 1243 1544 Ac
1266 1513 1442 1543 tenendum
1466 1519 1529 1551 est,
1562 1525 1624 1544 non
1650 1513 1688 1545 de
1712 1520 1843 1545 aeterna
1866 1515 1992 1545 animae
2016 1514 2084 1545 vita
2106 1513 2158 1545 hie

1196 1556 1264 1596 agi,
1289 1555 1344 1587 sed
1368 1561 1495 1587 tantum
1519 1557 1711 1596 simpliciter
1734 1557 1854 1593 doceri,
1879 1557 2029 1597 quamvis
2052 1556 2159 1588 absint

1196 1599 1286 1639 panis
1305 1603 1336 1629 et
1356 1599 1475 1636 vinum,
1500 1600 1675 1630 sustentari
1695 1604 1726 1631 et
1750 1600 1894 1640 vegetari
1913 1610 2006 1640 posse
2024 1609 2159 1640 corpora.

1196 1641 1262 1672 solo
1288 1641 1347 1672 Dei
1372 1647 1463 1674 nutu.
1509 1642 1559 1673 Ita
1583 1643 1686 1673 fixum
1710 1647 1852 1680 maneat,
1876 1653 2061 1683 perperam,
2085 1642 2160 1673 licet

1196 1689 1319 1725 argute,
1340 1684 1398 1715 hoe
1411 1685 1450 1715 ad
1468 1686 1565 1715 vitam
1586 1686 1786 1725 spiritualem
1807 1686 1901 1724 trahi,
1920 1691 1951 1716 et
1969 1685 2159 1716 relationem

1195 1728 1274 1767 fingi
1301 1727 1463 1758 doctrinae
1487 1728 1526 1759 ad
1550 1728 1662 1759 fidem:
1686 1730 1776 1769 quasi
1800 1729 1905 1769 gratia
1922 1739 2003 1768 quae
2022 1728 2160 1768 promis-

1195 1771 1339 1801 sionibus
1362 1771 1506 1808 offertur,
1530 1775 1560 1801 et
1584 1771 1646 1802 fide
1670 1772 1833 1811 recipitur,
1858 1771 1983 1802 animas
2002 1771 2159 1802 vivificet:

1195 1813 1270 1853 quia
1293 1813 1482 1853 simpliciter
1507 1814 1606 1854 vigor,
1628 1815 1681 1854 qui
1702 1815 1838 1845 diffusus
1856 1825 1874 1845 a
1893 1814 2008 1854 spiritu
2022 1814 2081 1845 Dei
2102 1824 2161 1844 nos

1196 1856 1349 1893 sustinet,
1380 1856 1497 1887 dicitur
1526 1857 1637 1896 egredi
1667 1868 1705 1888 ex
1737 1868 1792 1888 ore
1822 1857 1902 1888 eius.
1949 1858 1996 1888 Ac
2029 1857 2160 1888 omnino

1196 1899 1350 1938 repetitur
1364 1899 1493 1930 Psalmo
1518 1900 1588 1936 104,
1608 1900 1649 1931 30
1667 1899 1751 1940 quod
1771 1900 1860 1940 prius
1880 1900 1999 1930 dictum
2018 1899 2124 1930 fuerat
2143 1909 2162 1930 a

1197 1942 1301 1972 Mose:
1323 1942 1455 1972 Emittis
1467 1943 1616 1982 spiritum
1633 1948 1735 1980 tuum,
1755 1948 1786 1973 et
1798 1947 1958 1979 creantur,
1979 1947 2011 1973 et
2025 1952 2161 1973 renovas

1197 1985 1309 2015 faciem
1333 1991 1447 2015 terrae.
1495 1985 1633 2016 Videtur
1656 1991 1763 2016 autem
1787 1985 1905 2016 diserte
1929 1985 2038 2016 addita
2063 1986 2161 2016 fuisse

1197 2027 1353 2067 particula
1377 2027 1449 2058 Non
1473 2028 1504 2058 in
1530 2029 1614 2059 solo:
1645 2040 1701 2065 ne,
1725 2029 1750 2058 si
1776 2039 1892 2068 panem
1921 2028 1975 2067 qui
2006 2028 2096 2058 nobis
2120 2026 2160 2058 ad

1198 2071 1317 2101 victum
1352 2070 1531 2101 destinatus
1565 2076 1629 2108 est,
1664 2081 1795 2111 prorsus
1826 2071 2014 2101 excluderet
2044 2070 2159 2106 Moses,

1198 2113 1268 2143 Deo
1302 2113 1420 2143 faceret
1453 2114 1613 2144 iniuriam.
1667 2113 1722 2145 Sic
1752 2124 1828 2153 ergo
1858 2113 1958 2143 verba
1991 2117 2159 2152 temperat,

1197 2156 1343 2195 quamvis
1355 2155 1523 2186 hominum
1537 2157 1636 2187 vitam
1650 2157 1807 2187 sustineat
1826 2156 1929 2195 panis,
1950 2155 2032 2186 hanc
2051 2162 2160 2186 tamen

1198 2198 1350 2229 fulturam
1375 2199 1471 2229 nimis
1494 2199 1560 2229 fore
1584 2199 1730 2235 debilem,
1755 2199 1817 2229 nisi
1841 2198 2029 2238 praecipuas
2052 2205 2161 2237 partes

1198 2246 1329 2281 occupet
1361 2241 1494 2271 interior
1525 2241 1586 2272 Dei
1618 2242 1734 2272 virtus:
1771 2241 1885 2271 deinde
1919 2242 2066 2272 sufficere
2096 2241 2161 2272 vim

1198 2284 1423 2321 intrinsecam,
1447 2284 1497 2324 (ut
1519 2284 1707 2325 loquuntur)
1730 2294 1826 2323 quam
1851 2294 1869 2314 a
1892 2294 1925 2314 50
1948 2283 2102 2323 inspirat,
2125 2288 2161 2314 ut

1198 2327 1305 2357 desint
1318 2326 1379 2357 alia
1392 2326 1596 2357 adminicula.
1632 2328 1739 2366 Atque
1759 2326 1837 2357 haec
1857 2326 2002 2357 doctrina
2020 2327 2161 2366 primum

1199 2380 1255 2400 1105
1279 2369 1318 2400 ad
1342 2369 1573 2408 gratitudinem
1596 2369 1717 2405 incitat,
1743 2375 1778 2399 nt
1801 2374 1966 2408 acceptum
1986 2368 2055 2400 Deo
2079 2370 2161 2400 fera-

1199 2423 1270 2443 01115
1302 2411 1456 2451 quidquid
1490 2411 1673 2451 suppeditat
1707 2412 1797 2442 nobis
1833 2423 1889 2451 per
1922 2416 2087 2443 creaturas
2120 2412 2161 2443 ad

1201 2457 1299 2485 vitam
1325 2454 1492 2485 fovendam
1518 2465 1552 2485 ac
1578 2454 1746 2485 tuendam:
1772 2454 1886 2485 deinde
1906 2455 1932 2486 si
1956 2454 2083 2494 quando
2103 2465 2160 2486 nos

1172 2498 1375 2530 ,destituant
1409 2497 1517 2527 onmia
1551 2497 1663 2527 mundi
1699 2496 1898 2534 adiumenta,
1934 2503 1970 2528 ut
2001 2497 2161 2529 discamus

1200 2547 1307 2571 tamen
1331 2540 1370 2570 ab
1394 2550 1430 2571 eo
1454 2540 1520 2570 solo
1552 2540 1650 2570 vitam
1680 2551 1818 2579 sperare.
1865 2539 1959 2578 Quod
1990 2548 2161 2580 utrumque

1199 2590 1309 2613 tenere
1344 2594 1405 2613 non
1441 2582 1585 2621 vulgaris
1614 2583 1789 2622 sapientiae
1817 2588 1873 2614 cst.
1926 2583 2024 2615 Hunc
2054 2583 2158 2614 locum

1172 2638 1174 2659 1
1200 2627 1350 2657 (leistus
1385 2625 1422 2655 ad
1458 2636 1567 2655 veram
1603 2629 1634 2655 ct
1667 2626 1842 2665 genuinam
1884 2626 2000 2666 praxin
2040 2626 2160 2665 optime

1172 2696 1174 2707 ,
1200 2670 1319 2708 aptavit
1340 2667 1471 2709 (Matth.
1496 2668 1524 2704 4,
1549 2668 1590 2708 4).
1626 2668 1710 2699 Nam
1729 2679 1826 2708 quum
1846 2669 1997 2700 suaderet
2016 2668 2161 2700 diabolus
