2304 3034
105 212 163 244 361

105 307 169 337 nisi
203 306 326 337 obviam
361 307 441 337 itum
471 309 562 337 esset.
613 304 711 335 Ponit
745 308 852 334 autem
884 304 1065 340 circuitum,

105 350 179 389 quia
213 349 289 380 hinc
323 350 406 380 sumi
442 353 565 388 poterat
597 345 811 386 persuadendi
843 346 943 382 color,
981 346 1066 385 quod

106 402 170 422 non
195 398 319 422 tantum
351 392 389 422 ab
413 401 476 422 una
497 395 592 430 gente
615 389 760 419 differret
782 388 911 419 Israelis
942 388 1065 428 religio,
1091 409 1092 412 ,

107 434 161 464 sed
186 434 224 464 ab
249 434 398 465 omnibus
421 442 501 472 quae
524 431 648 471 regioni
675 441 916 470 quaquaversus
939 431 1066 471 opposi-

107 481 158 507 tae
177 483 278 507 erant.
317 476 398 506 Nam
423 476 455 506 in
479 484 682 513 quascunque
704 473 789 504 orbis
811 473 923 513 plagas
946 480 1067 521 61160111-
1091 514 1092 520 ¹

107 524 187 555 rent,
212 518 444 550 obiiciebantur
465 527 572 547 eorum
593 515 694 546 oeulis
713 516 861 555 exempla
881 526 963 555 quae
982 526 1066 555 ipsos

107 561 308 592 attraherent
334 561 367 590 in
390 569 505 590 novam
536 564 566 589 et
597 563 784 588 extraneam
816 558 982 599 religionis
1006 559 1066 588 for-

106 614 203 634 mam.
238 603 353 634 Postea
371 601 553 642 amplificat,
578 599 739 631 addendo:
764 600 799 631 Si
823 601 918 631 etiam
940 601 1065 641 longin-

107 693 176 719 erat
199 687 365 718 dissidium
388 685 560 721 Israelitis,
592 685 646 716 sed
670 686 760 724 quasi
791 696 809 716 a
834 690 899 716 toto
924 686 1065 716 humano

107 741 224 771 genere
247 731 404 769 segregati
428 734 527 758 erant.
559 728 639 758 Erat
662 733 768 758 autem
794 728 871 759 haee
895 739 958 758 non
982 728 1064 759 levis

107 773 249 809 tentatio,
269 782 332 802 non
352 771 490 810 reperire
512 771 543 800 in
564 775 630 801 toto
649 770 770 801 mundo
783 771 865 801 ullos
884 771 993 809 socios,
1015 770 1065 801 vel

106 815 204 846 ullius
223 814 325 854 gentis
345 824 544 844 consensum.
586 812 678 843 Adde
702 813 784 852 quod
809 813 970 843 interdum
995 814 1066 853 ipsa

106 857 322 897 longinquitas
346 856 585 886 venerationem
610 856 728 896 ignotis
752 856 910 887 conciliat.
956 855 1062 895 Siqui-

107 900 177 931 dem
211 899 377 930 hominum
412 898 587 935 euriositas,
624 898 804 935 volitando,
840 909 896 929 sua
931 899 1064 929 levitate

106 947 207 973 terras
230 948 259 971 et
280 941 380 971 maria
404 940 628 978 transscendit,
653 946 686 971 ut
708 941 766 971 sub
786 941 939 972 novitatis
958 942 1063 980 specie

105 990 246 1015 monstra
268 983 419 1023 pestifera
442 983 501 1013 sibi
525 990 675 1014 accersat.
706 983 832 1013 Interea
854 984 944 1014 Deus
967 983 1063 1014 fidem

102 1027 136 1058 in
160 1026 253 1058 verbo
272 1035 330 1056 suo
354 1025 517 1056 fundatam
542 1027 574 1056 in
598 1025 726 1056 sublimi
750 1026 841 1064 locat,
864 1032 901 1057 ut
919 1027 1061 1057 omnium

102 1070 244 1110 gentium
269 1078 386 1106 mores,
420 1069 585 1105 instituta,
620 1069 717 1105 ritus,
747 1075 778 1099 et
811 1069 1062 1099 eonsuetudines

103 1111 262 1151 despiciat.
310 1110 420 1150 Neque
445 1111 530 1141 611110
554 1111 720 1151 impietate
743 1122 819 1142 vere
842 1112 975 1151 profecit
1001 1112 1061 1142 nisi

101 1155 150 1186 cui
171 1154 264 1184 foetet
283 1153 438 1192 quidquid
458 1153 598 1184 alienum
619 1160 675 1184 est.

183 1196 202 1227 9
236 1195 296 1226 Sed
313 1196 469 1227 occidendo
491 1197 614 1227 occides.
640 1196 710 1227 Non
731 1196 800 1226 vult
820 1207 976 1236 quemque
996 1197 1060 1236 pri-

100 1239 198 1270 vatim
224 1239 355 1278 exsequi
370 1239 544 1269 vindictam
563 1238 683 1278 absque
704 1239 830 1278 publico
849 1239 980 1270 iudicio:
1005 1238 1060 1270 sed

98 1281 240 1321 respexit
263 1280 302 1311 ad
325 1291 527 1312 communem
552 1292 656 1319 usum,
680 1281 764 1321 quod
788 1282 901 1312 noxios
924 1288 955 1312 et
974 1281 1061 1312 dam·
1085 1303 1087 1323 3

98 1330 191 1354 natos
221 1329 320 1354 testes
351 1324 445 1363 primi
477 1323 677 1363 lapidabant,
707 1329 742 1354 ut
766 1324 841 1354 alibi
869 1324 1058 1355 videbimus.

99 1365 232 1406 Optima
259 1371 365 1397 autem
395 1366 457 1397 fuit
486 1367 580 1404 ratio,
615 1372 651 1397 ut
683 1366 810 1397 eosdem
842 1367 931 1398 Deus
963 1366 1059 1397 vellet

99 1419 167 1440 esse
200 1419 321 1448 poenae
354 1415 584 1449 exsequutores
618 1410 670 1449 qui
705 1409 826 1439 crimen
864 1409 1057 1446 detulerant,

99 1461 161 1491 quo
185 1453 286 1491 magis
309 1452 394 1482 cauti
418 1460 523 1483 essent
547 1463 582 1483 ae
605 1452 761 1482 moderati
781 1453 812 1482 in
837 1452 977 1483 ferendis
996 1458 1057 1483 tes—

99 1495 250 1525 timoniis.
296 1494 393 1524 Ratio
416 1495 550 1534 quaein
582 1495 645 1525 fine
680 1495 821 1525 additur:
868 1494 954 1534 Quia
984 1506 1057 1535 cap-

99 1537 178 1567 tavit
202 1546 230 1567 te
254 1536 409 1568 abducere
434 1548 451 1568 a
475 1538 543 1568 Deo
567 1542 622 1568 tuo
645 1538 698 1577 qui
722 1542 753 1568 te
776 1537 905 1575 eduxit,
937 1538 1057 1568 crimen

97 1579 214 1610 iterum
234 1584 410 1620 exaggerat
428 1579 467 1611 ab
486 1580 734 1620 ingratitudine:
758 1590 838 1620 quae
861 1592 896 1611 eo
920 1580 1057 1611 detesta-

98 1622 190 1652 bilior
214 1628 298 1660 erat,
328 1633 391 1662 quo
420 1623 524 1663 magis
554 1623 789 1654 inaestimabile
820 1623 1056 1662 616116116οη)-

98 1665 194 1696 tionis
218 1664 416 1696 benefieium.
462 1668 491 1696 A
524 1665 593 1696 Deo
622 1667 749 1706 cognito
779 1665 914 1697 deficere
938 1676 994 1706 per
1024 1677 1057 1696 se

98 1718 195 1747 grave
226 1713 294 1738 erat
323 1708 439 1746 scelus,
468 1707 523 1738 sed
547 1709 679 1748 gravius
703 1708 937 1748 redemptorem
962 1719 1057 1739 suum

98 1750 302 1789 vilipendere.
339 1750 506 1781 Postremo
530 1751 719 1791 adiungitur
743 1751 865 1782 utilitas
883 1757 914 1782 et
933 1752 1057 1782 fruetus

97 1793 290 1823 severitatis:
321 1793 395 1832 quia
426 1793 501 1824 dum
533 1794 675 1833 exigitur
704 1793 741 1824 de
772 1794 866 1825 unius
902 1794 1058 1825 maleficio

95 1845 205 1874 poena,
230 1836 300 1866 aliis
323 1836 471 1866 omnibus
495 1836 653 1867 incutitur
684 1841 799 1867 terror:
831 1842 863 1867 et
893 1837 938 1867 ita
962 1838 1056 1867 unius
1081 1865 1082 1869 ,

95 1878 258 1950 ἒ11ῑ61111116,
292 1887 422 1918 propter
455 1879 638 1918 exemplum
675 1879 811 1910 salubris
836 1884 885 1910 est
908 1879 1056 1910 omnibus

117 1931 194 1960 isc1p
210 1931 271 1951 ina.

372 2090 434 2121 EX
458 2091 654 2123 DEUTER.
679 2092 776 2123 XIII.

182 2174 221 2204 12
236 2174 265 2215 ¹).
292 2174 327 2205 Si
356 2176 493 2207 audieris
523 2176 559 2207 cle
589 2187 651 2207 una
686 2177 807 2208 urbium
829 2180 954 2209 tuarum
977 2190 1057 2218 qaas
1080 2201 1081 2204 η

100 2215 207 2246 Iehova
232 2217 317 2247 Deus
339 2220 410 2248 tuus
432 2219 485 2249 (lat
506 2218 561 2249 tibi
584 2222 616 2249 ut
638 2219 753 2250 babitus
777 2220 826 2258 ibi,
851 2221 984 2260 aliquem
1007 2222 1054 2252 di-

99 2260 222 2288 centem:
256 2259 300 2289 13.
325 2252 543 2300 Eyressi‘sunt
566 2262 693 2300 quidam
716 2262 850 2294 homiues
866 2264 928 2302 filii
947 2265 1054 2303 impie-

99 2300 170 2330 tatis
192 2311 207 2331 e
232 2302 329 2332 medio
359 2303 417 2341 tui,
447 2304 500 2342 qui
535 2305 722 2342 impulerunt
753 2305 935 2337 habitatores
968 2307 1055 2338 urbis

99 2342 316 2389 suaebclicemlo:
337 2344 458 2376 Eamus
475 2349 502 2377 et
524 2347 658 2378 colamus
680 2348 749 2379 deos
766 2348 885 2380 alienos
902 2360 977 2388 (litos
994 2360 1054 2380 uon

100 2387 205 2421 nostis,
251 2385 298 2416 14.
325 2387 408 2418 Tunc
430 2389 581 2428 inquires,
609 2393 634 2420 et
656 2391 866 2430 investiqabis,
895 2402 931 2423 ac
961 2393 1054 2422 iuter-

100 2426 221 2465 royabis
248 2427 421 2467 diliyemer:
447 2434 473 2461 et
499 2432 652 2470 siquidem
680 2434 793 2464 veritas
823 2435 863 2464 sit
891 2437 917 2465 et
949 2445 1055 2466 rumor

100 2479 197 2504 «verus,
227 2470 304 2508 quod
331 2472 412 2509 facta
444 2474 483 2503 sit
508 2474 693 2506 abominatio
724 2476 783 2507 ista
809 2477 842 2507 iri
877 2478 976 2508 medio
998 2478 1053 2514 tui,
1078 2493 1080 2498 ⁴

103 2510 151 2541 15.
178 2511 374 2543 Pcrcutieudo
390 2517 540 2552 percuties
563 2517 749 2549 habitatores
772 2519 858 2549 urbis
881 2519 968 2551 illias
991 2521 1055 2551 acie
1078 2526 1080 2535 ¹

98 2553 206 2593 stadii,
233 2554 385 2593 perdendo
412 2567 491 2595 eam,
525 2562 549 2589 et
577 2561 729 2599 quidquid
758 2562 788 2591 iii
823 2573 857 2592 ea
890 2562 999 2601 fuerit,
1030 2566 1056 2593 et

184 2646 265 2672 Hebr.
285 2647 390 2674 13-18.

825 211 1011 242 PRIMUM
1034 211 1353 245 PRAECEPTUM.

1091 336 1093 342 χ
1118 307 1254 337 iumenta
1283 308 1351 338 eius
1381 308 1445 338 acie
1470 307 1580 348 gladii.

1078 2621 1080 2626 ι
1106 2608 1134 2645 6,
1156 2608 1216 2648 15).

2017 216 2080 246 362

1634 309 1682 339 16.
1712 309 1814 347 Atque
1841 308 1943 338 omnia
1977 309 2079 346 spolia

1117 349 1184 379 eius
1209 350 1403 389 co›29re9abis
1430 351 1463 381 in
1492 351 1591 382 medio
1614 351 1737 391 plateae
1765 351 1847 388 eius,
1877 353 1904 381 et
1924 350 2081 382 combures

1117 392 1182 429 iani
1200 392 1303 422 urbem
1324 393 1424 431 ipsam
1442 396 1468 424 et
1486 394 1591 424 omnia
1609 393 1709 432 spolia
1727 394 1795 424 eius
1806 403 1939 432 prorsas
1952 392 2079 425 Ieliovae

1117 433 1183 465 Deo
1205 437 1263 470 tuo,
1287 436 1403 474 eritque
1424 436 1561 466 timzulus
1577 439 1761 474 perpetum,
1785 446 1844 466 uon
1867 435 2079 474 aedificabitur

1117 477 1264 514 amplius.
1301 477 1348 508 17.
1374 478 1480 517 Neque
1498 478 1674 509 adhaerebit
1690 478 1799 509 manui
1816 480 1886 509 tuae
1908 479 2077 517 quidquam

1117 518 1153 549 de
1174 519 1371 557 anathemate,
1396 523 1428 551 ut
1450 523 1608 552 avertatur
1630 521 1741 552 Ieliova
1760 520 1798 551 ab
1816 521 1866 551 ira
1882 521 2003 559 furoris
2027 522 2078 552 sui

1117 564 1144 591 et
1171 562 1220 592 det
1247 561 1303 592 tibi
1335 564 1580 601 misericordias,
1613 564 1853 602 misereaturque
1885 564 1948 600 tui,
1982 573 2018 594 ac
2050 567 2077 594 te

1090 607 1092 613 '
1117 604 1295 642 uiultiplicet
1318 605 1572 643 quemadmodum
1594 606 1712 637 iuravit
1727 606 1873 644 patribus
1894 606 1965 637 tuis.

107 656 188 686 quae
211 646 274 676 sint
298 649 410 684 gentes
433 643 520 674 illae:
551 653 615 673 non
646 644 730 674 enim
755 654 828 674 cum
852 643 928 674 50115
951 643 1065 674 vicinis
1090 644 1091 660 ³

1204 689 1251 720 12.
1278 689 1314 720 Si
1336 691 1476 721 audieris
1497 691 1533 721 de
1555 701 1627 721 uua.
1652 690 1689 722 Si
1708 690 1805 721 latius
1825 690 2007 721 dominetur
2020 691 2077 721 im-

1117 731 1217 770 pietas
1240 742 1276 762 ac
1299 732 1447 769 defectio,
1477 733 1667 772 pronunciat
1696 733 1803 764 Moses
1832 733 1937 772 potius
1968 733 2075 764 delen-

1116 773 1173 804 das
1196 785 1264 805 esse
1287 779 1370 806 totas
1394 775 1489 806 nrbes
1513 786 1584 806 011111
1608 775 1674 806 suis
1698 775 1810 806 incolis
1833 786 1928 815 quam
1948 780 1983 806 ut
2003 780 2074 806 tan-

1116 821 1184 847 tum
1210 817 1330 848 crimen
1354 822 1484 848 maneat
1506 818 1710 857 impunitum.
1735 817 1830 849 Unde
1852 818 1966 849 melius
1989 819 2074 849 colli-

1115 859 1221 898 gimus
1245 871 1339 899 qutun
1364 861 1490 899 impura
1512 861 1553 891 sit
1576 871 1687 891 eorum
1710 860 1860 891 mollities
1879 861 1933 900 qui
1955 871 2074 900 poenas

1115 903 1198 932 sumi
1223 909 1335 933 vetant
1365 903 1403 933 de
1437 902 1554 933 violato
1577 903 1636 933 Dei
1668 903 1765 934 cultu.
1812 902 1847 934 Si
1876 913 1937 943 qua
1960 903 2074 935 seditio

1115 950 1183 975 orta
1207 946 1300 975 fuerit
1325 946 1357 975 in
1382 946 1524 976 exercitu
1546 945 1653 985 aliquo
1677 946 1728 976 vel
1751 945 1875 985 populo,
1910 953 1940 976 et
1963 951 2074 977 conta-

1115 987 1167 1027 gio
1201 988 1239 1018 ad
1275 993 1371 1018 totam
1397 988 1638 1019 multitudinem
1662 988 1858 1027 pervenerit,
1889 998 1953 1019 non
1987 989 2072 1020 ultra

1114 1029 1264 1069 progredi
1298 1031 1377 1061 solet
1411 1031 1502 1070 aequi
1537 1035 1568 1061 et
1602 1031 1757 1061 moderati
1792 1030 1880 1061 ducis
1918 1032 2072 1063 severitas

1113 1083 1208 1111 quam
1228 1078 1264 1103 ut
1287 1073 1325 1103 de
1348 1073 1527 1113 praecipuis
1549 1073 1714 1104 autoribus
1737 1073 1930 1113 supplicium
1950 1078 2071 1105 sumat:

1087 1114 1088 1123 ³
1113 1126 1211 1154 quum
1246 1127 1320 1153 ergo
1348 1116 1418 1146 sine
1446 1116 1633 1155 exceptione
1668 1112 1778 1147 010οἕ6
1811 1116 1900 1146 iubet
1929 1116 2019 1147 Deus
2055 1127 2072 1147 6

1086 1174 1088 1181 ι
1113 1157 1219 1188 medio
1243 1158 1320 1193 tolli,
1351 1158 1426 1189 hinc
1450 1164 1581 1197 apparot
1606 1165 1724 1197 quanta
1749 1159 1789 1189 sit
1811 1158 1956 1189 criminis
1985 1163 2071 1190 atro-

1113 1201 1201 1231 citas.
1258 1201 1352 1232 Unde
1388 1201 1481 1231 etiam
1519 1211 1703 1237 monemur,
1738 1201 1855 1240 frigere
1887 1201 1971 1240 apud
2013 1212 2071 1232 nos

1086 1242 1087 1251 ¹
1113 1243 1233 1280 gloriae
1257 1243 1321 1274 Dei
1344 1243 1503 1279 studium,
1532 1244 1591 1274 nisi
1622 1243 1720 1282 pluris
1744 1243 1785 1274 sit
1809 1243 1899 1274 nobis
1923 1254 1997 1274 vera
2020 1255 2069 1275 re—

1112 1286 1188 1325 ligio
1212 1296 1305 1325 quam
1329 1287 1415 1317 salus
1438 1286 1533 1316 nnius
1557 1286 1644 1317 urbis
1675 1291 1730 1316 aut
1758 1286 1874 1325 populi.
1920 1285 2013 1324 Quod
2042 1286 2069 1318 si

1113 1329 1276 1359 turmatim
1320 1329 1359 1359 ad
1400 1334 1531 1359 mortem
1574 1328 1723 1358 trahendi
1764 1334 1839 1358 sunt
1871 1328 1965 1359 simul
2004 1335 2069 1360 tam

1113 1371 1222 1405 multi.
1254 1372 1325 1411 plus
1355 1382 1451 1411 quam
1483 1371 1680 1402 detestabilis
1711 1376 1759 1401 est
1794 1371 2008 1410 impudentia,
2037 1377 2068 1402 et

1112 1413 1330 1445 misericordia
1350 1414 1495 1447 erudelis
1521 1418 1556 1444 ut
1568 1415 1622 1444 uni
1636 1413 1755 1443 homini
1769 1418 1928 1453 parcatur,
1948 1414 2068 1444 laesam

1112 1457 1172 1488 Dei
1198 1457 1395 1487 maiestatem
1422 1467 1477 1496 pro
1500 1456 1601 1486 11111110
1620 1455 1743 1486 ducere.
1785 1456 1827 1486 Et
1846 1466 1922 1486 sane
1941 1456 2068 1496 quando

1112 1511 1214 1539 neque
1239 1501 1271 1529 in
1285 1500 1384 1529 :ilium
1398 1500 1494 1530 finem
1511 1510 1620 1529 sumus
1634 1499 1739 1536 creati,
1764 1509 1820 1529 nec
1839 1498 1902 1529 alia
1921 1498 1958 1529 de
1971 1509 2068 1530 causa

1112 1543 1249 1573 vivimus
1280 1542 1342 1573 nisi
1372 1547 1408 1572 ut
1432 1542 1521 1572 Deus
1552 1542 1748 1580 glorificetur
1771 1541 1803 1570 in
1828 1541 1935 1578 nobis,
1965 1545 2066 1572 totum

1111 1585 1268 1615 mundum
1292 1586 1395 1624 perire
1418 1585 1519 1615 satius
1539 1590 1585 1614 est
1605 1594 1699 1623 quam
1721 1583 1867 1614 homines
1887 1588 1990 1615 terrae
2009 1585 2066 1614 ali-

1110 1629 1228 1658 mentis
1258 1628 1337 1663 frui,
1368 1632 1403 1658 ut
1433 1638 1501 1657 eam
1530 1626 1705 1666 sacrilegiis
1738 1626 1804 1656 suis
1838 1627 2065 1657 contaminent.

1110 1670 1157 1701 Ac
1180 1671 1205 1701 si
1229 1670 1296 1700 zelo
1320 1671 1511 1707 flagrassent
1530 1670 1581 1708 qui
1596 1669 1688 1699 initio
1701 1668 1832 1708 professi
1852 1674 1926 1699 sunt
1943 1669 2067 1700 Christi

1109 1724 1236 1751 nomen,
1262 1724 1324 1743 0011
1349 1718 1394 1742 tot
1420 1712 1611 1752 corruptelis
1629 1712 1742 1742 obruta
1765 1716 1796 1742 et
1818 1711 1883 1742 fere
1906 1712 2067 1743 exstincta,

1108 1761 1192 1787 esset
1227 1766 1302 1786 vera
1336 1755 1447 1794 pietas.
1500 1754 1635 1793 Semper
1670 1759 1774 1784 autem
1810 1753 1983 1784 tenendum
2018 1759 2067 1785 est

1081 1795 1191 1838 {quod
1226 1804 1300 1828 anto
1335 1797 1415 1828 dixi:
1456 1798 1514 1828 hoc
1550 1797 1652 1836 rigore
1692 1807 1754 1826 11011
1788 1796 1881 1827 aliter
1911 1796 2066 1827 utendum

1108 1841 1169 1872 nisi
1193 1840 1268 1871 dum
1293 1840 1506 1880 pessundatur
1530 1839 1654 1879 religio,
1690 1849 1752 1869 non
1782 1843 1908 1869 tantum
1940 1838 2067 1879 publica

1108 1884 1282 1914 autoritate
1306 1888 1337 1913 et
1360 1883 1502 1913 omnium
1526 1882 1687 1922 suffragiis
1711 1886 1853 1920 recepta,
1888 1881 1943 1911 sed
1967 1881 2066 1913 solide

1081 1925 1082 1935 ¹
1108 1926 1259 1966 probata:
1285 1931 1319 1956 ut
1341 1931 1428 1956 certo
1451 1929 1574 1955 constet
1596 1935 1652 1955 nos
1672 1934 1739 1955 esse
1753 1924 1813 1954 Dei
1833 1923 1976 1954 vindices
1995 1935 2066 1955 eon-

1081 1979 1082 1982 *
1109 1976 1158 2000 tra
1181 1969 1305 2008 impios.

1195 2011 1242 2041 13.
1267 2010 1397 2050 Eyressi
1417 2013 1488 2040 sunt
1508 2009 1569 2044 filii
1592 2008 1706 2039 Belial.
1730 2008 1827 2039 Ponit
1846 2008 1963 2046 Moses,
1982 2008 2065 2048 quod

1081 2079 1082 2084 ,
1107 2054 1250 2085 accidere
1270 2059 1303 2083 ut
1325 2052 1499 2092 plurimum
1519 2051 1608 2082 solet.
1643 2051 1715 2081 Non
1735 2052 1819 2081 enim
1838 2061 1950 2081 001066
1968 2051 2064 2082 simul

1108 2108 1171 2127 uno
1196 2102 1355 2127 momento
1377 2095 1415 2125 ad
1432 2096 1629 2134 impietatem
1650 2098 1872 2134 prorumpunt,
1897 2093 1952 2124 sed
1970 2104 2063 2133 quos-

1107 2139 1180 2170 dam
1216 2139 1370 2169 subornat
1405 2136 1503 2167 Satan
1535 2137 1588 2176 qui
1619 2136 1689 2167 aliis
1718 2136 1889 2167 incitandis
1919 2136 1984 2166 sint
2006 2136 2064 2166 fla-

1106 2182 1197 2213 bella.
1256 2181 1375 2211 Eorum
1410 2180 1616 2218 instigatione
1650 2179 1742 2209 turba
1776 2178 1814 2209 ad
1852 2179 2063 2209 imitationem

1106 2224 1254 2255 trahitur.
1300 2223 1392 2253 Tales
1417 2228 1508 2253 vocat
1531 2222 1638 2252 Moses
1662 2221 1742 2251 filios
1767 2221 1878 2257 Belial,
1901 2232 1964 2260 qua
1987 2231 2064 2252 voce

1106 2268 1234 2307 quidam
1259 2265 1364 2296 notari
1389 2270 1502 2304 putant
1532 2264 1726 2301 praefractos
1756 2263 1916 2301 homines,
1947 2268 1978 2293 et
2009 2274 2063 2293 ex-

1105 2316 1231 2349 ponunt
1254 2309 1385 2347 Absque
1408 2308 1490 2347 iugo.
1531 2307 1662 2337 Rectius
1686 2311 1793 2336 tamen
1819 2306 1969 2336 videntur
1991 2316 2063 2336 sen—

1106 2353 1167 2383 tire
1201 2352 1255 2391 qui
1290 2351 1541 2389 interpretantur
1573 2349 1718 2379 homines
1742 2348 1850 2385 nihili,
1886 2349 1919 2379 in
1950 2348 2064 2387 quibus

1106 2395 1187 2425 nihil
1208 2394 1342 2435 probum
1363 2393 1529 2432 reperitur,
1555 2391 1603 2422 vel
1625 2390 1717 2421 laude
1736 2391 1883 2431 dignum:
1908 2395 1940 2421 et
1958 2397 2063 2421 trans-

1105 2437 1217 2468 ferunt
1240 2435 1279 2467 ad
1304 2435 1444 2472 verbum,
1468 2446 1519 2465 eos
1543 2435 1595 2473 qui
1618 2445 1681 2463 non
1704 2433 1892 2464 ascendunt.
1937 2433 2063 2472 Ubique

1106 2480 1261 2519 accipitur
1285 2478 1361 2509 haee
1383 2477 1478 2508 dictio
1502 2487 1558 2516 pro
1582 2476 1754 2511 sceleratis,
1778 2475 1930 2515 improbis
1953 2480 1985 2506 et
2009 2486 2062 2506 ne-

1106 2533 1211 2562 quam.
1264 2521 1340 2551 Ideo
1378 2524 1408 2550 et
1442 2520 1542 2550 Belial
1573 2518 1694 2549 Paulus
1725 2518 1856 2549 Christo
1890 2529 2062 2557 opponens,

1106 2565 1254 2603 designat
1278 2563 1429 2594 Satanan]
1455 2563 1623 2601 impiorum
1649 2561 1791 2591 omnium
1817 2567 1911 2600 eaput
1933 2560 1973 2601 (2.
1989 2561 2061 2591 Cor.

1263 2606 1418 2646 Egressus
1442 2605 1515 2635 dicit
1540 2602 1622 2644 quod
1646 2604 1713 2633 ausi
1737 2604 1856 2634 fuerint
1878 2603 2006 2642 prodire
2029 2603 2062 2633 10

1981 2647 2061 2678 Cae-

1106 2650 1257 2686 medium,
1282 2655 1313 2679 et
1335 2658 1424 2678 suam
1448 2647 1647 2687 impietatem
1676 2646 1780 2685 palam
1813 2646 1935 2677 efferre.
