2304 3034
231 209 293 239 395

232 302 316 333 enim
348 299 484 331 foederis
516 300 632 329 iustam
664 298 838 329 stationem
870 308 934 328 non
961 297 1071 329 habuit
1096 310 1198 339 1150110

232 344 270 375 ad
296 353 421 381 tempus
438 341 583 377 Davidis,
605 340 658 372 sed
679 342 769 380 quasi
796 341 1025 380 temporalibus
1049 341 1197 382 hospitiis

232 388 289 418 fuit
320 391 461 424 excepta.
509 384 599 414 Iubet
630 395 707 423 ergo
736 395 820 415 nunc
854 384 976 419 Moses,
1010 383 1062 414 ubi
1096 385 1197 415 locum

234 439 332 460 unum
359 434 449 458 tanto
475 427 596 457 honore
620 427 774 467 dignatus
800 427 894 457 fuerit
920 426 1027 463 Deus,
1052 433 1083 457 et
1107 428 1196 467 quasi

232 476 419 511 perpetuam
440 471 578 509 quietem
604 469 735 504 clegerit
762 470 815 500 ubi
842 469 979 500 resideat
1005 480 1119 500 nomen
1145 481 1196 500 su-

232 525 301 549 um,
334 513 409 544 illuc
440 513 587 544 victimas
619 513 736 543 afferri.
785 512 885 543 Porro
910 522 982 542 eum
1008 512 1113 543 locum
1138 514 1196 543 sei-

231 567 304 587 mus
340 556 436 586 fuisse
467 555 708 595 lerosolymam.
757 554 807 585 Ad
844 565 946 585 unum
984 565 1058 585 voro
1092 555 1195 586 locum

231 599 300 630 ideo
331 599 497 629 restrictae
528 598 660 628 fuerunt
685 609 797 629 omnes
821 598 1018 635 oblationes,
1043 609 1081 628 00
1106 598 1195 638 quid—

230 652 325 682 quam
361 642 428 672 vitii
462 652 501 671 ex
535 642 689 671 varietate
713 641 883 680 obreperet
912 640 950 671 ad
976 640 1197 680 dissipandam

230 684 303 715 fidei
342 685 509 715 unitatem.
563 683 682 714 Omnia
713 684 799 714 enim
831 690 988 713 extranea
1017 690 1197 714 commenta

231 727 278 768 (ut
310 727 374 758 iam
407 727 484 758 satis
518 727 620 757 visum
653 726 714 768 est)
748 726 880 756 totidem
906 732 981 757 sunt
1004 726 1111 757 cultus
1135 726 1196 757 Dei

231 770 476 810 profanationes.
531 769 705 800 Caeterum
738 780 834 809 quum
872 769 920 800 12.
957 771 1059 808 capite
1089 770 1196 800 Moses

232 813 412 853 promiscue
445 813 586 843 decimas
616 812 823 843 coniunxerit
854 812 1020 851 primitiis,
1051 818 1079 842 et
1112 811 1195 842 idem

231 856 381 887 statuerit
405 856 442 885 de
467 856 626 895 utrisque,
658 866 743 886 nune
768 855 871 895 legem
897 855 984 885 illam
1009 855 1118 885 addita
1141 866 1195 885 ex-

230 900 376 939 ceptione
408 899 550 938 0101001,
582 909 699 938 nempe
731 898 756 928 si
788 898 914 937 longior
943 898 1040 928 fuerit
1064 899 1130 934 via,
1162 903 1197 928 ut.

232 941 468 982 permutatione
507 941 606 979 facta,
646 941 815 981 pecuniam
851 940 976 971 solvere
1006 941 1099 972 liceat
1129 940 1196 972 loco

232 985 396 1016 frumenti.
448 984 520 1014 Non
552 983 590 1014 de
619 984 694 1015 solis
723 984 850 1023 quidem
885 983 1015 1014 decimis
1048 983 1196 1023 loquitur,

231 1028 285 1058 sed
319 1032 391 1058 vota
422 1033 448 1057 et
484 1026 565 1057 dona
592 1027 773 1057 voluntaria
797 1026 892 1057 simul
918 1027 1103 1065 permiscet,
1133 1027 1196 1057 imo

231 1071 359 1110 proprie
383 1071 452 1110 ipsa
477 1070 615 1109 respicit.
663 1069 748 1107 Quia
774 1075 881 1099 tamen
906 1069 944 1099 110
968 1069 1027 1100 hoc
1051 1069 1196 1109 proximo

231 1124 348 1154 genere
378 1112 465 1143 11111111
494 1118 543 1143 est
565 1113 726 1152 quaestio,
758 1117 885 1143 tantum
911 1112 1131 1152 expendamus
1154 1123 1194 1142 an

232 1164 482 1187 consentaneum
506 1156 604 1186 {uerit
624 1155 763 1186 decimas
783 1166 846 1185 uno
866 1155 898 1185 in
919 1155 986 1186 loco
1011 1155 1100 1186 solvi.
1136 1155 1196 1185 Le—

234 1199 308 1229 vitis
328 1200 359 1229 in
385 1199 575 1229 alimentum
601 1198 692 1228 datae
716 1198 853 1231 fuerant,
880 1208 959 1237 01105
983 1198 1060 1229 satis
1085 1204 1193 1228 notum

233 1248 279 1273 051
312 1242 408 1272 fuisse
440 1252 495 1280 per
525 1247 624 1272 totam
657 1249 774 1271 terram
806 1241 977 1281 dispersos.
1028 1241 1114 1280 Ergo
1140 1247 1193 1270 11111

232 1285 388 1315 habitatio
407 1284 472 1314 illis
486 1284 702 1322 Iex-osolymac
722 1284 827 1314 danda
851 1284 920 1321 fuit,
944 1288 997 1314 aut
1022 1284 1107 1314 victu
1130 1294 1193 1313 non

232 1328 363 1358 fuerunt
402 1327 570 1367 privandi,
603 1327 783 1366 ubicunque
812 1332 954 1367 agerent.
1010 1326 1192 1357 Absurdum

233 1381 309 1411 ergo
339 1370 466 1400 videtur
490 1376 712 1410 praeceptum,
744 1376 776 1399 ut
801 1370 939 1400 decimas
963 1380 1073 1400 omnes
1097 1369 1194 1399 totius

234 1413 373 1454 regionis
404 1413 636 1453 lerosolymam
672 1412 907 1443 conveherent:
940 1413 1014 1452 quia
1048 1412 1077 1442 id
1113 1412 1191 1442 nihil

233 1455 320 1487 aliud
346 1461 413 1486 erat
443 1466 539 1495 quam
571 1456 705 1486 miseros
728 1456 861 1486 Levitas
891 1455 999 1485 inedia
1029 1456 1192 1486 conficere.

232 1499 323 1530 Haec
355 1499 537 1530 absurditas
569 1499 763 1538 interpretes
794 1498 949 1538 compulit
973 1498 1010 1529 ad
1036 1498 1192 1529 fabric-an·-

234 1542 307 1573 dam
328 1542 456 1572 dubiam
479 1542 713 1573 coniecturam:
740 1552 854 1582 nempe
879 1541 1030 1581 populum
1056 1541 1194 1571 decimas

233 1596 346 1625 spomt¹
378 1585 564 1624 reposuisse,
590 1595 667 1624 quas
692 1584 923 1625 lerosolymam
949 1583 1105 1623 perferret
1128 1584 1193 1613 die-

234 1627 293 1659 bus
323 1628 420 1658 festis.
468 1627 530 1658 Sed
556 1627 719 1667 probabile
744 1638 806 1657 non
832 1633 880 1657 est.
903 1633 967 1657 tam
993 1637 1091 1667 grave
1114 1637 1194 1657 onus

234 1671 331 1701 fuisse
355 1670 558 1710 impositum,
591 1676 627 1701 nt.
651 1670 808 1700 duntaxat
832 1669 916 1710 quod
941 1670 1102 1700 residuum
1127 1676 1195 1699 erat

234 1724 273 1744 ex
297 1713 409 1753 quinta
434 1718 524 1753 parte
548 1713 633 1744 domi
657 1718 833 1744 servarent.
880 1713 978 1752 Atqui
1002 1712 1133 1752 propius
1156 1711 1194 1742 ad

236 1755 551 1787 verisimilitudinem
574 1756 756 1791 accederet,
782 1767 819 1786 ex
847 1756 961 1787 vicinis
984 1756 1077 1795 agris,
1102 1760 1195 1794 prout

235 1799 359 1830 ferebat
394 1799 620 1835 commoditas,
656 1799 888 1838 lerosolymam
925 1799 1022 1829 fuisse
1056 1797 1193 1828 delatas:

235 1853 314 1882 quae
339 1849 446 1872 autem
471 1842 503 1872 in
529 1842 605 1873 10015
631 1841 856 1872 remotioribus
876 1841 1027 1873 collectae
1057 1840 1194 1877 fuerant,

235 1885 393 1925 repositas
409 1885 473 1916 illic
498 1885 611 1916 fuisse:
638 1885 858 1925 Ierosolymae
883 1891 992 1915 autem
1015 1894 1135 1920 censas,
1162 1888 1194 1913 ut

237 1928 466 1968 supputatione
497 1927 580 1958 facta
614 1939 669 1967 pro
694 1938 828 1958 numero
852 1927 1064 1963 familiarum,
1096 1936 1197 1965 aequa

236 1970 418 2001 distributio
438 1970 523 2001 inter
547 1971 680 2001 Levitas
706 1972 804 2001 110101.
827 1970 943 2001 ’00110
966 1970 1098 2000 minime
1122 1979 1197 1999 con-

237 2014 335 2051 venit,
360 2014 504 2053 singulos
525 2014 681 2054 agricolas
692 2013 924 2055 lerosolymam
950 2018 1093 2052 portasse
1116 2010 1197 2051 quod

236 2057 372 2087 Levitae
407 2056 480 2087 inde
514 2063 681 2095 acceptum
721 2056 758 2087 ad
785 2057 922 2087 familias
964 2066 1039 2086 suas
1069 2054 1199 2085 alendas

240 2100 357 2129 referre
378 2105 578 2135 cogerentur.
610 2099 772 2138 Quorsum
794 2100 878 2129 0111111
899 2099 955 2129 illa
967 2098 1195 2129 circumvecta(

238 2143 281 2172 tio
301 2142 411 2181 magni
432 2150 580 2181 sumptus
600 2150 626 2173 et
653 2142 836 2173 molestiae?
867 2141 959 2172 Adde
978 2140 1060 2181 quod
1080 2141 1199 2170 frustra

238 2184 425 2215 mandatum
456 2191 540 2215 esset
564 2185 706 2221 Levitis,
736 2192 767 2215 et
797 2185 924 2225 quidem
953 2184 1043 2224 gravi
1068 2182 1198 2213 commi-

239 2228 369 2258 natione
393 2227 511 2264 addita,
536 2234 568 2258 ut
594 2227 812 2258 sacerdotibus
838 2228 919 2258 bona
943 2227 1003 2257 fide
1027 2226 1199 2265 solverent,

240 2272 264 2301 si
285 2270 368 2310 apud
391 2270 570 2301 sacerdotes
591 2271 676 2311 ipsos
696 2271 833 2301 fuissent
857 2270 958 2310 primo
983 2269 1049 2299 loco
1073 2268 1197 2308 deposi-

239 2322 305 2350 tae,
341 2314 394 2352 qui
428 2313 518 2344 facile
550 2324 718 2344 occurrere
753 2318 903 2353 poterant
932 2311 1079 2343 omnibns
1109 2311 1226 2348 (10115,’

241 2363 339 2386 totam
366 2355 521 2386 frumenti
545 2357 669 2396 copiam
694 2356 848 2387 habentes
873 2355 930 2386 sub
955 2365 1061 2385 manu.
1099 2354 1199 2384 Dubi-
1225 2354 1227 2365 '

240 2410 292 2430 um
326 2399 425 2438 igitur
455 2399 535 2429 1111111
565 2410 628 2430 non
654 2405 701 2430 est
725 2400 802 2439 quin
828 2399 962 2429 Levitae
986 2397 1018 2427 in
1044 2397 1110 2427 suis
1133 2397 1200 2435 0111-

240 2453 301 2482 que
336 2442 520 2481 regionibus
552 2443 692 2473 decimas
721 2442 922 2482 collegerint:
963 2440 1063 2470 altera
1094 2445 1200 2469 autem

241 2527 347 2558 delata
372 2527 484 2563 fuerit,
515 2534 665 2567 tanquam
692 2527 809 2558 oblatio
833 2536 931 2563 sacra,
956 2531 986 2555 et
1010 2525 1115 2556 01111115
1140 2524 1201 2554 Dei

242 2570 402 2611 professio.

242 2614 327 2644 illam
349 2621 482 2651 parti-111.
508 2624 623 2643 novem
645 2613 722 2643 alias
746 2623 826 2652 quae
851 2611 995 2642 residuae
1021 2610 1201 2647 manebant,

243 2655 367 2687 Levitis
389 2655 485 2685 fuis-:e
508 2663 680 2695 reputatus,
705 2667 740 2687 ae
760 2656 785 2685 si
806 2656 837 2685 in
862 2664 971 2685 eorum
997 2653 1083 2693 agris
1108 2659 1202 2684 natae
1228 2675 1229 2685 1

933 204 1185 238 SECUNDUM
1209 207 1530 240 PRAEOEPTUM.

450 2570 561 2610 Nuper
585 2571 668 2600 enim
696 2571 801 2601 visum
827 2569 902 2606 fuit,
932 2572 999 2607 post
1025 2567 1200 2597 detractam
1227 2576 1229 2597 3

2155 208 2217 240 396

1251 305 1369 333 essent.
1422 302 1490 333 Iam
1529 302 1604 342 quia
1642 300 1851 341 querimoniis
1888 300 2027 332 obnoxia
2056 313 2106 333 res
2136 305 2215 342 erat,

1251 356 1351 375 111111111
1374 345 1406 375 10
1427 345 1530 375 1001110
1551 345 1711 385 primitias
1731 349 1762 374 ct
1785 343 1903 374 alteras
1927 343 2067 374 decimas
2089 355 2215 376 coacer-

1252 388 1336 425 vari,
1366 398 1419 419 0115
1444 394 1479 418 ut
1501 393 1683 427 compescat
1708 387 1813 424 Deus,
1843 385 1994 416 admonet
2017 387 2074 417 toti
2097 388 2215 428 populo

1251 431 1329 461 utile
1358 442 1444 467 esse,
1477 436 1510 461 ut
1535 432 1637 461 victus
1661 428 1810 459 omnibus
1835 433 1985 468 suppetat
2008 429 2062 469 qui
2082 430 2216 461 venient

1251 473 1289 504 ad
1323 473 1533 504 celebrandos
1568 473 1664 503 festos
1699 471 1775 502 dies.
1829 471 1903 502 Huc
1934 472 2019 502 enim
2050 474 2215 511 pertinent

1252 516 1357 553 verba,
1373 516 1530 547 Oomedes
1553 526 1658 546 0011110
1675 515 1743 545 Deo
1768 520 1837 544 tuo:
1862 515 1951 553 quasi
1977 514 2098 545 dictum
2122 521 2214 554 esset,

1250 559 1354 590 locum
1375 559 1466 589 illum
1484 559 1550 589 Deo
1575 559 1641 588 fore
1665 568 1790 588 sacrum
1817 556 1855 587 ad
1880 567 1972 597 quem
1998 568 2014 588 e
2039 562 2104 588 tota
2128 562 2214 589 terra

1250 602 1445 633 conveniant
1482 601 1541 631 Dei
1583 601 1732 632 cultores.
1789 599 1920 630 Interea
1956 605 2062 631 tamen
2097 610 2212 640 puram

1250 645 1354 676 cultus
1386 646 1434 675 sui
1466 643 1723 674 observationem
1755 642 1975 674 commendat:
2008 653 2046 674 ne
2070 643 2212 674 locorum

1251 688 1421 718 diversitas
1452 687 1513 718 huc
1544 686 1619 717 illuc
1650 685 1802 725 populum
1828 685 1996 716 abstrahat
2020 685 2058 716 ad
2083 686 2213 718 fictitias

1249 731 1503 771 superstitiones.

1335 774 1384 805 24.
1420 773 1508 812 Quod
1531 772 1561 803 si
1591 771 1709 811 lonyior
1735 771 1832 810 faerit
1860 771 1921 802 via.
1975 771 2025 802 Ne
2057 771 2140 802 hanc
2163 782 2212 802 re*

1250 817 1448 847 strictionem
1484 815 1521 846 dc
1557 814 1688 845 decimis
1722 814 1918 854 intelligam,
1959 814 2094 854 impedit
2129 814 2213 854 quod

1249 859 1324 889 alibi
1357 859 1526 894 statuitur,
1556 862 1591 887 ut
1622 857 1647 887 si
1678 857 1748 896 quis
1772 867 1825 887 eas
1851 856 1948 887 vellet
1972 857 2106 896 pecunia
2130 857 2213 888 redi—

1250 913 1355 937 mere,
1379 902 1524 941 quintam
1550 906 1673 940 partem
1698 899 1845 930 adderet:
1876 899 1959 939 quod
1984 910 2069 931 nunc
2092 900 2214 930 omitti-

1250 952 1316 975 tur:
1349 944 1464 975 deinde
1494 942 1664 983 explicatio
1688 953 1769 982 quae
1794 942 1888 982 paulo
1911 947 1981 982 post
2004 942 2147 980 additur,
2179 947 2215 974 ut

1249 988 1418 1027 pecuniam
1454 987 1522 1017 loeo
1553 985 1751 1016 oblationum
1784 996 1893 1017 secum
1923 986 2045 1023 ferant,
2081 997 2123 1017 cx
2152 996 2215 1025 qua

1249 1037 1357 1061 emant
1378 1031 1474 1061 boves
1495 1035 1525 1059 et
1545 1040 1629 1065 oves,
1657 1029 1764 1059 vinum
1790 1033 1823 1059 et
1847 1029 1991 1065 siceram,
2016 1033 2110 1068 prout
2133 1028 2214 1059 libu-

1249 1075 1320 1104 erit.
1372 1073 1504 1104 Summa
1539 1077 1600 1109 est,
1638 1071 1663 1101 si
1696 1072 1792 1102 nimis
1820 1082 1919 1112 grave
1949 1071 2049 1102 fuerit
2079 1082 2118 1102 ex
2148 1072 2215 1102 suis

1248 1116 1379 1147 aedibus
1410 1114 1519 1155 procul
1546 1114 1705 1145 adducere
1738 1115 1885 1145 victimas
1908 1118 1939 1145 et
1963 1114 2026 1145 alia.
2050 1113 2151 1153 dona,
2179 1118 2215 1145 ut

1247 1159 1467 1199 on-osolymac
1501 1168 1609 1188 emere
1644 1157 1737 1188 liceat
1770 1156 1924 1197 quidquid
1958 1157 2074 1188 offerre
2108 1157 2214 1188 visum

1247 1203 1357 1233 fuerit:
1384 1200 1475 1232 modo
1501 1212 1539 1231 ne
1564 1199 1640 1231 alibi
1663 1200 1837 1240 quidquam
1863 1201 2010 1231 offerant.

1564 1345 1627 1376 EX
1652 1345 1801 1377 EXODI
1824 1345 1902 1377 XX.

1334 1415 1384 1445 24.
1418 1414 1526 1445 Altare
1556 1416 1687 1445 ternum
1715 1414 1813 1454 facies
1843 1414 1935 1452 mihi,
1964 1417 1990 1446 et
2020 1415 2216 1455 sacrificabis

1247 1468 1341 1497 super
1367 1458 1443 1489 illuct
1461 1457 1636 1488 holocausta
1660 1460 1722 1495 tua,
1746 1460 1773 1488 et
1794 1457 1951 1495 sacrificia
1968 1459 2213 1498 prosperitatum

1247 1504 1388 1537 setarum,
1414 1500 1548 1540 pecudes
1571 1502 1654 1537 tuas,
1684 1502 1709 1530 et
1732 1503 1870 1531 ammenta
1893 1503 1962 1531 tua:
1990 1501 2024 1532 in
2047 1501 2131 1532 omni
2154 1501 2216 1532 loco

1247 1545 1280 1574 ‘ln
1311 1554 1368 1583 quo
1397 1544 1577 1573 rmemoriam
1602 1553 1736 1582 posuero
1767 1543 1900 1574 nominis
1927 1544 2004 1580 mei,
2029 1544 2150 1575 veniam
2173 1544 2217 1575 ad

1247 1590 1281 1623 te,
1306 1590 1332 1617 et
1352 1586 1522 1617 bemdicam
1542 1586 1604 1616 tibi.
1636 1586 1686 1616 25.
1715 1586 1801 1625 Quod
1824 1586 1853 1616 si
1875 1586 1973 1617 altare
1996 1596 2034 1617 ex
2054 1586 2214 1626 lapidibus

1246 1630 1355 1669 feceris
1378 1629 1468 1665 milei,
1498 1638 1559 1659 non
1582 1629 1760 1668 aedificabis
1785 1639 1836 1660 eos
1859 1629 1991 1666 excisos,
2022 1630 2052 1661 si
2071 1630 2216 1670 yladium

1248 1677 1334 1704 tecum.
1357 1673 1522 1703 elevaveris
1545 1682 1639 1711 super
1662 1672 1740 1709 illos,
1758 1672 1890 1711 pollues.

1539 1818 1601 1848 EX
1621 1817 1752 1848 DEUT.
1777 1816 1925 1848 XXVII.

1334 1888 1362 1917 5.
1390 1886 1578 1925 Aedificabis
1600 1886 1635 1916 in
1657 1888 1755 1916 monte
1768 1885 1855 1916 Ebal
1877 1885 1974 1917 aliare
1997 1896 2035 1916 ex
2058 1885 2217 1925 lapidibus

1250 1930 1379 1960 Iebozme
1391 1930 1457 1960 Deo
1481 1932 1548 1960 tuo:
1571 1939 1629 1959 non
1653 1928 1767 1959 levabis
1789 1938 1883 1968 super
1904 1938 1954 1959 eos
1975 1928 2104 1968 ferrum.
2136 1929 2164 1960 6.
2186 1928 2220 1960 E

1250 1973 1407 2012 lapidibus
1439 1972 1564 2012 inteyris
1594 1971 1771 2010 aedificabis
1794 1972 1893 2002 altare
1918 1970 2046 2002 leliovae
2070 1971 2132 2002 Dei
2153 1972 2216 2003 tui.-

1250 2018 1275 2045 με
1309 2016 1412 2054 offeres
1445 2025 1539 2054 super
1568 2014 1647 2045 illud
1681 2014 1854 2045 holocausta
1890 2014 2018 2045 Ielwvae
2052 2014 2118 2046 Deo
2151 2017 2217 2046 tuo:

1253 2059 1279 2089 7.
1304 2059 1346 2089 Et
1368 2059 1474 2097 offeres
1493 2057 1646 2096 sacrificia
1660 2057 1912 2096 prosperitatum,
1930 2057 2121 2096 comedesque
2143 2057 2216 2096 illic,

1251 2112 1285 2132 (10
1309 2101 1470 2132 laetaberis
1492 2111 1594 2131 coram
1620 2099 1731 2130 Ieliovn
1756 2100 1822 2131 Deo
1848 2102 1907 2130 tuo.

1337 2187 1365 2217 ἴ).
1391 2187 1501 2217 Altare
1529 2188 1659 2216 terreum
1681 2185 1788 2224 facies.
1836 2184 1955 2215 Differt
1979 2184 2039 2216 hoc
2064 2195 2216 2225 praecep-

1253 2234 1320 2259 tum
1358 2230 1395 2259 ab
1431 2229 1533 2259 altero
1568 2227 1651 2268 quod
1682 2237 1767 2257 nunc
1798 2227 1946 2267 exposui:
1985 2229 2058 2266 quia
2087 2229 2144 2259 etsi
2177 2228 2216 2259 ad

1253 2273 1309 2302 loci
1331 2272 1489 2303 delectum
1512 2271 1663 2311 pertinet,
1688 2270 1806 2300 omissa
1830 2275 1936 2300 tamen
1959 2270 2017 2301 loci
2042 2271 2216 2309 mentione,

1253 2321 1377 2345 tantum
1403 2314 1534 2354 attingit
1558 2313 1723 2344 materiam
1749 2320 1779 2342 ct
1802 2313 1937 2344 formam
1959 2313 2079 2344 altaris.
2114 2313 2218 2353 Iubet,

1254 2359 1353 2397 igitur
1377 2358 1465 2388 Dens
1489 2358 1589 2387 altare
1613 2356 1671 2387 sibi
1695 2356 1817 2386 exstrui
1844 2355 1894 2386 vel
1916 2366 1957 2386 ex
1981 2362 2077 2394 terra,
2104 2357 2151 2387 vel
2177 2367 2217 2388 ex

1252 2401 1402 2440 congerie
1432 2400 1577 2440 lapidum
1609 2399 1662 2439 qui
1694 2398 1783 2429 nullo
1814 2398 1948 2429 artificio
1972 2398 2066 2439 politi
2086 2399 2216 2431 fuerint.

1226 2450 1228 2468 ἒ
1254 2443 1325 2473 Hoc
1356 2450 1462 2473 autem
1495 2442 1532 2473 dc
1561 2441 1716 2473 altaribus
1748 2442 1960 2481 interpretor,
1992 2452 2074 2481 quae
2104 2442 2154 2473 vel
2183 2442 2216 2473 in

241 2484 409 2516 d-›eimatio
440 2485 529 2515 cuius
562 2496 634 2515 mox
667 2485 788 2515 mentio
819 2485 888 2521 fiet,
919 2482 956 2512 ad
981 2483 1200 2513 sanctuarium
1227 2507 1228 2510 ,

1255 2486 1397 2523 deserto,
1423 2486 1471 2517 vel
1498 2486 1530 2516 in
1560 2485 1631 2515 aliis
1663 2484 1739 2515 locis
1764 2484 1962 2515 exstruenda
1985 2490 2091 2522 crant,
2116 2485 2216 2516 donec

1255 2529 1415 2568 patefacta
1450 2533 1534 2559 esset
1562 2527 1708 2568 perpetui
1741 2528 1799 2558 loci
1831 2527 1952 2558 electio.
2007 2527 2055 2558 Ea
2085 2528 2145 2559 sibi
2176 2538 2216 2558 ex

1256 2578 1342 2601 terra
1370 2572 1465 2601 voluit
1501 2572 1589 2602 1)005
1619 2570 1760 2607 exstrui,
1793 2575 1826 2599 nt
1858 2576 1971 2610 sponte
2002 2569 2214 2608 conciderent,

1256 2625 1314 2644 nee
1347 2622 1418 2653 post.
1447 2614 1621 2645 discessum
1653 2612 1760 2653 populi
1792 2617 1938 2644 maneret
1965 2612 2094 2652 aliquod
2119 2614 2217 2644 vesti-

1255 2658 1352 2697 gium.
1400 2656 1492 2694 Quod
1519 2656 1544 2686 51
1568 2656 1799 2687 adhiberentur
1822 2655 1960 2695 lapides,
1985 2656 2089 2686 vetuit
2112 2655 2217 2697 aptari
