2304 3034
204 163 243 195 19

205 257 265 289 hoc
300 256 476 292 mendacii,
510 254 595 295 quod
629 254 807 285 officiosum
843 253 1027 290 nominant,
1066 253 1180 284 volunt

207 299 459 340 reprehensione
489 308 612 328 carere:
649 297 723 336 quia
753 296 879 336 culpan]
916 295 1027 326 abesse
1061 299 1181 336 putant

206 344 263 375 ubi
298 342 378 372 nihil
414 341 537 372 fraudis
571 340 611 371 ad
646 338 827 370 nocendum
862 338 1057 369 admittitur.
1109 339 1180 378 Ego

207 392 315 417 autem
328 390 445 417 statuo.
459 383 614 423 quidquid
629 383 689 413 Dei
704 389 840 413 naturae
853 387 1015 421 repugnat
1027 381 1180 412 vitiosum

208 437 292 460 esse:
317 438 381 467 qua
404 427 529 457 ratione
553 426 726 456 damnatur
747 425 851 455 omnis
871 424 1035 455 simulatio
1059 428 1126 455 tam
1147 425 1179 454 in

209 470 302 502 dietis
327 480 422 509 quam
448 470 479 499 in
504 469 605 504 factis,
629 474 664 498 ut
684 467 788 499 fusius
808 467 842 497 in
862 467 944 507 legis
963 466 1179 507 explicatione

207 514 248 555 (si
271 513 432 544 Dominus
460 517 590 551 tempus
620 509 826 551 concesserit)
858 509 1023 540 disseram.
1070 509 1181 548 Quare

208 562 381 595 utrumque
415 554 591 585 tenendum
626 561 689 589 est,
723 561 755 583 et
789 553 944 583 mentitas
977 553 1077 583 fuisse
1101 552 1181 583 duas

209 599 371 633 mulieres,
392 603 422 629 et
441 608 515 637 quia
537 596 685 636 displicet
704 595 907 626 mendacium
922 594 1001 633 Deo,
1021 605 1179 635 peccasse.

207 642 294 673 Nam
323 647 357 671 ut
388 641 421 671 in
452 639 662 671 aestimandis
697 645 884 670 sanctorum
918 638 1014 669 factis
1049 638 1180 669 dextros

207 685 434 723 humanosque
457 684 651 722 interpretes
675 692 744 712 esse
768 691 826 712 nos
850 681 956 717 decet,
981 681 1027 712 ita
1050 691 1179 712 rursum

207 728 241 758 in
256 726 403 767 tegendis
417 736 526 757 eorum
541 725 667 756 delictis
686 725 851 755 cavendus
871 729 920 754 est
936 724 1180 764 superstitiosus

208 770 312 806 zelus,
337 770 390 809 qui
414 779 508 808 saepe
535 769 565 798 in
590 773 735 807 apertam
770 767 950 806 scriptume
973 767 1178 797 autoritatem

207 813 368 852 impingit.
416 812 526 850 Neque
552 821 626 841 vero
651 811 676 841 si
700 810 827 849 quando
850 809 932 849 lapsi
960 816 1036 840 sunt
1059 808 1179 845 fideles,

207 855 314 886 fallaci
335 854 510 894 patrocinio
530 853 630 884 levari
650 858 816 893 appetunt,
841 863 977 892 quorum
1002 852 1125 883 iustitia
1146 852 1179 881 in

207 898 346 938 simplici
366 904 399 928 et
418 897 519 927 libera
538 897 651 937 culpae
671 896 896 936 deprecatione
920 895 1075 926 consistit.
1111 894 1180 925 Nec

207 941 313 972 obstat
336 939 418 979 quod
441 939 490 970 bis
514 939 665 970 laudatur
687 939 721 969 in
745 938 809 969 illis
822 937 884 969 Dei
909 938 1013 974 timor,
1038 943 1069 968 et
1092 938 1179 977 ipsas

207 984 298 1015 Deus
319 988 547 1014 remuneratus
560 993 629 1013 esse
641 981 771 1013 dicitur:
791 981 867 1021 quia
881 981 979 1015 Deus,
992 986 1029 1011 ut
1044 986 1179 1020 paterne

207 1026 356 1066 indulget
380 1026 454 1056 filiis
479 1025 558 1062 5015,
582 1035 694 1055 eorum
721 1025 873 1061 virtutes,
898 1024 1049 1063 quamvis
1072 1023 1180 1063 aliqua

208 1069 350 1100 sordium
374 1069 519 1099 mixtura
543 1068 746 1108 inquinatas,
776 1068 809 1098 in
833 1067 937 1107 pretio
964 1066 1179 1097 nihilominus

208 1112 306 1143 habet
340 1121 377 1142 ac
410 1113 436 1142 si
477 1121 577 1151 purae
619 1115 735 1141 essent.
792 1109 928 1141 Nullum
970 1109 1099 1149 quidem
1134 1110 1180 1139 ita

208 1155 391 1186 absolutum
433 1160 481 1184 est
521 1165 600 1193 opus
641 1154 691 1184 cui
732 1163 796 1183 non
838 1152 1012 1183 adhaereat
1057 1151 1178 1191 aliquid

206 1197 370 1228 maculae:
391 1196 445 1227 sed
466 1197 497 1227 in
518 1196 711 1236 quibusdam
730 1196 761 1226 id
784 1195 902 1227 clarius
921 1202 1062 1235 apparet.
1098 1194 1179 1225 Fide

206 1240 346 1280 impulsa
361 1240 419 1270 fuit
432 1239 576 1270 Raehel÷÷
589 1245 625 1270 ut
639 1240 687 1269 ius
700 1239 975 1278 primogeniturae
989 1238 1179 1268 transferret

206 1283 242 1313 in
255 1283 357 1314 filiuni
372 1282 476 1314 Iacob.
511 1283 609 1313 Pium
629 1287 715 1313 certe
735 1281 942 1315 desiderium.
963 1288 992 1311 et
1007 1281 1178 1312 eonsilium

208 1326 302 1356 laude
327 1326 477 1365 dignum,
509 1325 548 1356 ad
579 1325 698 1356 oraculi
730 1325 881 1355 effectum
906 1324 1057 1354 ardenter
1081 1323 1177 1353 eniti:

207 1380 310 1408 neque
334 1374 442 1398 tamen
467 1369 618 1399 astutiam
639 1374 670 1398 et
690 1367 795 1398 dolum
822 1366 1037 1400 laudabimus,
1062 1366 1178 1405 quibus

207 1411 315 1442 vitiari
340 1416 467 1450 poterat
490 1418 557 1441 tota
580 1411 678 1445 notio,
708 1410 772 1440 nisi
794 1411 934 1450 gratuita
959 1410 1053 1441 venia
1077 1410 1178 1439 inter-

208 1455 364 1486 cessisset.
400 1454 502 1484 Plena
521 1459 569 1484 est
589 1453 708 1484 talibus
727 1453 883 1492 exemplis
902 1454 1072 1493 scriptura,
1097 1462 1178 1491 quae

207 1497 514 1527 excellentissimum
536 1496 683 1536 quodque
703 1506 782 1535 opus
802 1496 990 1535 particulari
1014 1494 1177 1526 interdum

208 1541 287 1571 vitio
307 1550 477 1579 aspersum
497 1539 595 1570 fuisse
615 1539 740 1570 docent.
776 1538 909 1569 Talibus
928 1544 1037 1569 autem
1055 1538 1176 1574 naevis,

208 1584 261 1622 qui
293 1583 412 1622 alioqui
444 1582 611 1612 foedarent
639 1592 751 1612 omnes
782 1581 848 1612 fere
884 1581 1037 1618 virtutes,
1068 1580 1177 1611 Deum

207 1635 266 1665 pro
295 1636 353 1656 sua
383 1624 588 1665 indulgentia
618 1625 784 1665 ignoscere
813 1624 933 1655 mirum
958 1634 1022 1654 non
1045 1629 1110 1661 est,
1141 1633 1177 1654 ac

206 1668 354 1698 mercede
388 1677 504 1698 ornare
539 1678 620 1707 quae
654 1667 748 1698 laude
789 1670 887 1706 atque
928 1667 1023 1697 etiam
1066 1666 1177 1697 favore

206 1711 342 1751 indigna
376 1715 468 1741 erant
501 1721 606 1750 opera.
664 1710 714 1741 Ita.
748 1720 848 1750 quum
885 1709 1110 1750 pusillanimes
1144 1709 1176 1739 in

207 1755 274 1784 suis
298 1753 406 1784 verbis
430 1762 466 1783 ac
490 1754 585 1784 nimis
610 1753 740 1783 timidae
764 1753 884 1783 fuerint
907 1753 1077 1788 mulieres,
1102 1752 1177 1791 quia

207 1802 315 1827 tamen
352 1807 385 1826 re
408 1796 477 1836 ipsa
501 1796 630 1827 cordate
660 1802 692 1827 et
721 1796 859 1826 viriliter
889 1802 1036 1835 egerant,
1063 1795 1175 1825 vitium

208 1839 292 1879 quod
316 1839 431 1869 merito
454 1838 648 1876 damnasset,
672 1839 707 1869 in
726 1838 790 1869 illis
808 1838 958 1869 toleravit
972 1838 1072 1868 Deus.
1107 1838 1178 1867 Hac

208 1882 354 1912 doctrina
388 1880 519 1912 additur
553 1882 645 1911 nobis⁸
680 1881 829 1913 alacritas
861 1880 900 1911 ad
935 1887 1020 1911 recte
1061 1880 1178 1920 agendi

210 1923 364 1959 studium,
389 1925 516 1963 quando
541 1930 605 1955 tam
628 1925 766 1964 benigne
789 1924 1034 1955 infirmitatibus
1059 1923 1178 1953 nostris

211 1967 301 1998 Deus
325 1968 441 2006 parcit,
473 1975 503 1997 et.
533 1967 630 1997 simul
654 1978 822 1998 monemur
851 1978 978 1998 summa
1002 1967 1179 1997 attentione

210 2010 390 2041 cavendum
415 2020 483 2040 esse
508 2021 546 2039 ne
570 2009 622 2040 ubi
648 2016 733 2041 reete
757 2021 852 2050 agere
876 2011 1033 2049 cupimuS,
1057 2008 1177 2049 aliquid

209 2052 343 2092 obrepat
369 2052 439 2082 vitii
463 2052 547 2091 quod
573 2054 726 2083 virtutem
750 2053 914 2087 obscuret,
940 2053 1080 2092 adeoque
1103 2063 1177 2083 con-

208 2096 356 2126 taminet:
387 2096 481 2126 sicuti
510 2106 573 2125 11011
606 2106 678 2125 raro
709 2095 824 2126 accidit
854 2096 966 2134 utqui
997 2096 1030 2125 in
1054 2100 1177 2126 rectum

208 2139 306 2169 finem
333 2137 484 2175 tendunt,
508 2137 691 2168 claudicent
716 2145 825 2168 tamen
851 2139 902 2168 vel
924 2139 1123 2178 impingant,
1148 2144 1179 2167 et

208 2180 361 2212 aberrent
381 2191 398 2210 a
422 2180 484 2211 via.

209 2352 306 2382 officii
340 2352 442 2382 nostri
470 2351 533 2381 fide
562 2351 736 2390 periclitari
766 2350 856 2381 nobis
886 2361 984 2390 grave
1014 2351 1064 2380 sit.

209 2401 297 2425 certe
330 2404 389 2424 nos
420 2394 553 2424 terrebit
584 2393 685 2423 ullum
720 2393 906 2427 discrimen,
938 2394 963 2423 si
995 2393 1088 2423 modo
1120 2393 1178 2423 1100

209 2438 340 2477 penitus
370 2436 521 2467 cordibus
552 2437 669 2466 nostris
701 2435 854 2473 insideat,
890 2436 1038 2475 quamvis
1069 2434 1177 2466 odium

209 2481 242 2510 in
268 2479 389 2510 mundo
414 2480 516 2519 pariat
541 2479 768 2509 beneficentia:
792 2477 898 2508 Deum
932 2485 1037 2508 tamen
1067 2478 1178 2509 sedere

210 2523 242 2553 in
268 2522 356 2553 coelo
380 2523 448 2552 eins
474 2528 759 2553 remuneratorem.

297 2566 346 2595 21.
380 2564 463 2595 Ferit
496 2566 560 2596 illis>
588 2565 699 2595 domos.
753 2563 803 2593 De
838 2563 1027 2593 mulieribus
1060 2563 1177 2602 exponi

208 2608 288 2638 milii
315 2607 403 2638 nullo
428 2608 521 2638 modo
547 2607 662 2647 placet:
696 2616 732 2637 ac
758 2607 855 2636 miror
879 2606 910 2636 in
937 2617 970 2636 rc
994 2617 1055 2636 11011
1082 2606 1178 2636 dubia

804 157 1173 191 COMMENTARIUS
1196 158 1245 189 IN
1269 157 1417 189 EXODI
1440 157 1537 190 CAP.
1561 158 1586 190 Ι.

531 2181 676 2219 Denique
700 2181 846 2219 quisquis
870 2192 903 2210 se
928 2181 1026 2220 probe
1057 2181 1178 2211 exami·
1203 2190 1204 2225 g

208 2223 297 2254 nabit
333 2224 365 2253 in
400 2223 520 2262 optimo
555 2223 653 2252 etiam
687 2228 806 2253 conatu
841 2222 1000 2253 defectum
1039 2223 1204 2262 aliquem}

209 2266 357 2306 reperiet.
396 2266 498 2296 Porro
521 2265 603 2304 quod
624 2266 712 2295 Deus
733 2266 910 2304 praemium
936 2265 1095 2305 rependit,
1120 2265 1178 2296 hoc
1202 2259 1204 2287 l

209 2319 365 2348 prospero
397 2318 544 2339 successu
577 2308 614 2337 ad
648 2307 798 2337 fiduciam
829 2308 1022 2343 animemur,
1054 2319 1092 2338 ne
1122 2319 1204 2347 prO‘

1110 2350 1178 2381 Nec
1203 2378 1204 2381 ,

2156 157 2200 188 20

1233 255 1300 283 tam
1332 262 1439 283 erasse
1470 251 1686 283 hallucinatos
1717 251 1817 282 fuisse
1846 251 1965 282 multos
1994 251 2198 291 interpretes.

1232 294 1325 325 Inter
1348 305 1460 326 omnes
1491 295 1642 326 convenit
1671 293 1843 326 masculini
1875 294 2002 334 generis
2030 304 2098 325 esse
2127 305 2199 334 pro-

1232 348 1366 368 nomen:
1391 337 1526 377 ideoque
1549 337 1725 369 secundum
1745 347 1948 368 communem
1968 347 2063 368 usum
2088 337 2200 368 referri

1233 379 1272 411 ad
1293 381 1379 412 viros
1399 380 1530 411 debere:
1551 379 1606 411 sed
1626 380 1701 420 quia
1720 380 1861 412 vicissim
1882 379 1968 410 inter
1986 389 2019 410 se
2033 383 2200 411 mutantur

1233 423 1315 454 duae
1346 423 1458 454 literae
1486 429 1508 455 D
1531 428 1563 453 et
1586 429 1608 460 J,
1643 434 1707 454 uno
1741 426 1895 455 contextu
1930 426 2034 452 totum
2069 432 2199 453 versum

1233 470 1388 505 putarunt
1411 465 1451 497 ad
1471 465 1622 496 mulieres
1643 470 1798 505 spectare.
1834 465 1936 504 Atqui
1955 465 2045 495 nulla
2067 464 2201 504 cogebat

1233 509 1425 540 necessitas:
1450 508 1578 548 quando
1601 509 1720 548 optime
1740 509 1811 539 fluit
1835 508 1945 546 oratio,
1969 512 2079 538 auctos
2103 507 2201 538 fuisse

1234 551 1400 582 Israelitas
1420 557 1451 582 et
1473 550 1566 582 valde
1589 551 1737 589 crevisse,
1757 558 1789 582 et
1807 552 1882 591 quia
1901 551 2082 581 timuerunt
2094 549 2201 581 Deum

1233 594 1436 631 obstetrices,
1465 594 1577 625 fecisse
1600 593 1664 625 illis
1688 594 1806 631 domos,
1831 603 1946 633 nempe
1969 592 2141 624 Israelitis:
2166 602 2202 623 ac

1233 637 1260 667 si
1290 636 1425 675 diceret,
1452 637 1627 667 mulierum
1656 636 1775 676 pietate
1810 636 1943 675 adeptos
1973 646 2043 667 esse
2076 635 2201 666 felicem

1232 681 1506 719 propagationem.
1558 679 1602 710 Et
1631 679 1707 719 quia
1735 679 1884 710 nonnulli
1914 690 1953 710 ex
1989 678 2069 709 falsa
2102 678 2200 709 inter-

1232 723 1413 761 pretatione
1438 723 1491 753 vix
1516 732 1609 762 posse
1632 722 1835 753 commodum
1862 732 1994 753 sensum
2018 721 2090 752 elici
2114 721 2202 751 vide-

1233 765 1318 801 bant,
1338 766 1503 796 finxerunt
1519 765 1580 796 Dei
1598 764 1807 804 inspiratione
1820 770 2001 795 exstructas
2020 763 2085 794 illis
2101 763 2199 794 fuisse

1233 808 1343 839 domos
1366 809 1448 840 bene
1470 808 1613 838 munitas
1637 819 1655 838 a
1678 808 1810 847 populo,
1841 807 1894 838 ubi
1918 812 2006 838 tutae
2029 810 2137 838 essent
2159 806 2198 837 ab

1232 850 1341 882 hostili
1374 851 1518 882 incursu.
1577 850 1649 889 Quo
1690 851 1844 891 figmento
1884 849 1967 880 nihil
2008 854 2057 881 est
2094 850 2199 889 magis

1232 894 1365 933 puerile.
1412 894 1536 924 Verum
1560 904 1600 924 ne
1624 894 1657 923 in
1682 903 1715 923 re
1748 903 1810 924 non
1841 892 2013 923 admodum
2045 892 2199 932 perplexa.

1231 937 1351 967 frustra
1381 947 1415 967 se
1444 940 1618 976 torqueant
1651 936 1804 973 lectores,
1839 935 2013 967 videndum
2044 942 2092 966 est
2122 933 2198 974 quid

1232 979 1318 1019 apud
1331 979 1499 1011 Hebraeos
1518 979 1626 1009 valeat
1645 978 1725 1009 haec
1744 979 1901 1018 loquutio:
1922 977 2065 1009 Domum
2082 978 2196 1008 faeere.

1232 1022 1340 1060 Quum
1370 1023 1532 1062 promittit
1555 1022 1644 1053 Deus
1668 1021 1708 1062 (1.
1734 1021 1821 1053 Sam.
1848 1021 1876 1057 2,
1901 1021 1955 1062 35)
1979 1032 2012 1052 se
2037 1021 2197 1052 facturum

1233 1065 1377 1096 Samueli
1419 1065 1549 1096 domum
1583 1064 1727 1103 fidelem,
1761 1074 1825 1095 non
1859 1063 1994 1095 dubium
2031 1067 2080 1094 est
2119 1063 2196 1103 quin

1232 1109 1360 1139 firmum
1396 1108 1567 1139 sacerdot-ii
1601 1113 1723 1138 statum
1764 1107 1920 1147 designet.
1977 1105 2087 1145 Quum
2121 1105 2197 1136 alibi

1231 1150 1273 1191 (2.
1297 1151 1385 1182 Sam.
1407 1151 1434 1189 7,
1457 1151 1511 1192 27)
1535 1162 1568 1182 se
1587 1151 1779 1190 pronunciat
1802 1150 1932 1180 domum
1952 1149 2197 1180 aedificaturum

1232 1193 1361 1231 Davidi,
1385 1199 1417 1224 et
1439 1194 1535 1233 paulo
1560 1198 1631 1233 post
1654 1194 1686 1224 10
1707 1193 1889 1232 precatione
1903 1191 2039 1223 Davidis
2061 1191 2195 1232 legitur:

1231 1237 1370 1267 Domine
1384 1242 1417 1267 tu
1437 1238 1470 1267 10
1490 1247 1601 1267 aurem
1621 1236 1706 1266 servi
1726 1236 1770 1267 tui
1791 1235 1943 1266 revelasti
1962 1234 2045 1275 quod
2065 1235 2195 1265 domum

1232 1280 1377 1310 facturus
1401 1279 1482 1310 mihi
1507 1290 1592 1310 esses
1615 1278 1657 1320 (1.
1683 1278 1770 1310 Sam.
1795 1278 1845 1316 25,
1867 1278 1935 1319 28):
1966 1282 2052 1309 certe
2074 1277 2196 1307 intelli-

1203 1344 1205 1357 1
1231 1323 1318 1362 gitur
1337 1322 1426 1363 regia
1445 1322 1594 1363 dignitas.
1631 1323 1737 1361 Atque
1755 1322 1800 1352 ita
1819 1321 1915 1361 vulgo
1928 1321 2075 1360 loquutos
2087 1320 2196 1356 fuisse,

1203 1364 1205 1375 ¹
1232 1376 1270 1395 ex
1296 1376 1442 1396 sermone
1455 1365 1584 1405 Abigail
1605 1369 1739 1401 constat,
1763 1364 1816 1395 ubi
1841 1375 1874 1394 se
1898 1364 1979 1395 scire
1998 1363 2075 1394 dicit
2087 1363 2194 1393 Deum

1231 1409 1391 1440 facturum
1420 1408 1540 1439 Davidi
1567 1413 1687 1439 certam
1718 1418 1753 1438 ac
1787 1406 1934 1438 stabilem
1964 1406 2104 1436 domum.
2157 1404 2196 1435 Id

1203 1456 1316 1488 ,certe
1350 1452 1383 1481 in
1417 1462 1530 1482 sexum
1573 1451 1762 1481 muliebrem
1797 1460 1862 1480 non
1899 1449 2066 1488 competit,
2101 1448 2197 1479 sicuti

1230 1505 1334 1534 neque
1365 1504 1500 1530 nomen,
1530 1498 1566 1524 ut
1603 1493 1724 1524 femina
1759 1498 1857 1533 caput
1886 1492 2028 1523 familiae
2065 1491 2194 1522 efficiat.

1230 1536 1324 1568 Unde
1355 1542 1490 1576 apparet
1521 1536 1681 1567 violenter
1710 1535 1851 1575 torqueri
1881 1535 1979 1566 verba
2001 1534 2028 1564 si
2051 1533 2196 1565 dicamus

1230 1580 1336 1610 Deum
1372 1580 1484 1611 fecisse
1516 1578 1741 1610 obstetricibus
1777 1578 1917 1609 (10010111.
1975 1577 2047 1608 Toti
2087 1581 2196 1607 autem

1230 1623 1348 1662 populo
1372 1623 1537 1662 aptissssme
1560 1622 1740 1657 conveniet,
1765 1621 1847 1661 quod
1868 1632 1885 1652 a
1900 1622 1969 1652 Deo
1992 1619 2090 1651 fuerit
2112 1619 2196 1650 mul-

1202 1675 1204 1696 ι
1230 1666 1404 1705 tiplicatus‚
1429 1673 1464 1696 ut
1487 1666 1591 1695 instar
1611 1665 1742 1704 perfecti
1766 1664 1900 1695 aedificii
1926 1666 2136 1703 consurgeret
2155 1661 2196 1693 ad

1229 1719 1318 1740 suam
1339 1708 1552 1739 altitudinem.
1588 1707 1724 1739 Summa
1742 1713 1799 1743 est,
1822 1707 1905 1747 quod
1925 1706 2008 1737 salvi
2031 1712 2062 1736 et
2084 1715 2195 1745 super-

1202 1752 1204 1773 2
1229 1752 1320 1782 stites
1347 1752 1479 1781 fuerunt
1508 1750 1690 1781 Israelitae:
1724 1750 1793 1781 Imo
1824 1749 1907 1789 quod
1938 1749 2134 1785 floruerunt,
2162 1746 2195 1778 id

1202 1809 1204 1812 ⁴
1230 1795 1368 1825 duarum
1394 1794 1567 1824 mulierum
1592 1804 1690 1833 opera
1718 1804 1787 1824 esse
1817 1794 1952 1824 factum:
1988 1802 2048 1831 quo
2078 1791 2196 1822 melius

1230 1838 1354 1868 eluceat
1377 1836 1439 1868 Dei
1464 1837 1580 1877 gloria,
1605 1837 1659 1876 qui
1683 1842 1748 1866 tam
1773 1835 1963 1866 mirabiliter
1987 1845 2042 1874 per
2067 1835 2196 1864 infirma

1230 1890 1352 1920 organa
1380 1890 1456 1910 suos
1485 1880 1644 1915 servavit,
1674 1879 1749 1918 quia,
1770 1879 1941 1909 minimum
1965 1877 2133 1908 abfuerant
2155 1876 2194 1907 ab

1231 1923 1375 1954 interitu.
1411 1922 1508 1953 Ponit
1528 1930 1633 1953 antem
1650 1923 1757 1953 Moses
1777 1921 1886 1952 domos
1911 1930 2045 1951 numero
2068 1918 2194 1959 plurali,

1230 1967 1305 2006 quia
1329 1976 1386 2005 per
1409 1965 1554 2006 singulas
1584 1965 1722 1995 familias
1753 1964 1841 2004 prole
1865 1963 2086 1995 subolescente
2110 1960 2195 1992 aedi-

1230 2010 1344 2040 ficatus
1367 2014 1415 2039 est
1438 2008 1586 2048 populus.

1203 2056 1205 2083 :
1315 2052 1365 2082 22.
1406 2051 1492 2082 Time
1528 2051 1686 2090 praeripit
1725 2049 1861 2080 Pharao.
1918 2048 1988 2079 Nisi
2029 2051 2195 2086 correptus

1231 2095 1372 2125 amentia
1406 2095 1519 2124 fuisset
1553 2104 1589 2124 ac
1630 2093 1782 2123 caecitate
1823 2102 2008 2131 percussus,
2043 2091 2195 2121 sensisset

1231 2137 1400 2168 adversam
1435 2137 1493 2167 sibi
1529 2146 1598 2167 esse
1630 2136 1691 2166 Dei
1721 2145 1862 2165 manum.
1915 2133 1980 2165 Sed
2015 2133 2068 2164 ubi
2096 2131 2196 2163 semel

1231 2180 1358 2220 reprobi
1381 2180 1413 2209 in
1437 2179 1577 2210 furorem
1599 2178 1754 2208 divinitus
1778 2177 1912 2208 coniecti
1936 2181 2013 2207 sunt
2035 2175 2196 2206 obstinate

1231 2228 1369 2263 pergunt
1403 2222 1435 2252 10
1470 2222 1535 2252 suis
1569 2220 1750 2251 maleficiis:
1793 2230 1896 2259 neque
1930 2219 1961 2249 id
1996 2218 2105 2253 modo,
2140 2217 2195 2249 sed

1230 2266 1351 2296 maiore
1371 2264 1504 2295 audacia
1523 2269 1558 2294 ut
1579 2263 1767 2303 vertiginosi
1787 2262 1835 2292 vel
1850 2262 2028 2301 phrenetici
2042 2260 2196 2294 adversus

1229 2308 1362 2348 quaevis
1396 2306 1561 2337 obstacula
1596 2310 1821 2345 perrumpunt.
1878 2305 1938 2335 Est
1971 2303 2101 2344 quidem
2136 2303 2196 2334 hoc

1230 2351 1387 2381 usitatum
1421 2355 1456 2379 ut
1490 2348 1664 2380 crudelitas
1705 2348 1836 2378 innoxio
1877 2347 2035 2387 sanguine
2072 2347 2196 2377 imbuta

1202 2390 1204 2420 l
1230 2393 1383 2423 maiorem
1407 2392 1492 2422 sitim
1517 2391 1664 2430 colligat,
1688 2391 1752 2420 imo
1776 2390 1809 2420 in
1834 2401 1965 2430 genere,
1989 2395 2025 2421 ut
2048 2388 2196 2420 scelerati

1203 2430 1204 2441 ¹
1231 2436 1376 2465 homines
1406 2435 1497 2473 quasi
1526 2444 1583 2464 suo
1616 2444 1711 2464 cursu
1742 2434 1865 2464 incitati
1901 2434 2005 2473 magis
2039 2432 2196 2463 ebulliant

1202 2480 1203 2485 ’
1230 2478 1288 2519 (ita
1312 2478 1375 2508 illis
1399 2476 1508 2507 nullus
1536 2482 1585 2507 est
1616 2476 1768 2515 peccandi
1793 2476 1882 2512 finis,
1913 2476 1967 2507 vel
1991 2474 2116 2516 modus)
2140 2473 2195 2505 sed

1230 2522 1281 2551 1110
1306 2519 1396 2550 uobis
1420 2520 1452 2549 in
1482 2526 1548 2549 tam
1573 2518 1743 2558 desperata
1773 2519 1859 2549 rabie
1889 2517 2125 2550 consideranda
2147 2522 2197 2547 est

1203 2557 1204 2600 J
1233 2564 1290 2594 Dei
1321 2562 1416 2599 ultio,
1444 2562 1527 2601 quod
1559 2567 1735 2602 tyrannum
1764 2561 1888 2592 diabolo
1919 2560 2196 2601 praecipitandum

1203 2601 1204 2635 l
1230 2605 1367 2636 dederit:
1400 2604 1514 2635 deinde
1543 2610 1607 2635 tani
1640 2604 1821 2644 probandae
1856 2615 1987 2635 suorum
2022 2603 2195 2644 patientiae
