2304 3034
93 169 132 199 81
682 166 1045 199 COMMENTARIUS
1068 166 1114 197 IN
1137 166 1285 199 EXODI
1308 169 1404 200 OAP.
1429 169 1487 201 VI.

92 262 234 294 dicendo:
256 261 348 299 Ecce,
370 261 432 301 filii
456 262 558 293 Israel
580 271 639 292 non
661 261 825 292 audierunt
846 270 910 290 me:
934 262 960 290 et
982 269 1055 298 quo-

92 305 179 336 modo
198 305 304 335 audiet
321 315 368 335 me
383 304 508 336 Pharao
526 305 580 344 qui
598 314 666 334 sum
684 303 919 334 incircumcisus
939 302 1056 333 labiis?

95 348 143 379 13.
178 347 336 386 Low-utus
369 350 469 378 utitem
506 347 611 386 fuerat
645 345 757 376 Ieliova
790 345 831 376 ad
866 344 990 382 DIosen,
1030 347 1057 375 et

94 390 240 426 Alimon,
272 390 452 429 dederatque
481 390 525 420 eis
554 388 701 419 mandata
731 387 772 418 ad
800 386 881 426 filios
905 387 1008 418 Israel
1030 390 1057 418 et

92 434 134 464 ad
149 432 344 464 Pharaonem
364 431 614 472 reyemAeyypti,
636 433 669 460 ut
690 430 834 460 emitteret
854 429 936 469 filios
955 429 1057 460 Israel

94 487 108 507 c
130 479 213 507 terra
233 475 373 515 Aegypti.

177 561 206 592 9.
238 559 279 591 Et
309 560 352 590 ita
381 559 521 598 loquutus
550 559 593 588 est
622 556 735 588 Moses.
788 557 838 587 Ex
867 557 928 588 hoc
958 568 1053 588 versu

93 608 227 643 apparet
257 601 295 633 de
325 601 463 633 secunda
492 600 651 640 legatione
684 600 750 640 agi,
786 610 880 638 quam
912 600 1054 639 perferre

92 646 199 677 iussus
232 650 281 676 est
309 645 425 675 Moses.
472 643 557 673 Ante
592 642 678 672 enim
713 652 830 682 magna
865 641 989 672 laetitia
1023 649 1054 673 et

92 689 250 728 applausu
274 687 441 717 audierant
464 685 575 716 adesse
598 684 827 724 redemptionis
851 690 990 724 tempus,
1022 690 1053 715 et

93 732 214 771 gratias
238 734 372 770 egerant
394 729 477 759 Deo:
502 738 588 758 nunc
610 727 705 758 refert
733 727 839 757 Moses
863 727 1052 758 constrictos

90 773 188 804 fuisse
211 773 345 808 animos,
377 781 417 801 ne
448 770 657 800 admitterent
685 780 780 809 quem
811 770 991 809 perferebat
1014 770 1052 801 de

87 816 266 856 propinqua
288 814 391 854 gratia
414 813 578 844 nuncium.
624 812 675 843 Ita
704 822 798 852 saepe
825 813 934 843 miseri
959 823 1052 843 aures

88 857 283 889 obstruendo
317 858 444 886 ianuam
484 856 641 886 claudunt
676 854 735 885 Dei
778 855 1050 894 promissionibus.

89 900 183 940 Quod
208 901 272 931 fere
295 903 440 939 portento
464 898 568 929 simile
592 903 656 936 est,
687 908 760 927 nam
785 898 866 937 quod
896 898 954 928 Dei
979 908 1050 938 gra-

88 945 164 974 tiam
189 948 343 982 respuunt
366 942 418 980 qui
443 941 543 971 saturi
568 946 646 971 suut¹
665 946 759 979 atque
778 941 874 971 etiam
895 940 972 970 ebrii
993 951 1051 971 sua

88 986 248 1022 felicitate,
272 984 352 1015 nihil
372 985 506 1014 mirum:
531 983 584 1014 sed
605 993 794 1019 moerorem,
815 983 866 1022 qui
888 983 1050 1014 famelicos

88 1028 219 1059 reddere
260 1027 413 1058 debuerat
454 1027 507 1066 qui
542 1026 600 1056 sub
634 1026 727 1056 malis
762 1025 899 1056 demersi
935 1026 1049 1063 iacent,

87 1071 251 1102 obstaculo
291 1080 359 1100 esse
394 1080 433 1100 ne
467 1069 615 1099 solatium
652 1069 810 1108 recipiant
844 1068 926 1108 quod
965 1069 1049 1099 ultro

87 1114 177 1145 Deus
199 1113 306 1149 offert,
330 1112 362 1142 id
389 1122 462 1142 vero
485 1117 621 1142 naturae
650 1116 819 1152 repugnat.
867 1111 964 1150 Atqui
992 1121 1048 1141 usu

87 1156 199 1186 tritum
224 1161 280 1191 est,
304 1162 337 1184 ut
361 1165 422 1194 quo
446 1154 549 1194 magis
568 1154 688 1194 singuli
713 1160 886 1194 anguntur,
910 1165 943 1184 se
962 1154 1048 1194 ipsos
1074 1181 1076 1190 ,

978 1197 1049 1228 Hoc
1074 1191 1075 1194 ¹

86 1197 246 1229 obdurent
276 1209 315 1228 ne
346 1197 449 1228 locum
481 1197 670 1237 permittant
701 1197 760 1227 Dei
795 1196 924 1227 anxilio.

86 1241 196 1272 morbo
230 1240 311 1271 filios
346 1239 444 1271 Israel
480 1240 642 1270 laborasse
676 1245 787 1270 narrat
815 1240 936 1276 Moses,
971 1239 1046 1269 dum

85 1283 191 1314 surdis
214 1283 346 1313 auribus
370 1283 496 1322 repulsa
520 1283 557 1313 ab
582 1282 645 1313 illis
668 1282 725 1312 fuit
751 1289 815 1312 tam
847 1281 964 1312 blanda
988 1283 1046 1312 Dei

86 1326 245 1361 invitatio,
270 1325 351 1365 qnod
377 1326 520 1356 anxietas
544 1335 653 1355 eorum
679 1335 791 1355 sensus
815 1325 1046 1364 occupavisset.

86 1368 173 1407 Quia
196 1379 270 1399 vero
294 1368 440 1398 naturale
464 1375 510 1398 est
535 1367 641 1398 dolore
672 1374 702 1397 et
725 1368 857 1398 tristitia
888 1378 943 1397 nos
974 1378 1046 1398 eon-

82 1411 183 1442 trahi:
209 1411 369 1442 diseamus
394 1411 451 1442 hoc
475 1411 620 1450 exemplo
646 1411 832 1441 luctandum
853 1421 921 1440 esse
945 1410 1046 1442 donec
1072 1429 1074 1444 ,ι

81 1455 180 1485 animi
204 1458 371 1494 emergant
394 1464 431 1484 ex
456 1454 522 1484 suis
545 1453 717 1493 angustiis,
747 1464 809 1493 quo
840 1453 953 1483 saltem
978 1464 1045 1483 am-

81 1496 261 1537 plexandae
295 1497 418 1536 gratiae
452 1496 514 1526 Dei
549 1497 612 1527 sint
646 1507 786 1536 capaces,
832 1495 929 1526 Nulla
959 1496 1044 1526 euim

82 1539 221 1570 deterior
233 1539 331 1578 pestis
351 1549 446 1578 quam
466 1539 596 1569 hebetes
617 1539 709 1569 malis
728 1549 764 1570 ac
783 1538 927 1578 stupidos
943 1537 1043 1575 reddi,

81 1587 118 1613 ut
141 1581 404 1613 obsurdescamus
428 1580 467 1611 ad
492 1582 551 1612 Dei
576 1582 812 1621 promissiones.

168 1624 216 1655 10.
238 1625 395 1663 Loquutus
414 1627 514 1655 autem
534 1624 701 1655 estlelzova
714 1624 755 1654 ad
767 1624 882 1655 Illosen.
916 1624 1044 1655 Clarius

80 1668 212 1707 exponit
237 1667 342 1698 Moses
373 1677 466 1707 quam
497 1667 701 1708 indulgenter
727 1667 838 1698 tulerit
863 1668 952 1698 Deus
976 1679 1042 1698 ma-

80 1710 202 1750 lignam
227 1710 331 1749 populi
357 1709 532 1750 repulsam:
557 1711 648 1740 cuius
671 1710 756 1740 iusta
779 1710 892 1740 fuisset
911 1721 1043 1748 merces,

80 1753 106 1783 si
129 1763 242 1792 passus
267 1753 378 1783 fuisset
401 1753 521 1783 centies
540 1753 572 1782 in
599 1753 736 1783 miseriis
760 1753 826 1783 suis
851 1757 1042 1792 putrescere,

80 1794 207 1835 quando
221 1795 388 1826 obstinatis
408 1796 523 1826 animis
536 1796 573 1825 ad
595 1796 760 1826 interitum
781 1806 874 1826 suum
897 1796 1041 1826 ruebant.

80 1838 175 1876 Quod
195 1848 271 1878 ergo
291 1839 394 1877 perire
415 1837 596 1869 volentibus
615 1849 706 1878 opem
728 1838 811 1868 ferre
832 1849 893 1868 non
914 1838 1042 1875 desinit,

79 1880 255 1921 singularis
286 1886 332 1910 est
364 1881 608 1911 misericordiae.
656 1881 756 1911 Porro
787 1881 963 1911 notandum
996 1886 1044 1911 est

80 1923 193 1953 Mosen
218 1923 314 1953 fuisse
339 1933 421 1953 novo
446 1923 505 1954 hoc
526 1924 677 1954 mandato
701 1924 944 1954 confirmatum:
968 1924 1043 1963 quia

78 1966 188 2005 populi
222 1966 445 2005 desperatione
484 1966 648 2005 perculsus
689 1972 766 1997 erat.
823 1966 900 1996 Fuit
934 1972 1041 1997 autem

81 2019 146 2039 non
171 2009 240 2038 leve
264 2009 402 2045 crimen,
437 2009 552 2039 callum
576 2010 717 2048 stuporis
741 2010 785 2039 ita
809 2009 840 2039 in
866 2009 959 2040 malis
982 2009 1041 2040 sibi

80 2051 253 2088 obducere,
289 2058 323 2081 ut
352 2051 528 2081 remedium
560 2063 577 2082 a
606 2062 639 2082 se
669 2052 885 2091 prohiberent.
931 2052 1041 2083 Potuit

82 2093 180 2133 igitur
204 2094 318 2124 merito
342 2094 490 2133 colligere
511 2105 571 2124 non
594 2105 662 2125 esse
687 2095 812 2133 longius
833 2094 1042 2134 pergendum,

82 2146 122 2166 ne
145 2142 191 2166 tot
214 2137 375 2167 molestias
398 2146 469 2167 cnm
494 2147 619 2167 summo
644 2138 783 2176 periculo
808 2144 837 2167 et
857 2137 946 2168 nullo
971 2148 1041 2176 pro-

82 2177 166 2209 fectu
189 2179 284 2209 stulte
308 2179 419 2209 obiret.
466 2179 587 2209 Verum
612 2179 685 2210 huic
708 2181 879 2210 tentationi
904 2182 1041 2211 occurrit

84 2219 187 2257 Deus,

85 2262 291 2294 nihilominus
311 2271 433 2295 certare
454 2265 550 2295 iubet.
588 2266 797 2296 Demonstrat
817 2270 925 2296 autem
942 2266 1041 2296 Mosis

86 2306 260 2343 responsio,
291 2318 329 2337 ex
353 2318 413 2346 quo
438 2307 546 2347 populi
576 2318 701 2338 moeror
725 2309 807 2338 viam
833 2308 955 2348 gratiae
983 2309 1040 2338 l)ei

83 2346 249 2384 clauserat,
272 2349 460 2388 legationem
487 2351 567 2380 hane
594 2351 691 2381 fuisse
711 2356 820 2381 saneto
840 2351 908 2381 viro
930 2362 1040 2381 rursus

85 2389 270 2420 iniunctam.
304 2392 385 2422 Nam
402 2403 497 2432 qnnm
523 2394 613 2423 initio
637 2393 771 2433 populus
796 2394 898 2432 primo
922 2393 1040 2424 nuncio
1065 2419 1066 2430 ,

85 2432 116 2461 in
142 2442 230 2470 spem
254 2432 478 2473 redemptionis
503 2435 652 2466 alacriter
681 2443 804 2466 erectus
834 2442 931 2473 osset,
959 2437 1038 2466 Mosi

84 2485 123 2504 ex
149 2474 291 2505 felicibus
318 2477 455 2507 exordiis
484 2485 660 2509 accesserat
691 2490 751 2509 non
786 2478 928 2518 vulgaris
959 2485 1038 2509 stre-

86 2516 193 2546 nuitas
224 2516 261 2546 ad
293 2520 527 2557 exsequendum
560 2532 652 2551 snum
678 2532 814 2557 nunus,
849 2531 929 2561 quae
955 2531 1039 2551 nunc

86 2558 170 2589 tristi
204 2564 322 2589 eventu
356 2563 467 2591 merito
500 2563 666 2594 concidere
707 2565 825 2603 potuit,
866 2563 964 2595 donec
999 2563 1036 2593 ad

85 2602 355 2641 perseverantiam
388 2602 425 2633 de
455 2605 577 2642 integro
609 2607 768 2638 excitatus
808 2606 878 2637 fuit.

155 2651 262 2677 Caluini
278 2659 367 2684 opera.
406 2653 459 2679 Vol.
481 2654 587 2681 XXIV.

1076 949 1078 986 ,¹
1103 943 1176 973 inde
1208 943 1293 973 vires
1323 943 1468 982 inspiret.

228 2227 259 2252 et
302 2232 373 2252 enm
416 2222 594 2252 Pharaonis
638 2223 815 2262 pervicacia
856 2229 1069 2257 constanter1

925 2607 1037 2646 Itaque
1062 2618 1064 2621 ·

2032 171 2075 202 82

1109 262 1236 292 veniam
1261 263 1372 302 poscit,
1396 274 1436 293 ne
1460 263 1620 293 inutiliter
1639 263 1778 294 laboret:
1803 268 1835 294 et
1857 264 2072 295 ratiocinatur

1109 314 1127 333 a
1146 305 1262 335 minori
1282 304 1321 335 ad
1341 305 1453 343 maius,
1473 307 1547 345 quia
1568 306 1664 346 longe
1683 305 1846 337 difficilius
1865 307 1906 337 sit
1925 306 2071 338 animum

1108 346 1288 377 Pharaonis
1308 348 1479 384 inflectere,
1501 356 1533 379 nt
1554 349 1675 379 invitus
1695 349 1762 379 iure
1775 359 1832 379 suo
1852 348 1952 384 cedat,
1973 359 2071 388 qnam

1108 389 1233 419 miseris
1247 391 1438 429 persuadere
1452 395 1487 421 nt
1505 391 1661 421 auxilium
1683 391 1839 422 divinitus
1853 392 1913 422 sibi
1926 391 2069 422 oblatum

1109 431 1274 471 recipiant.
1310 434 1407 472 Atqui
1428 434 1489 463 iam
1511 434 1732 473 experimento
1752 434 1907 465 didicerat
1926 434 2069 465 clausam

1108 484 1177 504 esse
1190 473 1259 504 Deo
1283 475 1411 505 ianuam
1435 476 1518 514 apud
1544 476 1707 516 populum.
1742 476 1829 515 Quid
1855 487 1931 517 ergo
1954 487 2069 516 rupem

1108 515 1313 547 durissimam
1338 517 1404 548 loeo
1427 528 1557 549 movere
1580 518 1740 549 tentaret?
1765 519 1836 549 Etsi
1861 524 1969 549 autem
1993 530 2070 550 eon-

1107 559 1214 589 silium
1238 560 1307 589 eins
1330 571 1394 590 non
1418 561 1477 590 fuit
1500 562 1675 592 vocationis
1694 572 1774 593 onus
1797 561 1857 592 sibi
1880 562 2070 601 impositum

1107 608 1272 639 excutere,
1304 602 1441 633 libenter
1470 608 1577 634 tamen
1607 604 1848 644 tergiversando
1878 615 1911 635 se
1941 604 2069 645 oblique

1106 644 1321 675 subduxisset.
1368 645 1417 675 Ita
1441 646 1585 677 videmus
1609 646 1848 678 cordatissimos
1873 647 1933 677 Dei
1958 657 2069 678 servos

1106 687 1267 717 interdum
1292 688 1324 717 in
1349 687 1453 718 medio
1476 699 1571 719 cursu
1594 689 1756 720 fatiscere:
1793 690 1979 729 praesertim
2013 689 2068 720 ubi

1105 734 1278 760 occurrunt
1296 729 1440 760 salebrae
1462 736 1492 760 et
1511 731 1573 761 alia
1591 731 1764 769 obstacula,
1789 736 1821 762 et
1844 732 1896 762 via
1916 732 2068 771 opinione

1105 773 1249 812 asperior
1282 772 1424 803 offendit.
1481 773 1553 811 Quo
1594 775 1696 814 magis
1730 774 1864 805 sollicite
1904 774 2066 814 rogandus

1105 815 1196 845 uobis
1220 820 1268 845 est
1292 815 1381 845 Deus
1406 826 1445 845 ne
1469 826 1608 855 unquam
1633 817 1715 847 inter
1739 818 1844 847 varios
1868 817 1983 856 quibus
2006 827 2066 849 nos

1105 863 1271 888 exerceret
1289 858 1465 894 conflictus,
1484 857 1636 889 destituat
1658 860 1786 890 virtutis
1806 870 1882 890 suae
1906 859 2065 891 subsidio:

1104 900 1180 939 quin
1206 901 1309 940 potins
1332 911 1388 939 pro
1413 901 1615 931 vehementia
1639 903 1849 932 certaminum
1871 912 1970 933 novas
1989 903 2066 933 sub-

1514 944 1582 973 Iam
1618 955 1690 975 vero
1714 955 1794 984 quae
1824 955 1895 984 spes
1919 945 2067 986 redemp-

1104 986 1200 1016 tionis
1220 986 1388 1025 superfuit,
1407 988 1496 1015 cnius
1514 987 1657 1017 minister
1677 993 1742 1017 tam
1756 988 1857 1018 fracto
1871 992 1940 1018 erat
1959 989 2067 1018 animo

1104 1028 1155 1058 vel
1191 1029 1340 1062 remisso.
1376 1034 1405 1058 et
1437 1039 1530 1068 quam
1561 1030 1695 1068 populus
1729 1030 1796 1069 ipse
1826 1030 1932 1069 palam
1962 1031 2067 1061 fuerat

1103 1076 1303 1110 aspernatus,
1318 1071 1379 1101 nisi
1396 1072 1482 1101 Deus
1501 1082 1555 1110 per
1574 1082 1607 1102 se
1620 1073 1727 1102 omnia
1740 1073 1976 1112 praestitisset?
1997 1073 2065 1105 Nec

1102 1113 1235 1143 dubium
1270 1119 1318 1143 est
1349 1114 1426 1153 quin
1458 1114 1513 1144 tali
1544 1114 1709 1144 hominum
1739 1115 1865 1145 defectu
1897 1115 2065 1147 ostendere

1103 1156 1239 1187 voluerit
1262 1166 1392 1186 manum
1414 1167 1504 1186 snam
1525 1156 1583 1186 sibi
1603 1157 1760 1187 sufficere.
1796 1157 1889 1196 Quod
1910 1168 1943 1188 se
1957 1159 2064 1189 Moses

1102 1204 1197 1229 vocat
1208 1199 1465 1229 incircumcisum
1481 1199 1581 1236 labiis,
1602 1199 1640 1230 ad
1654 1199 1826 1230 balbutiem
1842 1201 1952 1237 refero,
1968 1211 2063 1241 quam

1101 1242 1189 1281 prins
1213 1241 1272 1272 sibi
1296 1241 1524 1281 impedimento
1548 1252 1615 1273 esse
1642 1242 1846 1273 obtenderat:
1878 1253 2062 1283 quanquam

1102 1285 1127 1315 si
1148 1284 1218 1324 quis
1238 1284 1331 1314 aliter
1350 1285 1493 1324 accipere
1513 1285 1609 1321 malit,
1630 1296 1691 1315 non
1716 1285 1886 1315 admodum
1909 1296 2061 1326 repugno.

1188 1327 1236 1357 13.
1269 1327 1430 1365 Loqnutus
1463 1330 1563 1358 autem
1594 1328 1697 1366 ficerat
1728 1328 1838 1359 Ielioosc
1872 1329 1914 1359 ad
1944 1328 2060 1360 Mosen.

1100 1370 1181 1400 Alii:
1209 1370 1378 1409 Loquutus
1402 1376 1459 1400 est.
1505 1370 1625 1400 Verum
1655 1371 1726 1409 quia
1755 1370 1807 1401 hic
1830 1370 1868 1400 ad
1893 1371 2061 1402 exordium

1100 1423 1176 1442 suae
1200 1413 1379 1443 vocationis
1402 1412 1592 1450 revertitur,
1626 1412 1695 1443 ideo
1726 1423 1838 1444 sensus
1864 1414 2062 1445 commodius

1100 1454 1252 1486 reddetur
1271 1461 1412 1495 tempore
1429 1455 1516 1486 verbi
1536 1455 1855 1495 plusquamperfecto,
1874 1456 1967 1487 sicuti
1990 1456 2059 1488 feci.

1099 1498 1231 1537 Repetit
1255 1498 1340 1528 enim
1367 1498 1449 1537 quod
1475 1499 1535 1527 iam
1561 1497 1701 1534 dixerat,
1729 1509 1762 1528 se
1786 1505 1817 1528 et
1842 1498 1973 1529 Aharon
1999 1500 2061 1530 fra-

1099 1546 1182 1571 trem
1207 1541 1286 1571 nihil
1313 1547 1431 1571 temere
1455 1551 1621 1580 aggressos
1645 1551 1722 1578 esse⁷
1745 1540 1798 1571 sed
1825 1541 1885 1571 Dei
1910 1542 2061 1573 mandato

1099 1582 1198 1614 fuisse
1232 1584 1416 1614 instructos.
1474 1584 1609 1614 Summa
1648 1590 1712 1620 est,
1752 1584 1898 1622 quamvis
1932 1586 2060 1624 saepius

1098 1626 1315 1666 interruptum
1337 1625 1567 1666 quodammodo
1588 1626 1683 1655 fuerit
1703 1636 1798 1665 opus,
1824 1631 1931 1656 ratum
1951 1631 2058 1658 tamen

1070 1675 1071 1679 ’
1099 1668 1195 1699 fuisse
1208 1669 1269 1699 Dei
1291 1669 1460 1700 eonsilium
1481 1669 1519 1699 de
1539 1668 1654 1708 populo
1674 1668 1848 1699 liberando.
1883 1669 1933 1699 De
1956 1670 2059 1709 primo

1098 1716 1205 1742 autem
1231 1712 1319 1742 iussu
1345 1712 1447 1751 ipsum
1474 1712 1558 1750 loqui
1589 1714 1689 1750 patet,
1719 1711 1792 1750 quia
1815 1722 1848 1742 se
1872 1716 1902 1741 et
1926 1712 2059 1743 fratrem

1097 1758 1162 1784 tam
1195 1754 1232 1784 ad
1269 1754 1351 1785 tilios
1382 1754 1481 1785 Israel
1515 1764 1609 1793 qnam
1638 1753 1676 1783 ad
1706 1754 1909 1784 Pharaonem
1944 1755 2058 1786 missos

1098 1797 1194 1828 fuisse
1219 1797 1325 1828 refert.

1184 1883 1230 1913 14.
1253 1882 1320 1913 Ista
1339 1884 1409 1913 seint
1428 1882 1529 1920 capita
1547 1881 1652 1912 domus
1666 1884 1794 1920 patrum
1805 1891 1942 1912 suorum.
1975 1881 2057 1913 Filii

1096 1924 1218 1955 Reuben
1240 1925 1440 1965 217·inzoyem'ti
1460 1925 1577 1955 [sa-ael.-
1598 1924 1717 1955 Heuoeli
1736 1927 1761 1954 et
1781 1923 1913 1960 Phullu,
1933 1924 2056 1956 Hesron

1094 1970 1121 1998 et
1135 1967 1270 1999 Clmrmzf.
1308 1968 1376 1998 Hae
1394 1968 1583 2007 coymitirmes
1597 1967 1727 1997 Rvuhen.
1764 1966 1811 1996 15.
1827 1966 1908 1997 Filii
1923 1966 2053 2004 Simeon,

1096 2010 1220 2047 lamuel,
1244 2014 1269 2041 et
1294 2011 1415 2045 Iamin,
1440 2010 1540 2045 Olmd,
1565 2013 1589 2040 ef
1610 2009 1719 2039 Inclita
1742 2011 1767 2039 et
1788 2009 1903 2045 Sohar,
1927 2011 1953 2039 et
1974 2009 2054 2041 Saul

1091 2053 1177 2092 silius
1202 2053 1412 2083 mammaeae.
1462 2053 1528 2083 Hae
1550 2053 1738 2091 cognationes
1764 2052 1893 2081 Simeon.
1940 2052 1988 2082 16.
2012 2051 2056 2083 Et

1094 2096 1166 2126 haec
1201 2097 1323 2126 nomin«
1355 2096 1491 2135 filiorum
1520 2095 1596 2125 Levi
1628 2096 1659 2125 in
1691 2094 1936 2134 9enwationibus
1968 2095 2054 2126 suis:

1097 2139 1214 2169 (r'erson
1239 2142 1265 2169 et
1284 2138 1405 2169 Kehatli
1428 2141 1455 2168 et
1476 2137 1604 2168 Mvrari.
1646 2137 1733 2167 Anni
1755 2139 1854 2167 autem
1880 2136 1959 2167 vitae
1978 2137 2054 2168 Levi

1093 2181 1221 2220 tri-(ytrite
1249 2184 1361 2219 septem
1390 2184 1415 2210 et
1445 2184 1561 2211 mmm
1593 2181 1676 2210 anni.
1725 2180 1771 2210 17.
1808 2178 1883 2209 Filii
1917 2179 2053 2211 Gerson:

1094 2223 1188 2253 Libui
1211 2227 1237 2254 et
1259 2224 1355 2254 Stmei
1377 2223 1542 2254 sermidam
1566 2223 1753 2262 comisationes
1774 2232 1857 2251 suas.
1900 2221 1947 2252 18.
1973 2222 2053 2253 Filii

1094 2265 1230 2304 Kehath„
1256 2267 1388 2297 Amram
1419 2269 1444 2295 et
1474 2265 1582 2301 Ishar,
1614 2265 1734 2295 Hebronv
1764 2267 1790 2294 et
1824 2263 1917 2294 (mel.
1963 2265 2051 2295 Amzi

1093 2311 1191 2339 (tutem
1225 2309 1303 2339 vitae
1337 2308 1458 2339 Kelzatli
1499 2309 1626 2346 triglinta
1665 2310 1724 2337 tres
1757 2309 1782 2336 <t
1814 2309 1931 2336 centum
1964 2308 2049 2338 amri.

1094 2352 1141 2381 19.
1169 2351 1249 2382 Filii
1268 2362 1335 2382 vero
1356 2351 1490 2382 Morari:
1513 2350 1613 2381 Mami
1631 2353 1657 2379 rt
1677 2349 1773 2379 Masi.
1822 2348 1887 2378 Hae.
1908 2349 2051 2387 fairiiliae

1092 2394 1167 2424 Levi
1188 2395 1354 2425 secundnm
1373 2394 1580 2433 glomerationes
1601 2403 1686 2423 suas,
1727 2392 1776 2422 20.
1802 2392 1925 2429 Accepit
1947 2395 2051 2423 autem

1092 2437 1224 2467 Amram
1239 2437 1380 2468 Ioeln‘bed
1396 2437 1522 2467 amitam
1541 2445 1629 2465 suam
1647 2435 1680 2465 in
1699 2444 1831 2469 imorem,
1851 2444 1929 2472 quae
1943 2436 2050 2473 yenziit

1089 2480 1117 2509 ei
1141 2480 1267 2509 Alimon
1292 2482 1317 2510 et
1342 2479 1459 2510 Mosen.
1508 2478 1602 2508 Porro
1632 2477 1707 2507 trimi
1737 2477 1816 2507 vitae
1841 2478 1972 2507 Amram
1994 2478 2048 2508 tri-

1087 2522 1173 2561 fliam
1196 2525 1306 2560 sepiem
1329 2526 1354 2553 et
1378 2524 1493 2552 eentum
1516 2521 1600 2550 anni.
1636 2520 1685 2550 21.
1712 2519 1791 2549 Filii
1815 2518 1924 2549 Ishar:
1948 2519 2048 2550 Corali

1088 2567 1114 2595 et
1141 2564 1261 2604 Neplzey
1291 2568 1318 2595 et
1342 2565 1455 2594 Ziela-i.
1500 2563 1550 2593 22.
1581 2560 1623 2593 Et
1650 2562 1712 2601 filli
1749 2561 1848 2597 tezel,
1885 2561 2000 2593 Mi'sael
2022 2565 2050 2593 et

1089 2606 1252 2646 Elsaplzan
1282 2611 1307 2637 et
1334 2607 1439 2638 Sz‘tlzri.
1485 2606 1534 2636 23.
1559 2605 1601 2635 Et
1628 2605 1739 2643 accepit
1763 2603 1890 2634 Allaron
1920 2604 2048 2636 Eliseba

1828 2654 1843 2678 (3
