2304 3034
175 165 235 194 111

172 259 206 289 ἐἴη
229 260 289 289 tota
311 259 402 287 terra.
450 256 498 286 15.
525 255 616 285 Nunc
634 254 716 285 enim
738 253 859 284 mendi
881 262 1008 284 manum
1030 263 1138 290 meam,

172 304 206 332 ut
223 300 394 339 percutiam
420 301 446 328 te
468 301 495 328 et
511 297 665 336 populum
689 299 775 327 tzacm
795 298 888 334 peste,
912 297 938 325 et
956 296 1107 327 excideris
1125 306 1140 327 e

171 346 262 374 terra.
317 342 363 372 16.
397 340 437 371 Et
465 343 541 371 certe
569 340 635 370 idco
668 339 809 370 constitui
844 340 871 369 te
903 340 937 368 ut
959 339 1140 370 ostenderem

172 386 227 416 tibi
245 385 411 425 potentiam
435 393 550 420 meam,
581 385 606 413 et
629 384 662 412 at
685 383 826 412 enarrent
849 390 954 411 nomen
979 391 1077 412 meam
1108 382 1139 411 in

174 429 318 459 universa
340 429 433 457 terra.
481 426 529 456 17.
557 425 606 455 Ta
627 424 727 455 adhuc
749 426 775 454 te
798 423 916 454 attollis
938 424 971 453 in
988 423 1140 463 populum

173 480 288 507 meam,
325 472 356 499 ut
385 479 445 500 non
475 468 615 499 dimittas
644 467 718 498 eos?
772 466 820 497 18.
845 465 931 503 Ecce,
960 476 1011 506 eqo
1028 467 1140 505 pluam

173 513 225 543 hoc
257 515 387 551 tempore
415 521 486 542 cras
515 511 700 551 yrandinem
731 509 970 549 gravissimam,
1003 510 1054 539 01ιὶ
1082 519 1140 540 non

171 556 234 595 fait
262 555 378 586 similis
407 555 438 585 in
470 554 604 593 Acygspto
632 553 669 583 ab
697 562 728 583 co
757 552 807 582 dio
836 561 894 590 qao
920 552 1053 590 fandata
1079 552 1141 591 fait

173 599 335 637 hueusque.
383 597 431 627 19.
459 596 550 627 Nunc
572 596 669 636 ἐμέων
692 595 782 631 mitte,
805 594 908 634 colliye
925 604 1022 633 pecus
1044 597 1139 635 tamn,

174 644 200 672 et
223 640 374 680 quidquid
396 639 451 670 tibi
474 642 517 670 est
540 640 573 670 in
604 649 686 678 (tyro.
737 638 846 668 Omnes
876 636 1011 667 homines
1039 640 1064 668 et
1094 638 1141 668 ia-

174 686 307 714 mentam
336 684 389 722 01ιὶ
416 683 531 713 inventi
557 681 675 721 fuerint
706 681 738 711 in
770 690 856 720 affre,
891 682 918 710 et
950 689 1008 710 non
1030 679 1141 711 collecti

172 727 288 766 fuerint
311 727 397 756 vintra
419 726 551 761 domam,
575 724 730 755 descendet
752 733 845 761 super
874 732 923 753 eos
950 723 1084 762 gyrando,
1115 725 1141 753 et

173 770 349 801 nzorifflztur.
396 768 445 799 20.
474 768 534 807 Qui
560 767 662 797 {iruna
690 766 730 797 acl
753 775 918 796 sermonem
950 764 1077 796 Ielwvae
1105 775 1141 795 eas

173 812 271 845 servis
299 811 489 847 Pharaonis,
524 810 684 849 confuyere
714 809 807 839 iussit
828 818 930 839 servos
952 817 1023 839 suos
1046 810 1071 839 et
1088 817 1141 847 pe-

174 865 243 887 cora
267 866 323 885 sua
347 854 477 885 domama.
516 853 565 883 21.
594 853 654 892 Qui
676 861 746 883 «vero
770 861 828 881 non
852 850 962 881 adieci-t
984 861 1033 881 cor
1050 860 1142 881 suam

175 899 216 930 ad
242 897 361 928 verbam·
386 896 523 933 Ielzovae,
547 895 671 934 reliquit
693 905 794 925 servos
817 904 889 924 suos
912 895 937 923 et
954 903 1063 932 pecora
1083 903 1142 924 saa

175 942 209 972 <in
232 951 314 981 (cyra.
361 940 410 970 22.
439 939 467 969 T
468 949 525 969 nno
547 939 629 969 <lacit
644 937 757 968 Ielzova
781 937 822 967 ad
843 935 968 967 DIosen:
1004 935 1142 967 Extende

175 994 300 1014 ’0101111111
329 985 414 1013 tetam
444 991 551 1012 versus
573 981 702 1017 coelam,
733 982 758 1011 et
786 979 844 1010 erit
869 979 989 1019 orando
1018 979 1052 1009 in
1081 982 1141 1011 tota

176 1029 257 1057 terra
290 1025 440 1065 Aeyypt‘i,
471 1035 564 1063 super
587 1024 724 1054 homines
754 1025 779 1054 et
812 1032 904 1061 super
934 1022 1081 1059 iumenta,
1116 1024 1142 1053 et

175 1079 268 1108 super
308 1071 444 1099 cunctam
492 1066 616 1097 herbam
661 1066 732 1106 ayri
780 1065 813 1096 iu
865 1067 948 1095 terra
999 1064 1140 1104 Aeyyptz'.

176 1112 225 1143 23.
251 1111 399 1142 Ertemlit
424 1120 491 1150 erqo
512 1109 614 1140 DIoscs
638 1109 759 1149 cz'ryam
778 1118 868 1139 51111111
893 1117 999 1138 versas
1018 1107 1141 1143 coelam,

176 1158 202 1186 et
229 1155 312 1185 dedit
340 1153 453 1184 Ieleova
486 1153 619 1183 tonitrua
651 1154 677 1182 et
708 1151 907 1191 yrandinem:
937 1150 1143 1189 ‹Ziscurritqae

176 1198 260 1238 iynz's
282 1208 340 1236 por
373 1200 501 1231 terram,
537 1198 563 1225 et
588 1195 671 1234 plait
702 1194 813 1225 [chora
839 1193 1022 1233 mandi-nem
1050 1203 1142 1231 super

175 1244 290 1271 terram
303 1240 443 1279 Aeygspte'.
475 1238 523 1269 24.
539 1237 579 1268 Et
591 1238 653 1277 fecit
662 1238 783 1277 yrando
794 1239 883 1275 atque
896 1237 947 1273 1911
954 1236 979 1267 [s
990 1236 1142 1275 arundine

177 1283 346 1323 <implicitas
367 1282 475 1322 gyravis
500 1281 601 1312 valde:
624 1281 674 1311 cai
697 1280 814 1311 similis
836 1279 921 1310 nana
945 1279 1006 1315 fait
1027 1279 1060 1309 ‘in
1082 1280 1142 1309 tota

178 1329 259 1357 torro
280 1326 421 1365 Aeglypti,
442 1335 478 1356 01·
497 1334 555 1364 qno
572 1324 634 1363 fuit
657 1324 824 1363 inqentem.
859 1322 908 1353 25.
934 1321 977 1352 Et
992 1321 1144 1361 percussit

174 1368 295 1409 gyrando
325 1369 357 1398 in
388 1370 446 1398 tota
477 1370 560 1398 terra
589 1366 720 1406 Aeyypti
749 1365 902 1405 quidquid
922 1364 984 1404 fait
1006 1365 1038 1395 in
1061 1375 1143 1404 affro,

178 1411 216 1442 ab
239 1411 358 1442 homine
380 1420 476 1449 usque
500 1411 540 1441 ad
572 1410 745 1440 inoccatum.
792 1408 834 1438 Ee
853 1407 1006 1446 percussit
1026 1407 1144 1447 grando

178 1457 315 1485 cunctam
339 1453 461 1484 herbam
486 1453 569 1493 (ιφ-ι’,
605 1455 694 1491 alque
716 1461 818 1483 omnes
839 1451 961 1482 arbores
983 1450 1052 1491 apyri
1080 1460 1145 1481 con-

176 1498 278 1537 froyit.
330 1497 380 1527 26.
415 1496 548 1526 Tantum
571 1496 604 1526 rin
634 1497 717 1526 terra
743 1494 859 1532 Gosen,
891 1493 943 1525 ubi
972 1495 1058 1524 erant
1084 1492 1146 1532 filit·

179 1540 293 1577 Israel,
318 1550 376 1570 11011
397 1539 459 1578 fuis
480 1538 606 1578 yrando.

267 1626 314 1655 13.
340 1624 382 1655 Et
404 1625 449 1655 ait
472 1623 584 1654 Ielzot‘a
607 1624 647 1654 acl
669 1623 791 1654 Mosen.—
817 1622 922 1662 Surgyc.
959 1621 1146 1652 Revertitur

180 1669 285 1700 adhuc
310 1667 400 1698 Deus
424 1667 463 1698 ad
488 1668 609 1703 minas,
641 1674 676 1696 ut
702 1666 789 1706 impii
816 1666 900 1705 regis
925 1665 1068 1695 animum
1092 1675 1146 1694 ex-

179 1712 298 1752 ploret:
325 1721 387 1741 non
413 1709 495 1749 quod
520 1720 592 1749 spes
619 1709 660 1740 sit
684 1709 793 1748 aliqua
816 1708 979 1747 sanitatis,
1010 1707 1064 1738 sed
1087 1717 1147 1747 quo

180 1755 281 1795 mag-is
302 1765 337 1784 ae
359 1753 460 1793 magis
480 1757 645 1792 retegatur
658 1751 784 1792 perdita
804 1752 871 1782 eius
890 1750 1071 1781 obstinatio.
1096 1748 1148 1780 Ad

181 1797 365 1836 exemplum
398 1796 483 1826 enim
519 1795 690 1835 pertinuit,
730 1795 837 1834 palam
872 1793 1019 1834 cognosci
1053 1803 1147 1833 quam

180 1841 299 1871 furiose
324 1844 419 1869 ruant
443 1840 475 1868 in
496 1850 590 1869 51111111
611 1838 745 1870 exitium
767 1838 820 1877 qui
840 1838 872 1868 in
893 1847 1024 1868 sensum
1041 1846 1148 1875 repro-

182 1883 257 1914 bum
281 1882 416 1913 coniecti
440 1887 532 1918 sunt,
564 1887 595 1911 et
626 1882 793 1921 agitantur
824 1880 940 1920 spiritu
970 1879 1147 1919 vertiginis.

181 1925 375 1957 Incredibile
409 1930 495 1955 certe
531 1929 630 1961 esset,
673 1923 773 1954 ullum
806 1934 949 1963 unquam
985 1922 1148 1953 hominem

182 1977 248 1999 tam
273 1968 439 2008 praecipiti
467 1968 608 1998 amentia
642 1973 797 2006 tantaque
820 1965 1034 1997 obstinatione
1058 1966 1148 1995 resti-

182 2012 259 2042 tisse
283 2012 368 2047 Deo,
403 2011 465 2041 nisi
490 2011 568 2041 haec
593 2010 684 2040 nobis
709 2010 869 2049 proposita
894 2009 1005 2039 fuisset
1032 2008 1147 2048 imago.

182 2054 317 2093 Quoties
348 2054 454 2084 iussus
483 2054 543 2083 fuit
574 2052 704 2083 Pharao
734 2052 888 2092 populum
918 2051 1088 2087 dimittere,
1118 2054 1150 2081 et

182 2097 320 2137 singulis
346 2097 468 2127 vicibus
488 2095 597 2126 addita
620 2096 679 2126 fnit
703 2096 827 2126 sanctio
851 2094 994 2134 imperii:
1028 2099 1063 2124 ut
1087 2103 1149 2123 non

184 2141 291 2171 minus
312 2146 438 2170 tonaret
459 2150 474 2169 0
495 2139 580 2169 00010
596 2139 683 2169 Deus
704 2148 800 2178 quam
821 2148 837 2168 e
858 2144 943 2168 terra
962 2136 1150 2176 loquebatur

184 2194 239 2223 per
263 2193 297 2213 05
320 2182 407 2212 servi
430 2182 479 2213 sui
504 2188 535 2212 et
558 2180 747 2221 praeconis?
773 2191 875 2220 neque
899 2186 1007 2210 tamen
1032 2179 1070 2209 ad
1094 2189 1149 2219 pa-

184 2225 320 2256 rendum
345 2225 496 2256 subactus
518 2224 579 2255 fuit
609 2224 738 2264 tyranni
763 2224 907 2254 animus:
938 2232 1055 2262 nempe
1078 2222 1150 2261 quia

184 2275 291 2299 mente
326 2268 446 2298 alienat
478 2268 578 2298 Satan
615 2278 695 2307 quos
726 2267 786 2297 Dei
817 2266 976 2307 permissu
1007 2264 1150 2296 addictos

184 2312 243 2342 sibi
268 2316 299 2341 et
322 2311 520 2350 mancipatos
545 2316 642 2341 tenet.
689 2310 818 2340 Interea
842 2309 943 2349 magis
963 2307 1150 2338 horribilem

184 2354 244 2384 sibi
276 2353 450 2384 vindictam
482 2353 686 2384 accumulant
716 2353 813 2392 impio
841 2351 1052 2382 monitionum
1077 2361 1150 2382 con-

186 2404 319 2436 temptu.

273 2440 321 2469 14.
349 2439 502 2477 Quoniam
526 2439 582 2469 hac
606 2439 674 2469 vice.

187 2525 343 2555 haetenus
379 2525 585 2563 castigaverit
625 2524 694 2555 eius
736 2523 935 2563 superbiam,
976 2521 1150 2553 clementer

188 2574 293 2598 tumen
329 2574 359 2597 et
395 2567 539 2597 adbibita
579 2567 798 2597 moderatione
839 2566 870 2596 id
911 2575 979 2595 csse
1015 2564 1148 2595 factum:

190 2621 273 2640 nune
298 2620 372 2640 vero
397 2610 523 2640 duriore
548 2610 674 2650 flagello
699 2620 832 2641 usurum
856 2619 934 2645 esse,
969 2607 1042 2648 quia
1065 2607 1148 2637 feru-

763 158 1132 194 COMMENTARIUS
1155 159 1203 190 IN
1226 159 1376 191 EXODI
1399 159 1496 191 OAP.
1519 158 1580 190 IX.

721 2437 842 2469 Subest
873 2437 969 2467 tacita
1002 2435 1151 2472 conditio,
1176 2456 1178 2477 ¹.

188 2482 248 2513 nisi
263 2482 332 2512 Deo
356 2492 476 2512 morem
490 2481 635 2521 gesserit.
670 2481 838 2521 Significat
862 2486 979 2517 autem,
1002 2478 1150 2519 quamvis
1176 2479 1177 2484 ’

1175 2529 1176 2538 ¹
1202 2518 1398 2549 Hebraieum
1434 2520 1515 2558 quod
1552 2520 1759 2551 transitivum
1784 2524 1832 2550 est
1859 2520 1890 2550 in
1914 2518 2029 2558 Hiphil
2066 2517 2164 2549 dedu-

2101 159 2163 191 112

1191 253 1240 284 lae
1265 253 1347 284 nihil
1369 252 1559 293 profuerint.
1606 250 1660 283 Sic
1684 252 1868 292 coarguitur
1891 253 1959 284 eius
1982 253 2160 294 ingratitu-

1191 296 1239 333 do,
1264 295 1346 336 quod
1377 306 1441 325 non
1467 294 1637 335 agnoverit
1669 293 1741 325 ideo
1766 294 1825 325 sibi
1850 296 1936 334 parci
1969 299 2002 326 ut
2032 296 2158 328 levibus

1192 343 1317 370 tantum
1349 337 1476 368 damnis
1507 337 1695 377 perfunctus
1725 336 1764 367 ad
1795 347 1907 368 sanam
1939 343 2078 370 mentem
2109 349 2160 370 re-

1192 381 1284 412 diret.
1327 381 1413 421 Ergo
1438 380 1514 420 quia
1537 379 1657 411 sensim
1681 389 1871 420 progressus
1891 380 1995 411 fuerat
2010 380 2100 412 Deus
2118 381 2161 412 ad

1192 434 1320 464 poenas,
1346 434 1432 454 1111110
1457 423 1601 453 minatur
1624 433 1657 452 se
1682 433 1743 452 uno
1774 422 1896 462 impetu
1920 423 2038 454 multas
2061 423 2160 455 simul

1192 467 1405 497 inflicturum:
1431 465 1525 496 sicuti
1548 475 1643 505 agere
1667 464 1747 496 solet
1769 474 1842 495 cum
1862 465 2062 505 praefractis.
2087 466 2161 505 Qua

1192 510 1288 540 etiam
1313 509 1436 539 ratione
1465 518 1522 539 nos
1550 507 1700 538 hortatur
1724 507 1831 539 David
1855 507 1954 549 (Psal.
1979 508 2029 545 32,
2054 508 2096 550 9),
2121 520 2160 540 ne

1192 553 1293 583 simus
1321 551 1411 591 equis
1439 555 1470 581 et
1501 550 1598 581 mulis
1628 550 1748 581 similes
1780 551 1831 590 qui
1856 551 1894 582 ob
1924 551 2160 582 contumaciam

1191 605 1281 625 camo
1316 600 1346 625 et
1380 594 1489 624 fraeno
1519 593 1719 624 cohibentur.
1765 593 1861 625 Unde
1891 593 2012 634 colligit
2043 593 2161 626 multos

1192 637 1316 668 dolores
1341 637 1462 667 instare
1486 636 1592 676 impiis
1626 640 1658 666 et
1682 636 1864 667 rebellibus.
1910 636 2029 676 Plagas
2053 641 2160 668 autem

1192 680 1260 710 fore
1284 679 1474 715 denunciat,
1511 688 1573 709 non
1600 688 1680 718 quae
1703 683 1798 718 caput
1823 684 1950 710 tantum
1975 683 2006 710 et
2028 679 2161 710 brachia

1193 722 1353 762 affligant:
1389 721 1443 752 sed
1467 731 1548 761 quae
1573 726 1742 761 penetrent
1765 732 1866 761 usque
1895 721 1935 752 ad
1959 732 2011 752 cor
2042 722 2160 761 ipsum,

1193 765 1242 796 vel
1274 764 1367 795 letale
1400 764 1517 795 vulnus
1551 764 1728 795 visceribus
1763 764 1922 804 infligant.
1990 763 2161 805 Stupidior

1193 808 1278 838 enim
1310 812 1378 838 erat
1409 807 1536 837 Pharao
1566 817 1662 846 quam
1694 812 1729 837 ut
1763 807 1926 839 sufficeret
1960 807 2062 837 latera
2092 808 2161 839 eius

1194 850 1339 881 tundere.
1386 850 1424 880 In
1454 859 1597 885 sumina,
1627 849 1688 881 nisi
1721 849 1800 880 velit
1822 861 1895 881 011111
1915 850 2065 881 omnibus
2095 850 2160 881 suis

1194 893 1306 933 perire,
1321 893 1467 923 horribili
1481 891 1564 932 quod
1583 891 1749 932 impendet
1769 892 1886 924 indicio
1907 897 2033 923 mature
2048 902 2160 924 occur-

1195 947 1263 966 rere
1285 936 1422 966 iubetur.
1469 934 1538 966 Sub
1563 937 1691 966 nomine
1714 935 1857 966 omnium
1882 935 2050 976 plagarum
2074 945 2161 967 com-

1194 979 1345 1019 plectitur
1365 977 1518 1018 quidquid
1540 983 1649 1017 postea
1668 978 1888 1018 castigationis
1901 978 2047 1009 additum
2062 977 2160 1009 fuisse

1193 1021 1387 1052 videbimus:
1419 1026 1450 1051 et
1481 1020 1551 1051 ideo
1582 1031 1699 1051 nomen
1724 1028 1787 1053 ὊἾ
1820 1031 1931 1052 01111105
1952 1020 2068 1052 excidii
2088 1031 2161 1061 spe-

1192 1065 1257 1095 cies
1281 1063 1440 1104 designat:
1473 1064 1563 1103 quasi
1583 1063 1703 1095 diceret
1720 1074 1754 1094 se
1774 1074 1892 1103 poenas
1912 1063 1992 1094 alias
2011 1063 2081 1095 aliis
2105 1063 2160 1094 ad-

1194 1107 1353 1143 diturum,
1390 1106 1490 1137 donec
1521 1112 1697 1147 tyrannum
1732 1106 1955 1147 profligaverit
1988 1117 2060 1138 eum
2096 1110 2162 1137 tota

1194 1154 1298 1190 gente.
1332 1149 1425 1188 Quod
1446 1154 1554 1189 postea
1574 1149 1672 1187 addit,
1693 1154 1729 1180 ut
1748 1151 1829 1181 scias
1849 1160 1912 1180 non
1932 1159 2001 1180 esse
2020 1149 2161 1180 similem

1196 1193 1267 1227 11101,
1302 1192 1482 1223 subindicat
1510 1192 1715 1223 Pharaonem
1745 1192 1900 1223 hactenus
1929 1192 2027 1223 fuisse
2058 1191 2162 1223 reluc-

1196 1240 1314 1271 tatum,
1346 1235 1429 1274 quod
1464 1235 1531 1265 vim
1566 1235 1712 1266 coelestis
1748 1235 1909 1275 potentiae
1944 1235 2027 1265 serio
2062 1234 2163 1265 animi

1197 1289 1291 1309 5011511
1334 1288 1398 1308 11011
1439 1277 1712 1317 apprehenderet:
1747 1279 1822 1318 quia
1856 1277 1926 1308 fieri
1961 1288 2024 1308 non
2059 1281 2163 1317 potest

1197 1321 1274 1360 quin
1306 1321 1359 1351 ubi
1387 1322 1527 1351 sentitur
1557 1331 1686 1351 omnem
1717 1321 1868 1351 ferociam
1900 1331 2008 1352 coram
2031 1330 2066 1351 se
2090 1330 2163 1360 pro-

1198 1368 1330 1394 sternat.
1368 1363 1434 1394 Nec
1458 1363 1591 1394 dubium
1615 1368 1673 1401 est,
1697 1363 1858 1403 reprobos,
1883 1364 2031 1403 quamvis
2055 1362 2163 1402 aliqua

1198 1418 1237 1438 ex
1270 1412 1360 1446 parte
1395 1411 1572 1446 agnoscant
1607 1406 1667 1437 Dei
1703 1407 1873 1444 virtutem,
1912 1411 2021 1445 postea
2054 1409 2164 1437 tamen

1199 1450 1385 1489 phrenetico
1419 1450 1541 1488 impetu
1573 1460 1681 1486 ruere,
1716 1454 1748 1479 et
1781 1459 1892 1480 eorum
1925 1448 2083 1479 malitiam
2114 1459 2164 1480 so-

1199 1492 1307 1523 cordia
1325 1502 1394 1522 esse
1418 1492 1617 1531 implicitam,
1642 1499 1677 1522 nt
1700 1492 1839 1523 videndo
1859 1502 1922 1522 non
1942 1491 2085 1522 videant.
2110 1491 2165 1521 In-

1199 1539 1287 1565 terea
1311 1545 1493 1572 monemur,
1525 1535 1676 1576 reprobos
1705 1540 1835 1574 stupore
1865 1545 1922 1565 suo
1951 1534 2010 1565 11οο
2034 1533 2164 1565 tandem

1198 1578 1357 1617 consequi,
1388 1583 1423 1608 ut
1454 1578 1544 1609 Deus
1573 1578 1647 1609 totis
1676 1578 1775 1618 copiis
1805 1577 1960 1609 adversus
1989 1576 2061 1608 illos
2089 1587 2166 1608 con-

1198 1631 1335 1661 gressus,
1359 1620 1398 1651 ad
1422 1621 1640 1661 cognitionem
1661 1631 1736 1652 51100
1750 1621 1880 1652 virtutis
1905 1630 2001 1660 0110111
2023 1619 2164 1660 fugiunt,

1198 1664 1319 1694 invitos
1344 1668 1436 1704 cogat
1458 1670 1488 1694 ot
1516 1663 1632 1695 trahat.
1680 1665 1727 1694 Ac
1758 1674 1797 1694 ne
1827 1663 1990 1704 longiores
2019 1663 2164 1694 inducias

1199 1712 1321 1746 speret,
1351 1707 1498 1746 proximo
1527 1717 1625 1738 versu
1656 1707 1797 1738 affirmat
1821 1706 1912 1737 Deus
1935 1706 1998 1737 iam
2033 1709 2165 1736 extenta

1199 1760 1296 1780 manu
1327 1760 1359 1779 50
1382 1750 1519 1789 prodire.
1574 1750 1684 1789 Neque
1719 1750 1805 1780 enim
1838 1749 2043 1780 tolerantiam
2073 1758 2165 1779 suam

1199 1792 1404 1823 commendat
1437 1792 1528 1823 Deus
1561 1793 1594 1823 in
1625 1793 1711 1823 lento
1747 1802 1936 1832 progressu,
1968 1796 2004 1822 ut
2032 1790 2166 1831 quibus-

1200 1834 1273 1865 dam
1310 1835 1427 1874 placet:
1462 1836 1540 1875 quin
1576 1836 1683 1875 potius
1717 1836 1867 1866 admonet
1900 1834 2167 1874 exsequutionem

1201 1877 1259 1909 sibi
1284 1879 1317 1907 in
1342 1883 1491 1918 promptu
1515 1889 1593 1915 0550,
1618 1878 1767 1918 quoniam
1792 1888 1882 1908 arma
1905 1877 2047 1908 induerit
2066 1883 2097 1907 et
2116 1887 2167 1908 co—

1200 1921 1270 1960 pias
1295 1921 1487 1951 instruxerit
1506 1926 1678 1961 antequam
1703 1921 1836 1952 verbum
1861 1920 1991 1952 faceret.

1289 1963 1335 1993 16.
1366 1963 1407 1993 Et
1435 1967 1509 1995 certo
1540 1964 1606 1995 ideo
1628 1964 1769 1995 constitui
1791 1966 1825 1995 te.
1872 1963 1972 1994 Varie
1994 1962 2167 2002 exponitur

1202 2006 1339 2036 verbum
1363 2014 1501 2043 ’ΠἾΓΞῺΠῑ
1516 2007 1644 2046 proprie
1668 2006 1796 2046 quidem
1821 2006 1984 2046 significat
2006 2010 2164 2036 statuere:

1201 2049 1308 2088 itaque
1332 2049 1370 2079 ad
1395 2049 1604 2080 eminentiam
1629 2050 1688 2081 hoc
1719 2049 1865 2080 referunt
1888 2047 2051 2086 nonnulli,
2082 2047 2167 2087 quod

1202 2091 1291 2122 Deus
1320 2092 1353 2121 in
1382 2093 1468 2132 regio
1499 2092 1578 2123 solio
1602 2093 1807 2123 Pharaonem
1831 2090 2050 2128 collocaverit,
2080 2089 2165 2121 unde

1201 2145 1292 2165 suam
1324 2134 1457 2174 gloriam
1491 2135 1604 2166 melius
1635 2136 1838 2175 patefaceret.
1891 2134 2036 2165 Graecus
2064 2133 2166 2163 inter-

1203 2188 1275 2216 pres
1299 2177 1393 2208 latius
1417 2179 1546 2217 accepit,
1571 2179 1669 2209 vert-it
1693 2178 1777 2208 enim
1807 2174 1936 2215 ἐξήγειρά
1956 2187 1997 2213 σε,
2026 2176 2166 2207 excitavi

1204 2226 1249 2250 te:
1275 2220 1364 2259 quasi
1388 2220 1507 2251 diceret
1530 2232 1645 2252 arcano
1670 2221 1729 2251 Dei
1757 2220 1888 2251 consilio
1910 2224 1942 2249 et
1964 2218 2166 2258 providentia

1203 2262 1360 2293 delectum
1385 2263 1481 2294 fuisse
1506 2264 1710 2294 Pharaonem
1736 2263 1767 2293 in
1791 2273 1852 2302 quo
1877 2262 2052 2301 potentiam
2072 2272 2165 2292 suam

1203 2312 1381 2336 exsereret:
1427 2307 1521 2337 sicuti
1555 2307 1674 2346 passim
1709 2305 1826 2337 dieitur
1857 2305 1998 2336 excitare
2030 2314 2108 2344 quos
2131 2304 2165 2334 in

1204 2348 1344 2378 medium
1370 2349 1530 2387 producit,
1567 2354 1601 2379 ut
1631 2349 1662 2379 in
1692 2360 1744 2379 eos
1776 2359 1851 2379 usus
1881 2348 2020 2387 applicet
2049 2346 2165 2387 quibus

1203 2392 1288 2430 ipsos
1313 2390 1497 2422 destinawt.
1552 2392 1615 2422 Alii
1647 2392 1841 2422 sententiam
1873 2390 1957 2422 hanc
1986 2394 2100 2430 putant
2125 2400 2166 2420 ex

1203 2433 1420 2472 superioribus
1441 2434 1589 2473 pendere,
1614 2445 1649 2465 ac
1671 2435 1940 2474 interpretantur:
1967 2432 2166 2464 Conservavi

1203 2482 1248 2513 te,
1281 2475 1327 2506 vel
1358 2478 1562 2515 superstitem
1595 2488 1725 2508 manere
1761 2477 1857 2508 volui.
1903 2476 2048 2507 Verbum
2079 2475 2164 2506 enim

1201 2561 1284 2592 citur
1308 2561 1346 2591 ab
1369 2568 1433 2597 “my
1452 2562 1533 2601 quod
1548 2568 1596 2594 est
1618 2568 1713 2594 stare.
1751 2562 1912 2601 Quoniam
1925 2571 2001 2601 ergo
2014 2561 2073 2592 sibi
2097 2570 2166 2591 mo-

1203 2604 1333 2635 deratus
1356 2604 1455 2634 fuerat
1485 2606 1580 2643 Dens,
1616 2617 1701 2637 nunc
1725 2605 1913 2636 tolerantiae
1936 2614 2011 2635 suae
2035 2613 2166 2635 causam
