2304 3034
119 204 180 236 457

468 338 531 370 EX
549 335 698 368 LEVIT.
721 334 836 365 XXII.

209 426 236 456 1.
262 425 422 464 Loquutus
449 425 491 455 est
519 423 646 460 iusuper
668 419 781 451 Ielzova
811 420 853 451 ad
877 418 1002 455 Mosen,
1034 418 1081 449 di-

122 468 229 500 ceudo:
251 467 279 499 2.
304 467 441 507 Loquere
462 466 504 497 ad
526 464 663 499 Aharon,
687 465 714 493 et
733 461 816 501 filios
837 463 914 494 eius.
938 463 972 491 ut
995 470 1081 499 sepa-

122 513 191 542 rent
207 520 271 541 sese
292 519 312 541 a
334 506 616 547 sanctificationibus
636 504 775 544 filiorum
787 504 890 535 Israel
912 506 939 534 et
961 513 998 533 ue
1015 503 1081 542 pot-

123 553 211 584 luaut
231 562 338 584 rzomeu
359 550 528 593 sanctitatis
549 558 631 579 meae
653 548 686 578 iu
709 547 759 577 his
781 557 858 586 quae
880 547 944 586 ipsi
965 545 1079 576 saucti-

120 595 215 635 fleant
236 594 329 626 milii:
357 603 407 634 690
429 592 547 623 Iehova.
588 590 615 621 3.
638 589 701 620 Dic
724 589 798 627 illis,
822 590 855 620 iu
875 588 1080 629 yeueratioui-

123 638 179 669 bus
206 637 316 668 vestris
345 635 441 666 omnis
467 634 516 664 vir
544 633 599 672 qui
621 633 779 663 accesserit
801 642 837 662 esc
859 632 941 663 omui
964 631 1080 661 semiue

122 683 220 711 vestro
243 679 284 710 ad
304 676 556 716 sanctificationes
577 685 656 714 quas
677 675 935 713 sanctificaverint
954 673 1015 712 filii
1029 672 1078 703 Is-

122 723 189 754 rael
211 721 352 758 Iehovae,
382 722 407 750 et
434 718 633 749 immunditia
655 728 713 748 sua
733 718 829 756 fuerit
850 727 943 756 super
965 716 1077 755 ipsum,

123 765 277 797 excidetur
314 763 418 793 anima
450 761 551 799 ipsius
585 771 603 790 a
636 760 716 799 facie
751 770 831 790 mea.-
871 770 921 799 690
955 758 1076 790 Ielaeova.

123 808 152 838 4.
186 807 359 846 Quicunque
384 814 398 835 e
426 803 538 834 semiue
564 803 695 833 Aharon
725 803 822 842 fuerit
850 802 1004 841 leprosus,
1035 800 1079 831 rel

123 849 327 887 seminiflmcs,
361 847 396 877 de
428 845 718 883 sanctificationibus
746 855 804 876 nou
833 845 960 875 comedet
988 844 1079 874 donec

123 891 244 923 mundet
274 900 318 921 se:
349 891 375 920 et
404 889 459 928 qui
487 888 613 927 tetiyerit
642 887 834 918 ‘immundum
858 897 952 926 super
974 886 1078 917 morti-
1103 879 1105 895 ”

122 935 209 971 cirtio,
234 935 285 963 aut
302 931 350 962 vir
367 941 404 962 ex
421 940 479 969 Quo
498 931 654 970 egreditur
672 930 779 969 effusio
798 930 934 961 seminis.
969 930 997 960 5.
1012 930 1078 959 Aut

122 977 171 1008 vir
198 976 252 1015 qui
273 974 402 1014 tetiqerit
423 973 620 1012 quodcunque
642 973 748 1012 reptile
766 983 823 1012 per
844 972 923 1012 quod
945 973 1078 1002 immuu-

122 1019 181 1051 dus
208 1018 277 1053 erit,
306 1018 358 1047 aut
385 1015 533 1046 hominem
548 1018 677 1054 propter
699 1026 786 1055 quem
809 1015 989 1045 immundus
1011 1015 1078 1053 erit,

121 1060 281 1092 secuudum
301 1068 416 1089 omnem
429 1058 653 1088 immunditiem
667 1059 749 1089 eius:
772 1058 800 1089 6.
817 1058 937 1088 Auima
954 1058 1078 1096 iuquam

121 1113 197 1143 quae
211 1101 337 1141 tetiqerit
358 1101 455 1138 illum,
479 1101 638 1131 immunda
662 1102 719 1131 orit
746 1111 841 1140 usque
854 1101 1080 1138 artrespc-rcmz:
1104 1118 1106 1133 :

120 1148 145 1176 et
159 1154 218 1176 uon
232 1143 357 1175 comedet
372 1144 408 1174 de
429 1143 722 1182 sanctificationibus
743 1144 805 1174 uisi
828 1143 935 1174 laverit
957 1152 1080 1173 caruem
1104 1137 1106 1167 ἶ

119 1197 208 1219 suam
231 1196 317 1225 aqua.
365 1185 391 1216 7.
419 1186 519 1225 Quum
542 1188 643 1216 (tutem
665 1186 832 1217 occubuerit
852 1186 910 1221 sol,
936 1188 998 1215 tum
1021 1185 1080 1215 erit

120 1229 266 1265 muudus,
290 1230 317 1259 et
333 1231 439 1268 postea
462 1229 594 1260 comedet
615 1229 651 1259 de
672 1227 982 1267 sanctificah'ouibus:
1005 1227 1080 1266 quia

119 1272 202 1303 cibus
224 1272 290 1302 eius
312 1274 362 1302 est.
398 1271 426 1302 8.
452 1270 591 1302 Cadaver
613 1274 639 1301 et
661 1274 784 1310 raptum
809 1281 865 1301 uon
890 1271 1026 1307 comedet,
1048 1272 1081 1299 ut

115 1314 236 1355 polluat
263 1323 294 1344 se
324 1314 356 1343 in
379 1324 426 1344 eo:
448 1324 500 1353 690
525 1313 645 1344 1611000.
702 1314 730 1345 9.
754 1313 797 1345 Et
819 1313 990 1344 custodiant
1011 1323 1078 1343 cus-

121 1357 235 1388 todiam
263 1366 374 1393 meam,
406 1358 432 1387 et
460 1366 497 1386 uc
520 1359 643 1395 portent
666 1360 825 1395 peceatum
842 1358 970 1395 proptr-r
992 1355 1079 1393 illud,

120 1402 148 1431 et
176 1399 347 1430 moriantur
370 1401 501 1438 propter
530 1399 625 1435 illud,
661 1410 754 1437 quum
780 1399 950 1438 polluerint
978 1398 1080 1429 illam:

120 1452 169 1482 690
192 1441 303 1472 Iehova
325 1442 521 1480 sanctificans
543 1452 599 1472 eos.
638 1442 684 1472 10.
713 1442 822 1473 Omnis
844 1444 946 1472 autem
969 1441 1078 1471 alieni·
1105 1466 1107 1470 .

118 1495 194 1526 yeua
222 1494 280 1515 uon
310 1484 437 1516 comedet
465 1485 753 1523 sanctificationem:
782 1484 956 1523 inquilinus
984 1493 1081 1514 sacer-

121 1528 214 1565 dotis,
251 1529 276 1557 et
309 1527 517 1558 mercenarius
551 1537 611 1558 riou
643 1528 772 1558 comedet
804 1526 1080 1566 sanctificationem.

123 1570 171 1600 11.
205 1569 290 1609 Quod
319 1570 347 1599 si-
374 1569 517 1600 sacerdos
544 1570 649 1601 emerit
675 1570 824 1600 hominem
854 1571 1002 1609 emptione
1031 1579 1080 1599 ar-

120 1613 201 1653 yeuti
222 1612 288 1643 sui:
309 1613 375 1652 ipse
397 1613 525 1643 comedet
547 1623 583 1643 ex
606 1623 649 1647 ea,
674 1616 699 1643 et
722 1612 906 1643 vernaculus
927 1613 1010 1643 eius:
1032 1611 1082 1642 illi

122 1655 269 1686 comedent
301 1655 337 1686 de
370 1655 433 1686 cibo
461 1655 536 1686 eius.
592 1656 639 1686 12.
672 1655 760 1687 Filia
789 1658 888 1686 autem
916 1654 1083 1686 sacerdotis

122 1706 216 1737 quum
235 1696 331 1736 fuerit
352 1698 418 1728 viro
440 1697 558 1728 alieno:
588 1699 660 1737 ipsa
682 1699 719 1729 de
741 1698 889 1729 oblatione
911 1696 1084 1736 sanctifica-

122 1740 238 1770 tionum
264 1749 323 1771 rwu
345 1740 480 1771 comedet.
528 1741 575 1771 13.
601 1741 689 1772 Filia
712 1751 780 1771 cero
802 1741 968 1771 sacerdotis
990 1749 1084 1778 quum

122 1782 216 1822 fuerit
243 1783 353 1820 vidua,
384 1786 438 1814 aut
460 1784 642 1822 repudiata,
674 1786 700 1814 et
718 1793 817 1814 semen
838 1794 896 1814 uon
920 1783 976 1813 crit
999 1783 1035 1820 ei,
1059 1784 1085 1812 et

123 1834 243 1856 reversa
263 1825 358 1864 fuerit
379 1825 421 1856 ad
441 1826 563 1856 domum
580 1827 687 1865 patris
707 1827 767 1863 sui,
790 1827 868 1857 sicut
891 1826 924 1856 in
942 1826 1084 1864 pueritia

124 1877 198 1905 sua,
227 1868 263 1899 de
283 1867 346 1899 cibo
362 1869 467 1908 patris
489 1869 631 1899 comedet:
660 1870 759 1900 omuis
788 1871 887 1899 autem
910 1868 1085 1908 alieuiyena

124 1920 183 1940 non
217 1911 343 1941 comedet
368 1921 405 1942 ex
433 1921 472 1942 eo.
527 1912 574 1942 14.
608 1912 692 1950 Quod
722 1912 750 1942 si
780 1911 897 1951 aliquis
925 1911 1085 1942 comederit

125 1952 387 1991 sanctificationem
401 1964 459 1993 per
477 1954 726 1993 imprudentiam,
746 1954 834 1985 addet
857 1955 997 1993 quintam
1010 1963 1085 1992 par-

126 1997 182 2026 tem
200 1995 275 2031 eius,
294 1998 321 2026 et
338 1996 422 2027 dabit
438 1997 590 2027 sacerdoti
607 2006 674 2027 cum
692 1996 941 2035 sanctificatione.
975 1996 1022 2027 15.
1043 1994 1086 2026 Et

125 2047 182 2068 nou
193 2038 438 2070 contaminabunt
455 2039 711 2078 sanctificationes
726 2039 864 2078 tiliorum
878 2038 988 2075 Israel,
1008 2048 1086 2078 quas

125 2079 283 2111 obtulerint
306 2081 442 2113 Ielzovae.
478 2082 527 2112 16.
549 2082 655 2121 Neque
672 2085 799 2121 portare
818 2082 932 2121 facient
954 2092 1002 2112 eos
1028 2082 1085 2112 iui-

127 2123 269 2162 quitatem
281 2123 389 2161 delicti,
408 2124 482 2155 dum
494 2125 673 2156 comederint
691 2125 943 2164 sanctificationes
962 2134 1085 2156 eorum:

127 2174 178 2204 690
201 2166 279 2196 enim
302 2165 414 2197 Iehova
436 2167 631 2206 sanctificans
655 2178 712 2199 eos.

212 2250 238 2280 1.
269 2250 425 2290 Loquutus
451 2255 494 2283 est
523 2253 659 2292 iusuper.
705 2253 768 2284 Hic
797 2252 834 2283 de
866 2251 1084 2284 accidentibus

128 2291 254 2339 disserit
266 2292 382 2333 Moses,
404 2305 442 2325 ex
461 2295 576 2334 quibus
595 2296 709 2327 vitium
734 2295 949 2332 contrahitur,
973 2306 1085 2334 quam-

126 2344 177 2382 vis
200 2339 314 2365 natura
336 2346 434 2375 purus
456 2338 497 2368 sit
521 2338 614 2369 homo
638 2342 670 2369 et
693 2339 829 2379 integer.
871 2337 935 2376 Qui
959 2337 1085 2369 defectu

127 2377 231 2415 aliquo
254 2384 384 2409 naturae
406 2378 596 2418 laborarent,
620 2391 673 2412 eos
697 2392 714 2412 a
739 2391 872 2411 munere
896 2380 1084 2412 sacerdotali

128 2419 291 2460 prohibuit
313 2420 434 2458 Moses,
458 2433 542 2454 nunc
565 2424 590 2454 si
615 2423 698 2463 quod
723 2424 941 2454 extrinsecum
966 2423 1085 2453 vitium

127 2461 321 2508 sacerdotem
346 2463 502 2501 polluerit,
525 2476 649 2497 cessare
673 2467 711 2497 ab
736 2466 839 2497 officio
862 2466 959 2503 iubet,
984 2465 1085 2497 donec

127 2504 227 2534 fuerit
259 2508 422 2544 purgatus.
467 2506 563 2538 Iussit
593 2509 731 2539 antehae
761 2508 918 2548 quoslibet
943 2509 1085 2539 immun-

129 2546 185 2594 dos
214 2547 353 2585 separari
384 2557 401 2577 a
430 2549 559 2588 populo,
589 2561 628 2581 ne
655 2552 804 2591 contagio
827 2552 906 2581 alios
929 2551 1083 2582 inficeret.

127 2588 265 2619 Videtur
295 2598 369 2629 ergo
399 2600 629 2630 supervacuum
661 2594 877 2625 sacerdotibus
901 2594 1084 2633 praecipere

128 2630 212 2671 quod
247 2631 317 2662 aliis
347 2632 493 2664 omnibus
522 2635 700 2666 iniunctum
732 2637 800 2667 fuit.
854 2637 977 2666 Verum
1008 2636 1083 2676 (111111,

812 196 1067 231 SECUNDUM
1090 197 1408 230 PRAECEPTUM.

2034 197 2097 228 458

1133 291 1237 321 solent
1259 290 1407 323 homines
1431 292 1463 321 in
1487 291 1592 331 aliquo
1615 291 1746 322 honoris
1769 290 1871 331 gradu
1893 290 1997 327 locati,
2021 300 2095 330 gra-

1132 333 1177 363 tia
1207 332 1269 364 Dei
1299 333 1386 365 abuti
1418 333 1457 364 ad
1488 333 1640 374 peccandi
1670 334 1849 372 licentiam,
1884 343 1924 363 116
1954 332 2094 373 dignitas

1132 375 1337 407 sacerdotalis
1361 376 1401 407 ad
1423 376 1563 407 fovenda
1585 376 1636 406 vel
1661 375 1845 407 excusanda
1867 376 1989 416 flagitia
2011 375 2093 407 inte—

1132 422 1322 457 gumentum
1359 419 1456 455 foret,
1495 418 1597 459 legem
1634 428 1819 459 expressam
1851 418 1934 449 ferre
1963 428 2093 449 necesse

1132 460 1201 497 fuit,
1233 471 1273 491 116
1296 461 1499 502 privilegium
1524 460 1735 492 obtenderent
1758 461 1948 497 sacerdotes,
1973 465 2010 491 ut
2032 461 2092 491 im-

1132 502 1244 533 mundi
1276 503 1431 534 saerificia
1460 503 1680 542 comederent,
1706 513 1786 543 quae
1809 503 1940 534 mundis
1964 507 2092 534 tantum

1132 544 1245 576 licebat
1274 545 1397 576 offerre.
1444 546 1487 576 Et
1509 556 1569 585 quo
1592 547 1695 587 magis
1719 545 1907 576 detestabile
1930 546 1972 576 sit
1994 546 2092 577 sacri-

1131 587 1261 627 legium,
1284 594 1421 618 mortem
1445 588 1634 626 denunciat,
1659 589 1684 619 si
1708 588 1779 628 quis
1802 598 1875 618 suas
1898 587 2092 628 pollutiones

1131 630 1229 660 sacris
1253 630 1313 661 Dei
1345 631 1517 662 miscuerit.
1563 631 1646 661 Nam
1675 641 1794 671 poenae
1824 634 1913 661 metu
1936 640 2090 671 experge-

1130 672 1199 702 fieri
1229 673 1385 712 oportuit,
1417 678 1448 703 et
1478 673 1568 712 quasi
1598 673 1753 704 violenter
1782 673 1851 713 cogi
1882 672 1920 703 ad
1943 673 2091 712 officium,

1131 715 1246 754 quibus
1273 715 1361 745 nulla
1384 716 1502 755 alioqui
1526 715 1637 756 religio
1660 716 1788 754 fuisset,
1817 715 2090 754 contemptibilem

1130 757 1193 788 Dei
1212 758 1332 788 cultum
1357 757 1498 788 reddere.
1532 758 1601 788 Iam
1626 759 1712 798 ipsas
1734 758 1945 798 pollutionum
1970 758 2090 797 species

1130 804 1367 836 commemorat,
1392 799 1430 830 de
1454 800 1570 840 quibus
1593 806 1668 831 ante
1691 800 1839 832 diximus.
1874 800 1969 832 Unde
1993 810 2089 840 appa-

1130 847 1178 873 ret
1202 842 1380 874 sacerdotes
1402 842 1461 873 hac
1485 843 1554 883 lege
1577 844 1646 883 cogi
1667 844 1698 874 111
1723 844 1877 880 ordinem,
1906 853 1945 873 ne
1968 853 2001 873 se
2024 852 2091 873 ma-

1131 885 1179 925 gis
1199 885 1319 915 solutos
1339 885 1526 915 existiment
1545 896 1638 924 quan]
1664 886 1823 926 reliquum
1847 885 1975 925 vulgus,
1998 890 2093 925 atque

1131 928 1176 958 1111
1195 938 1306 958 secure
1330 927 1388 958 sibi
1412 927 1612 967 indulgeant.
1648 928 1741 967 Quod
1764 933 1875 969 postea
1898 927 2014 959 clarius
2037 939 2093 958 ex-

1131 970 1298 1010 primitur,
1331 970 1404 1000 dum
1437 969 1588 1000 admonet
1612 971 1700 1002 Deus
1724 976 1759 1002 nt
1782 970 1965 1002 custodiant
1986 974 2093 1001 custo-

1132 1013 1215 1043 diam
1247 1023 1355 1049 suam,
1385 1012 1443 1043 1100
1474 1017 1522 1043 est
1551 1018 1586 1043 ut
1614 1013 1785 1054 diligenter
1808 1014 1980 1045 observent
2001 1012 2094 1052 quid·

1133 1055 1207 1095 quid
1233 1055 1414 1086 mandavit:
1443 1059 1473 1085 et
1498 1065 1560 1094 quo
1583 1056 1696 1086 maiori
1720 1067 1774 1087 eos
1797 1057 1918 1087 honore
1942 1055 2094 1096 dignatus

1132 1104 1189 1132 est,
1212 1108 1248 1128 60
1267 1098 1386 1128 maiore
1405 1097 1510 1128 studio
1533 1108 1566 1128 se
1589 1099 1774 1130 contineant
1789 1100 1820 1129 in
1845 1098 2008 1129 exercitiis
2032 1098 2095 1138 pie-

1132 1141 1217 1171 tatis.
1265 1140 1348 1171 Nam
1381 1139 1485 1177 docet,
1515 1140 1593 1170 adeo
1623 1141 1703 1171 nihil
1726 1142 1830 1172 facere
1854 1142 1903 1172 ius
1925 1140 2095 1172 sacerdotii

1133 1183 1171 1214 ad
1201 1183 1326 1223 culpam
1358 1182 1546 1220 levandam,
1574 1187 1609 1213 ut
1632 1185 1769 1215 arctiore
1792 1182 1922 1217 vinculo
1945 1183 2031 1223 ipsos
2055 1181 2095 1213 ad

1132 1225 1323 1257 servandam
1348 1225 1451 1265 legem
1476 1226 1687 1266 constringat.

1218 1269 1267 1299 10.
1295 1268 1404 1299 Omnis
1433 1268 1614 1308 alieni-(sena.
1659 1269 1729 1300 Hoc
1752 1279 1876 1309 quoque
1898 1268 2015 1300 addere
2038 1278 2095 1298 ne-

1133 1321 1220 1341 cesse
1249 1311 1324 1349 fuit7
1356 1322 1395 1341 116
1426 1310 1594 1341 vilesceret
1618 1322 1781 1342 sacrorum
1805 1312 1965 1344 maiestas.
2011 1310 2095 1341 Nam

1133 1354 1158 1385 si
1177 1354 1359 1393 promiscue
1383 1353 1531 1384 omnibus
1555 1363 1739 1385 concessum
1764 1354 1875 1385 fuisset
1898 1363 1988 1386 sacro
2012 1363 2095 1393 pane

1133 1397 1218 1427 vesci
1250 1403 1281 1427 ct
1305 1396 1376 1427 aliis
1399 1396 1630 1434 oblationibus,
1657 1397 1764 1427 statim
1789 1396 1936 1428 duxisset
1958 1395 2096 1436 populus

1133 1439 1215 1469 nihil
1254 1439 1382 1470 differre
1414 1450 1431 1469 a
1462 1439 1589 1479 vulgari
1618 1439 1695 1470 cibo.
1749 1438 1842 1478 Quod
1874 1440 1936 1470 nisi
1967 1438 2096 1469 obviam

1134 1482 1216 1512 itum
1247 1482 1360 1512 fuisset
1390 1481 1592 1513 sacerdotum
1622 1482 1790 1520 avaritiae,
1814 1486 1960 1522 grassata
1983 1481 2097 1512 fuisset

1134 1524 1224 1555 foeda
1254 1523 1459 1561 nundinatio,
1495 1525 1568 1564 quia
1596 1525 1775 1564 propositae
1804 1525 1938 1555 fuissent
1964 1523 2097 1556 venales

1134 1568 1262 1607 epulae,
1287 1572 1318 1597 et
1340 1567 1454 1598 domus
1478 1566 1652 1598 sacerdotis
1675 1568 1764 1607 quasi
1788 1568 1891 1598 forum
1915 1566 2096 1607 cupediari-

1135 1621 1188 1641 um
1219 1610 1341 1641 fuisset.
1387 1609 1481 1648 Quod
1513 1610 1597 1640 enim
1627 1610 1825 1650 alienigenas
1848 1615 1937 1640 vetat
1960 1609 2039 1641 cibis
2062 1609 2096 1639 in

1134 1653 1327 1684 sacrificium
1347 1652 1461 1683 oblatis
1481 1653 1576 1688 vesci,
1600 1663 1664 1683 non
1689 1658 1754 1683 tam
1778 1663 1886 1683 eorum
1911 1652 1948 1682 fit
1971 1661 2096 1691 respec-

1134 1700 1169 1726 tu
1201 1706 1295 1735 quam
1327 1694 1545 1726 sacerdotum:
1571 1696 1622 1735 qui
1654 1695 1771 1735 alioqui
1801 1706 1839 1726 ex
1864 1695 1959 1726 rebus
1982 1694 2096 1725 oblatis

1134 1738 1263 1769 uberem
1289 1742 1455 1778 quaestum
1481 1738 1594 1769 facturi
1618 1742 1725 1775 erant,
1750 1737 1800 1768 vel
1825 1739 1892 1768 suis
1915 1736 2097 1777 hospitibus

1135 1781 1346 1822 gratificando
1362 1780 1570 1820 pessumdare
1589 1791 1655 1811 non
1675 1780 1877 1811 dubitassent
1900 1790 2013 1811 verum
2034 1779 2096 1810 Dei

1135 1824 1266 1854 cultum.
1304 1823 1381 1854 Ideo
1405 1823 1551 1863 prohibet
1581 1823 1633 1854 lex
1664 1834 1704 1854 ne
1735 1822 1788 1854 vel
1814 1822 2009 1862 inquilinus,
2041 1821 2096 1852 vel

1136 1866 1352 1898 mercenarius
1375 1865 1536 1897 comedat:
1566 1865 1748 1897 vernaculis
1770 1869 1905 1903 tantum,
1928 1869 1960 1895 et
1982 1865 2037 1905 qui
2060 1864 2096 1895 in

1135 1909 1288 1940 familiam
1314 1909 1402 1939 insiti
1432 1909 1567 1945 fuerint,
1599 1908 1765 1940 comedere
1789 1908 1955 1948 permittit.
2007 1907 2096 1946 Quin

1135 1953 1232 1982 ctiam
1262 1951 1344 1982 filias
1368 1951 1586 1988 sacerdotum,
1617 1962 1697 1991 quae
1720 1951 1751 1982 in
1777 1951 1871 1981 aliam
1896 1949 2016 1981 tribum
2040 1949 2097 1980 ab·

1136 1995 1321 2035 nupserint,
1351 1994 1473 2025 alienas
1502 1998 1621 2025 censet.
1666 1993 1741 2024 Huc
1763 1993 1865 2024 tendit
1888 2003 2029 2030 summa,
2060 1996 2096 2023 ut

1136 2047 1345 2077 quaecunque
1369 2036 1553 2077 dependent
1575 2047 1613 2067 ex
1638 2036 1727 2067 cultu
1747 2036 1808 2067 Dei
1832 2045 1923 2066 suam
1947 2045 2097 2066 reveren-

1137 2081 1213 2111 tiam
1232 2080 1412 2111 obtineant:
1443 2079 1526 2119 quod
1549 2079 1617 2110 fieri
1642 2089 1705 2109 non
1730 2082 1847 2118 potest,
1871 2077 1933 2109 nisi
1956 2077 2040 2117 quod
2062 2078 2095 2108 in

1137 2123 1256 2162 templo
1295 2122 1438 2154 oblatum
1473 2127 1521 2152 est
1553 2121 1753 2153 discernatur
1781 2131 1798 2152 a
1827 2120 1990 2152 communi
2016 2120 2094 2152 cibo.

1137 2166 1306 2205 Quatenus
1341 2170 1433 2195 erant
1463 2175 1502 2195 ex
1531 2174 1666 2195 numero
1694 2163 1878 2194 mortalium
1912 2162 2002 2194 licuit
2031 2162 2095 2193 illis

1137 2219 1170 2239 se
1187 2209 1271 2248 ipsos
1290 2207 1451 2238 communi
1466 2217 1553 2238 more
1569 2206 1663 2237 alere.
1694 2206 1881 2237 Necessaria
1903 2209 2010 2236 tamen
2034 2205 2097 2236 fuit

1137 2251 1308 2287 distinctio,
1333 2260 1414 2290 quae
1434 2249 1556 2280 Christi
1581 2249 1784 2280 sanctitatem
1808 2247 1974 2279 redoleret.
2005 2247 2096 2279 Haec

1137 2294 1196 2325 fuit
1220 2293 1427 2325 sacerdotalis
1450 2291 1623 2322 mundities
1645 2291 1747 2331 quoad
1771 2291 1866 2322 cibos.

1224 2336 1272 2367 14.
1297 2336 1382 2375 Quod
1411 2335 1440 2365 si
1468 2335 1583 2373 aliquis
1605 2334 1772 2365 comederit.
1818 2333 1932 2364 Posset
1954 2332 2006 2363 hic
2027 2343 2094 2364 mo-

1137 2379 1203 2410 veri
1236 2378 1397 2419 quaestio,
1429 2388 1485 2408 cur
1508 2377 1597 2407 Deus
1627 2375 1846 2407 sacerdotibus
1876 2375 2024 2407 satisfieri
2047 2376 2095 2406 iu-

1137 2422 1225 2460 beat,
1255 2422 1279 2452 si
1305 2422 1374 2461 quis
1396 2431 1462 2451 rem
1488 2419 1627 2450 oblatam
1651 2417 1834 2450 comederit.
1879 2419 1987 2450 Poena
2010 2419 2095 2449 enim

1136 2465 1243 2504 potius
1263 2464 1352 2504 digni
1371 2467 1463 2494 erant
1483 2472 1577 2502 qnam
1600 2461 1754 2499 mercede,
1777 2462 1830 2501 qui
1853 2461 1938 2501 passi
1962 2461 2097 2492 fuissent

1136 2518 1188 2538 res
1207 2517 1312 2538 sacras
1332 2506 1511 2546 promiscuo
1530 2515 1589 2536 usu
1609 2504 1641 2535 in
1666 2508 1886 2543 contemptum
1906 2503 1999 2535 trahi.
2030 2503 2096 2535 Sed

1136 2549 1188 2581 hic
1219 2560 1327 2580 eorum
1353 2549 1528 2579 mulctatur
1556 2557 1661 2584 error,
1693 2547 1745 2586 qui
1770 2546 1946 2587 legitimam
1972 2550 2096 2586 partem

1136 2592 1294 2623 sacerdoti
1319 2602 1382 2622 non
1407 2594 1600 2622 servassent.
1636 2589 1753 2627 Portio,
1777 2594 1812 2620 ut
1836 2589 2025 2626 videbimus,
2050 2588 2097 2619 (11-

1136 2635 1260 2665 vinitus
1283 2640 1351 2665 erat
1375 2633 1545 2669 attributa,
1576 2642 1672 2671 quam
1697 2642 1839 2663 seorsum
1864 2642 2020 2672 reponere
2043 2631 2097 2662 de-
