2304 3034
77 189 137 221 597

382 323 445 354 EX
468 320 598 352 DEUT.
629 319 723 350 XVI.

163 425 190 456 1.
218 424 347 456 Observa
369 429 498 451 mensem
520 417 614 454 Abib,
644 419 670 448 et
696 418 748 455 fac
772 416 873 447 Pesab.
904 416 1035 447 lebet-ae

76 468 142 500 Deo
163 470 227 498 tuo:
249 466 324 505 quia
345 472 444 494 mense
456 460 536 492 Abib
557 459 662 490 eduxit
684 462 710 489 te
724 458 835 490 Iehova
857 459 945 490 Deus
963 462 1034 490 taus

76 521 113 542 etc
135 511 270 549 Aeyypto
292 509 378 538 nocte.
431 504 459 535 2.
489 503 533 534 Et
559 501 749 540 sacrificabis
780 501 882 532 Posali
906 501 1034 533 Ieleorae

76 553 143 584 Deo
164 555 215 583 tuo
237 552 273 582 de
289 547 456 589 pecudibus
478 548 505 576 et
527 544 632 582 bobus,
665 544 698 574 in
720 544 782 575 loco
804 554 891 583 quem
913 544 1034 584 cleyerit

77 595 189 627 Iebova
209 596 241 624 ut
262 591 397 623 babitare
416 588 517 628 faciat
538 597 645 618 nomen
666 596 758 617 suum
776 586 827 617 ibi.

324 801 388 833 EX
412 800 573 832 EODEM
598 801 653 831 CA
661 800 774 832 PITE.

156 902 184 934 5.
209 901 277 932 Non
294 900 410 939 poteris
432 899 609 937 sacrificare
624 898 726 930 Pesali
749 899 782 928 in
801 898 909 937 aliqua
928 908 942 928 e
958 908 1033 937 por·

73 947 114 978 tis
131 946 191 976 tuis
212 953 289 983 quas
311 942 422 973 Ieboca
453 941 540 972 Deus
570 944 642 972 tuus
669 941 722 971 dat
750 941 814 971 tibi.
860 941 888 972 6.
916 940 975 971 Sed
998 941 1031 971 z'n

72 990 132 1020 loco
153 996 238 1027 quem
258 985 376 1025 elegerit
392 984 506 1015 Ielzora
518 983 606 1014 Deus
628 986 701 1014 tuus
722 985 756 1014 ut
779 983 918 1014 babitare
934 984 1032 1021 faciat

72 1040 177 1062 nomen
207 1038 299 1059 suum
330 1027 389 1058 ibi.-
431 1026 623 1065 sacrificabis
659 1025 759 1057 Pesab
793 1027 833 1057 ad
863 1036 1030 1064 vesperam,

72 1071 253 1104 occumbente
273 1070 347 1107 sole,
377 1072 507 1108 tempore
528 1079 586 1108 quo
609 1079 748 1109 eyressus
769 1079 800 1099 es
822 1079 859 1099 ec
882 1071 1028 1108 Aegypto.

73 1116 101 1146 7.
129 1114 262 1145 Assabis
289 1115 389 1143 autem
417 1122 452 1143 ac
481 1112 614 1142 comedes
645 1112 675 1142 in
704 1111 766 1142 loco
792 1121 878 1150 quem
912 1112 1031 1150 eleyerit

71 1157 182 1189 Ieliova
203 1155 291 1187 Deus
312 1157 398 1192 taus,
424 1157 532 1193 postea
562 1164 651 1185 mane
680 1164 842 1186 conversus
870 1154 1030 1185 reverteris

69 1201 104 1231 in
123 1198 321 1230 tabernacula
342 1199 402 1228 tua.
449 1197 478 1228 8.
504 1196 565 1227 Ser
587 1197 693 1227 diebus
715 1197 848 1227 comedes
866 1197 1028 1236 infermen-

67 1244 144 1278 Μία,
176 1241 226 1272 dle
247 1243 347 1271 autem
368 1242 494 1278 SRPMWO
522 1241 581 1270 ffl'lt
608 1239 777 1270 &immutas
806 1239 936 1270 selbov‘w
963 1239 1029 1270 Dm
1054 1258 1056 1284 ἱ
1081 1263 1215 1296 usurpat
1238 1256 1354 1293 Moses,
1379 1258 1484 1296 potius
1509 1258 1623 1288 itinera
1647 1259 1863 1298 metaphorice
1886 1261 2045 1300 significat

67 1287 131 1316 tuo:
160 1293 221 1314 non
249 1283 345 1322 facies
373 1292 450 1321 opus
477 1281 583 1312 ullum.
628 1281 657 1313 9.
684 1281 804 1320 Septem
826 1281 1029 1312 hebdomadas

67 1326 242 1359 numerabis
259 1325 323 1361 tibi,
347 1336 384 1356 ex
399 1335 456 1364 quo
474 1325 602 1363 coeperit
622 1324 692 1363 f'alx
714 1334 777 1355 esse
799 1324 832 1354 in
855 1327 956 1364 segete,
980 1325 1028 1355 in-

67 1370 161 1410 cipies
182 1378 344 1400 numerare
365 1371 476 1406 septem
497 1367 708 1398 hebdomadas.
752 1367 799 1397 10.
823 1366 932 1398 Postea
955 1368 1027 1398 cele-

67 1412 169 1443 brabis
190 1411 395 1442 solennitatem
416 1410 639 1441 hebdomadum
662 1409 792 1440 Iclimvae
816 1409 882 1440 Deo
904 1412 953 1440 tuo
966 1420 1027 1448 pro

65 1455 211 1494 facultate
226 1457 409 1493 spontaneae
423 1462 536 1484 manus
549 1456 617 1483 tuae
639 1453 720 1491 quod
731 1452 821 1484 dabis
838 1455 932 1491 prout
943 1452 1025 1482 bene-

66 1497 179 1529 dioeerit
211 1496 266 1527 tibi
299 1496 411 1526 Ielzova
444 1495 533 1526 Deus
569 1498 650 1526 tuas.
710 1496 756 1525 11.
792 1494 834 1525 Et
866 1495 1028 1526 laetaberis

66 1550 168 1571 coram
192 1538 303 1570 Iebova
328 1538 394 1568 Deo
417 1541 484 1575 tuo,
514 1540 547 1568 tu
569 1541 594 1567 et
614 1538 701 1576 filius
725 1540 796 1568 tuus
824 1540 850 1567 et
870 1538 939 1576 filia
961 1541 1023 1573 tua,

66 1585 92 1613 et
113 1591 219 1613 servus
241 1584 313 1612 tuus
334 1583 360 1611 et
382 1580 496 1611 ancilla
519 1583 588 1616 tua,
623 1583 648 1610 et
672 1580 780 1611 Levita
802 1581 855 1618 qui
878 1584 920 1611 est
942 1581 1027 1611 intra

61 1627 171 1664 portas
191 1627 270 1658 tuas,
293 1626 319 1654 et
338 1623 532 1663 pei-cyrinus,
555 1626 582 1653 et
598 1623 751 1662 pupillus,
781 1626 808 1653 et
829 1623 942 1660 vidua,
972 1623 1026 1662 qui

63 1667 182 1707 fuerint
212 1667 247 1697 in
275 1667 372 1697 medio
402 1666 460 1700 tui,
495 1667 529 1696 in
562 1665 622 1697 loco
649 1676 736 1704 quern
763 1666 881 1706 eleyerit
914 1665 1027 1696 Ielioca

65 1709 152 1741 Deus
173 1713 246 1740 tuus
265 1712 297 1739 ut
319 1709 457 1740 babitare
477 1709 573 1748 faciat
596 1718 702 1739 nomen
720 1718 811 1738 sunm
829 1708 882 1739 ibi.
914 1708 962 1738 12.
984 1707 1027 1739 Et
1051 1729 1053 1740 ,ι

64 1752 269 1784 recordaberis
290 1752 370 1791 quod
391 1761 499 1782 servus
519 1751 620 1789 fueris
643 1752 676 1781 in
699 1752 844 1791 Aeaypto,
865 1754 1025 1790 propterea

65 1795 212 1826 custodies
245 1804 280 1825 ac
309 1794 406 1833 facies
438 1797 554 1824 statuta
587 1793 668 1824 baec.
726 1794 774 1824 13.

65 1837 326 1868 tabernaculorum
346 1837 443 1876 f'acies
463 1839 573 1876 srptenz
602 1836 721 1873 diebus,
750 1846 845 1875 quum
872 1836 1026 1876 cotteym-ts

64 1883 97 1910 tu
118 1880 154 1910 de
176 1890 250 1911 area
271 1882 334 1917 tua,
357 1881 382 1908 et
404 1879 440 1910 de
462 1879 608 1910 torculari
630 1881 689 1909 tao.
728 1879 775 1910 14.
800 1877 843 1909 Et
865 1879 1026 1910 laetaberis

64 1922 100 1953 in
127 1922 305 1953 solennitate
333 1924 402 1961 tua,
432 1924 464 1951 tu
492 1924 516 1951 el
548 1921 636 1960 filius
663 1924 736 1952 tuus
758 1924 784 1952 et
803 1922 872 1958 filia
899 1925 971 1958 tua,
1000 1924 1026 1951 et

64 1974 169 1995 servus
191 1968 262 1996 tuus
284 1967 310 1995 et
332 1965 445 1995 ancilla
468 1967 529 1999 tua,
552 1967 576 1994 et
601 1964 717 2002 Levita,
741 1967 767 1994 et
786 1965 976 2004 pereqrinus,
1000 1966 1026 1995 et

59 2007 212 2046 pupillus,
235 2010 261 2037 et
282 2007 385 2043 vidua,
409 2007 464 2046 qui
486 2007 688 2038 habitaverint
711 2008 795 2037 intra
814 2010 923 2045 portas
944 2009 1022 2037 tuas.

67 2049 114 2080 15.
141 2049 259 2089 Septem
280 2050 385 2081 diebus
404 2049 613 2080 solennitatem
635 2049 796 2080 celebrabis
816 2050 946 2080 Ieleovae
958 2049 1024 2080 Deo
1049 2055 1051 2078 ὲ

65 2094 114 2122 tuo
143 2093 177 2123 in
202 2092 261 2124 loco
288 2103 374 2131 quem
402 2092 521 2130 eleqerit
550 2093 677 2123 Ieltova:
711 2102 805 2131 quum
837 2092 1025 2123 benedicerit
1049 2101 1051 2112 s

65 2134 119 2164 tibi
143 2134 253 2165 Iebova
276 2135 362 2166 Dens
384 2138 454 2165 tuus
476 2135 509 2165 in
531 2136 648 2165 cunctis
668 2135 812 2175 frugibus
835 2136 912 2172 tuis,
942 2138 968 2165 et
991 2135 1023 2165 in

65 2177 145 2206 omni
167 2187 252 2215 opere
273 2187 423 2208 manuum
444 2180 580 2210 tuarum.
601 2180 627 2208 ct
649 2178 710 2208 eris
732 2177 939 2208 tantummodo
961 2178 1022 2208 lae.-

66 2220 124 2249 tus.
169 2219 216 2250 16.
242 2220 354 2251 Tribus
375 2220 492 2250 vicibus
514 2221 678 2259 quotannis
704 2221 904 2258 conspicietur
925 2221 1025 2250 omnis

66 2261 219 2293 masculus
240 2265 311 2293 tuus
338 2273 440 2294 coram
464 2262 578 2293 Iebova
600 2262 668 2294 Deo
690 2265 754 2299 tuo,
782 2263 816 2293 in
845 2263 907 2293 loco
938 2273 1024 2301 quom

67 2302 183 2342 eleyerit
204 2305 236 2334 in
258 2305 435 2336 solennitate
457 2305 759 2344 infermentatoram,
783 2308 810 2336 et
835 2306 869 2336 in
890 2305 1024 2336 solenni-

66 2347 126 2375 tate
157 2345 379 2386 hebdomadum,
412 2351 438 2378 et
474 2349 505 2378 in
538 2348 714 2378 solennitate
748 2348 1022 2384 tabernaculorum,

66 2396 160 2426 neque
190 2389 352 2428 quisquam
384 2391 583 2430 conspicietur
615 2400 720 2421 eoram
754 2390 865 2421 lebona
898 2401 1022 2421 vacuus.

69 2429 116 2459 17.
145 2430 276 2469 Quisque
297 2433 460 2463 secundum
483 2433 596 2463 donum
618 2443 731 2464 manus
751 2443 833 2468 suae,
857 2433 1025 2464 secundum

66 2471 297 2504 benedictionem
321 2475 447 2506 Iehovae
470 2475 531 2506 Dei
556 2476 601 2506 tui
621 2486 714 2515 quam
735 2476 818 2507 dedit
840 2475 903 2507 tibi.

768 183 993 224 QUARTUM
1018 184 1337 217 PRAEOEPTUM.

811 1793 1026 1824 *S'olennitatem
1051 1800 1052 1804 ’

1991 188 2055 220 598

1354 321 1416 351 EX
1443 320 1592 353 EXODI
1616 321 1780 354 XXXIV.

1171 406 1220 437 20.
1248 406 1321 437 Non
1342 406 1569 446 conspicientur
1590 417 1693 438 coram
1716 418 1763 438 me
1787 410 1884 440 caeni.

1171 491 1276 522 Exodi
1298 491 1348 528 23,
1374 491 1421 522 14.
1478 491 1537 522 Ter
1563 490 1678 530 festum
1711 492 1880 525 celebrabis.
1927 495 2049 526 Mirum

1086 537 1133 563 est
1168 544 1265 573 quum
1289 534 1397 573 plures
1424 533 1500 564 alibi
1524 534 1591 565 dies
1620 534 1720 566 festos
1742 542 1908 568 enumeret
1932 538 2048 576 Moses,

1085 586 1142 606 cur
1165 586 1250 606 nunc
1273 580 1398 607 tantum
1423 576 1531 607 iubeat
1553 581 1603 607 ter
1624 577 1759 618 singulis
1783 580 1877 609 aunis
1895 589 2050 619 apparere

1086 618 1118 648 in
1134 618 1193 649 Dei
1206 625 1386 658 conspectu.
1411 619 1473 650 Ubi
1497 619 1598 659 igitur
1621 619 1688 651 dies
1710 620 1872 661 clangoris
1897 622 2046 654 tubarum

1086 664 1119 690 et
1142 660 1209 692 dics
1232 661 1478 702 expiationum?
1505 672 1608 702 neque
1632 663 1716 693 enim
1741 663 1874 694 dubium
1898 670 1946 695 est
1968 667 2047 705 quin

1085 702 1302 744 Icrosolymae
1332 703 1513 735 celebrandi
1543 715 1653 736 omnes
1681 705 1811 737 fuerint.
1858 707 1966 738 Primo
1990 719 2047 739 no-

1085 745 1220 776 tandum
1243 751 1292 777 est
1315 747 1503 786 praecipuos
1526 747 1579 778 hic·
1602 748 1774 785 nominari,
1808 749 1924 788 quibus
1944 751 2045 781 maior

1085 788 1216 819 suberat
1250 789 1370 829 religio.
1428 789 1553 820 Deinde
1593 790 1667 829 quia
1707 796 1771 822 tres
1806 792 1902 822 feriae
1937 803 2047 824 mense

1084 832 1220 870 septimo
1251 832 1316 862 fere
1339 831 1509 862 continuae
1532 838 1636 870 eraut,
1672 844 1711 864 ne
1735 838 1800 864 toto
1824 845 1933 866 mense
1956 836 2047 867 abes-

1085 879 1157 903 sent
1180 884 1197 904 a
1222 874 1290 904 suis
1311 874 1451 910 aedibus,
1476 874 1596 914 aliquid
1616 886 1673 915 per
1692 875 1928 917 indulgentiam
1948 878 2047 909 fuisse

1084 916 1270 947 remissum:
1296 926 1369 947 nam
1393 917 1486 947 initio
1506 918 1626 947 mensis
1650 918 1735 949 tubis
1759 919 1961 959 clangebant,
1991 921 2046 951 de·

1082 958 1163 989 cimo
1187 964 1295 990 autem
1329 959 1379 989 dic
1414 964 1483 989 erat
1506 959 1637 990 solenne
1659 960 1832 999 ieiunium,
1865 973 1882 992 a
1906 962 2045 994 decimo-

1083 1001 1195 1040 quinto
1225 1001 1422 1041 incipiebant
1453 1003 1510 1032 sub
1540 1003 1684 1034 tentoriis
1714 1003 1870 1034 habitare.
1917 1005 1952 1035 Si
1986 1006 2047 1036 im-

1082 1044 1185 1083 posita
1215 1044 1330 1075 fuisset
1361 1043 1508 1075 omnibus
1539 1046 1714 1077 necessitas
1745 1047 1896 1077 manendi
1922 1048 2047 1079 leroso-

1083 1086 1196 1126 lymae,
1221 1087 1330 1126 gravis
1355 1087 1468 1117 fuisset
1492 1092 1557 1117 tam
1582 1087 1733 1118 diuturna
1759 1100 1856 1120 mora.
1899 1089 1994 1129 Quod
2018 1091 2046 1122 si

1082 1129 1120 1159 ab
1144 1129 1212 1168 ipso
1235 1129 1392 1169 principio
1422 1140 1523 1169 usque
1554 1130 1593 1160 ad
1622 1131 1719 1161 finem
1744 1132 1891 1172 perfungi
1916 1133 2045 1170 vellent,

1081 1177 1189 1201 tamen
1220 1172 1348 1202 nonnisi
1373 1182 1437 1202 una
1461 1177 1530 1202 erat
1553 1173 1715 1211 profectio,
1739 1175 1789 1205 cui
1814 1185 1931 1214 nomen
1956 1186 1974 1206 a
1994 1175 2045 1206 die

1081 1214 1288 1245 celeberrimo
1312 1214 1499 1254 imponitur.
1536 1215 1578 1244 Εἵ-
1601 1221 1686 1246 certe
1710 1227 1825 1247 nomen
1849 1218 1938 1249 Ε’ἋἾ
1962 1218 2045 1258 quod

1082 1309 1176 1338 quam
1201 1299 1301 1331 vices:
1325 1299 1385 1330 etsi
1409 1299 1510 1330 fateor
1533 1306 1632 1336 D’m'?
1657 1301 1740 1340 quod
1765 1301 1926 1342 significat
1951 1303 2044 1338 vices,

1081 1342 1112 1372 in
1144 1341 1397 1372 Deuteronomio
1421 1341 1484 1382 legi
1512 1342 1624 1373 eodem
1648 1353 1754 1374 sensu.
1799 1344 1962 1384 Quidquid
1993 1346 2044 1383 sit,

1081 1390 1214 1424 apparet
1238 1385 1345 1415 Deum
1369 1385 1486 1424 populo
1510 1395 1567 1416 suo
1590 1387 1780 1424 pepercisse,
1804 1387 1857 1417 ubi
1878 1392 1942 1418 tres
1962 1388 2044 1418 dun-

1081 1432 1169 1457 taxat
1194 1427 1390 1458 necessarios
1413 1433 1592 1458 conventus
1615 1428 1742 1465 indixit,
1766 1440 1806 1459 ne
1825 1434 1932 1469 patres
1952 1431 2043 1461 fami-

1081 1470 1139 1500 lias
1163 1474 1195 1500 et
1217 1480 1327 1500 eorum
1352 1470 1443 1500 liberi
1467 1475 1600 1511 sumptu
1624 1476 1656 1501 et
1678 1472 1824 1503 molestia
1847 1474 1983 1512 gravati,
2003 1474 2041 1504 ad

1081 1512 1222 1543 taedium
1248 1512 1490 1549 inducerentur,
1523 1513 1597 1552 quia
1627 1513 1750 1544 nullum
1783 1515 1903 1546 cultum
1930 1517 2044 1555 probat

1081 1556 1139 1586 nisi
1165 1554 1204 1585 ab
1227 1555 1391 1586 alacritate
1412 1556 1510 1586 animi
1534 1556 1722 1596 profectum.

1166 1597 1260 1628 Deut.
1287 1598 1335 1634 16,
1362 1598 1388 1628 1.
1438 1598 1572 1629 Observa
1594 1609 1724 1630 mensem
1748 1599 1836 1630 Abib.
1879 1601 2041 1638 Quorsum

1080 1641 1256 1671 instituerit
1289 1641 1378 1671 Deus
1401 1641 1536 1680 pascha,
1571 1646 1736 1672 ostensum
1768 1642 1827 1672 fuit
1860 1643 1890 1672 in
1916 1644 2042 1683 exposi-

1079 1683 1167 1713 tione
1191 1683 1284 1722 primi
1308 1685 1484 1722 praecepti:
1515 1694 1588 1714 nam
1613 1685 1687 1724 quia
1717 1684 1948 1724 redemptionis
1971 1691 2042 1716 erat

1078 1726 1269 1765 symbolum,
1293 1731 1325 1755 ct
1349 1726 1379 1755 in
1404 1726 1670 1757 caercmouiailla
1682 1737 1751 1757 sese
1775 1728 1917 1758 exercuit
1940 1739 2041 1768 popu-

1077 1768 1128 1799 lus
1142 1768 1181 1798 ad
1204 1778 1322 1807 purum
1346 1768 1441 1799 unius
1462 1769 1522 1799 Dei
1546 1769 1679 1806 cultum,
1705 1774 1739 1799 ut
1759 1776 1947 1809 agnosceret
1967 1772 2039 1801 uni-

1077 1821 1149 1842 cum
1173 1816 1307 1851 patrem,
1332 1815 1363 1841 et
1386 1811 1580 1842 discerneret
1604 1812 1643 1842 ab
1662 1812 1809 1843 omnibus
1829 1812 1935 1843 idolis:
1956 1813 2041 1844 inter

1077 1853 1272 1885 accessiones
1303 1853 1399 1893 primi
1428 1855 1589 1894 praecepti
1621 1855 1723 1894 ipsam
1747 1855 1822 1895 agni
1846 1855 2039 1886 immolatio-

1078 1906 1151 1926 nem
1181 1896 1290 1927 censui
1322 1895 1556 1927 numerandam
1586 1907 1664 1928 esse.
1712 1897 1780 1928 Hoc
1809 1898 1875 1927 loco
1899 1903 2040 1928 tractan-

1078 1939 1154 1969 dum
1179 1942 1323 1978 superest
1346 1938 1504 1969 duntaxat
1526 1939 1609 1979 quod
1634 1939 1791 1979 dependet
1813 1950 1852 1970 ex
1871 1940 2039 1972 sabbatho.

1078 1981 1155 2012 Fuit
1179 1992 1254 2021 ergo
1278 1982 1400 2020 primus
1425 1981 1476 2013 hic
1500 1982 1566 2013 dies
1596 1982 1752 2020 solennis,
1783 1983 1814 2012 in
1846 1993 1906 2022 quo
1937 1983 2041 2014 voluit

1078 2025 1166 2055 Deus
1190 2023 1341 2063 populum
1364 2024 1489 2062 feriari,
1521 2029 1553 2055 et
1576 2025 1695 2055 relictis
1714 2025 1863 2055 omnibus
1894 2027 2039 2065 negotiis,

1076 2067 1248 2098 ascendere
1272 2066 1513 2106 Ierosolymam.
1561 2067 1661 2098 Porro
1685 2078 1749 2098 non
1775 2073 1900 2097 tantum
1926 2069 1960 2098 fit
1987 2069 2041 2099 hio

1076 2109 1196 2140 mentio
1221 2109 1294 2148 agni
1318 2109 1488 2148 paschalis,
1513 2109 1567 2140 sed
1591 2110 1687 2140 etiam
1712 2110 1799 2140 iubet
1829 2110 1888 2140 sibi
1908 2120 1983 2142 oves
2008 2118 2040 2142 et

1076 2152 1172 2182 boves
1195 2152 1328 2182 mactari
1352 2152 1382 2181 in
1408 2151 1476 2182 loco
1501 2162 1594 2192 quem
1629 2153 1769 2193 elegerit.
1816 2152 1943 2190 Quibus
1967 2164 2039 2184 ver-

1076 2195 1124 2226 bis
1148 2194 1308 2234 significat
1332 2194 1382 2224 die
1405 2194 1460 2224 illo
1491 2193 1673 2225 habendum
1705 2206 1774 2225 esse
1804 2205 1932 2225 sacrum
1964 2207 2038 2227 con-

1076 2241 1223 2268 ventum:
1254 2235 1336 2276 quod
1368 2237 1462 2275 paulo
1486 2243 1558 2276 post
1580 2237 1698 2268 clarius
1722 2238 1930 2277 exprimitur:
1963 2249 2037 2269 nam

1075 2279 1154 2310 duos
1184 2289 1294 2310 versus
1324 2278 1534 2310 intermedios
1564 2280 1653 2319 prius
1682 2280 1776 2310 retuli
1800 2280 1832 2309 in
1856 2280 1925 2319 ipsa
1945 2280 2038 2312 insti-

1076 2323 1198 2353 tutione
1222 2321 1392 2361 paschatis.
1418 2321 1573 2352 Prohibet
1596 2333 1671 2363 ergo
1695 2333 1734 2353 ne
1758 2323 1790 2352 in
1814 2322 1949 2354 urbibus
1969 2324 2037 2355 suis

1076 2365 1193 2405 pascha
1218 2374 1361 2395 scorsum
1384 2364 1569 2395 immolent:
1599 2365 1653 2395 sed
1686 2370 1720 2395 ut
1751 2366 1947 2396 conveniant
1969 2377 2038 2397 om-

1077 2418 1133 2439 nes
1155 2407 1193 2438 ad
1218 2406 1303 2437 idem
1326 2407 1554 2438 sanctuarium.
1600 2408 1703 2438 Porro
1733 2407 1808 2438 alibi
1832 2407 1952 2439 dictum
1977 2410 2038 2440 fuit

1076 2460 1177 2481 unum
1211 2449 1310 2480 altare
1345 2449 1444 2480 fuisse
1478 2450 1541 2481 illis
1576 2451 1782 2489 propositum,
1817 2460 1852 2480 ac
1886 2451 1912 2481 si
1947 2451 2037 2483 Deus

1077 2494 1162 2533 ipsos
1195 2493 1252 2522 sub
1287 2502 1386 2522 unum
1420 2492 1576 2522 vexillum
1610 2492 1775 2532 colligeret
1798 2491 1837 2523 ad
1867 2493 2036 2526 fovendam

1077 2535 1278 2567 concordiam
1303 2539 1334 2564 ct
1357 2533 1430 2564 fidei
1454 2535 1621 2565 unitatem.
1667 2534 1761 2573 Quod
1785 2540 1891 2565 autem
1916 2536 1954 2567 de
1986 2547 2036 2568 so-

1077 2579 1231 2609 lennitate
1254 2577 1381 2617 septimi
1405 2576 1467 2607 diei
1491 2576 1628 2614 additur,
1650 2578 1790 2608 maxime
1808 2579 1972 2618 proprium
1987 2584 2037 2611 est

1076 2621 1173 2651 huius
1195 2619 1265 2651 loci.

1785 2670 1835 2697 38*
