2304 3034
166 152 226 183 160

164 245 314 277 eduxistis
335 255 390 276 uos
410 245 442 276 in
465 244 516 276 hoc
538 245 698 281 desertum,
722 245 755 273 ut
780 241 983 279 interficeretis
1000 251 1120 282 cougre-

161 288 314 328 gatiouem
335 287 412 318 hane
432 288 524 326 fame.
569 286 597 317 4.
626 286 653 316 T
652 294 709 316 une
731 285 776 315 ait
799 283 912 314 Ielzova
934 284 975 314 acl
997 283 1121 315 Mosen.-

163 330 254 365 Eeee,
286 341 336 370 eye
361 330 441 361 vobis
463 329 574 369 pluam
598 337 712 367 panem
735 337 749 358 e
771 325 863 363 coelo,
897 328 924 356 et
954 326 1121 366 eyredietur

156 372 301 411 populus,
325 376 351 403 et
373 372 509 411 oolliyem
531 379 681 402 summam
703 369 767 400 diez·
789 368 838 399 die
859 378 923 403 suo,
946 371 980 399 ut
997 369 1120 407 probem

162 425 243 453 eum,
281 415 447 446 ambuletne
477 414 510 444 'iu
546 413 606 452 {eye
642 422 709 442 meu
744 421 785 441 (ιη
820 420 887 441 non.
940 411 968 441 5.
1002 410 1043 441 In
1071 412 1120 442 die

161 460 261 488 autem
283 460 366 488 sexto
382 456 541 496 parabunt
561 455 639 493 quod
671 453 820 492 inferant,
852 456 877 483 et
905 454 963 484 erit
992 453 1119 492 duplum

158 510 237 539 prae
260 511 292 531 eo
315 499 394 538 quod
415 498 551 538 colligent
573 496 714 536 quotidie.
757 496 784 526 6.
810 495 851 525 Et
873 496 953 526 flixit
972 495 1075 526 1110505
1094 499 1120 527 et

160 543 290 574 Aharon
322 543 363 573 ad
398 541 554 571 universos
585 539 666 578 filios
701 538 818 569 Israel:
858 538 985 577 Vespere
1018 538 1119 569 scietis

159 586 238 624 quod
262 584 373 615 10110110-
395 583 533 614 eduaterit
560 592 611 612 vos
633 591 647 611 e
670 584 753 611 terra
782 581 923 620 Aeqypti.
971 581 997 612 7.
1023 580 1119 611 illane

160 630 259 658 autem
276 626 415 658 videbitis
431 625 561 665 yloriam
574 623 710 660 Iehovae,
734 623 808 662 quia
831 624 954 654 audivit
975 633 1119 654 murmur

159 673 290 701 vestrum
320 671 420 700 eontra
451 666 602 698 Ielcoram.
653 665 778 696 Etenim
813 676 868 696 uos
896 666 971 704 quid
1000 676 1116 702 sumus,

158 715 191 743 ut
213 711 408 743 murmuretis
431 711 533 741 contra
552 709 630 739 uos?
663 708 690 738 8.
716 708 759 738 Et
776 708 857 739 (lixit
871 708 990 739 Moses:
1017 710 1117 748 Quum

157 756 272 787 dederit
294 754 375 785 vobis
397 752 507 783 Ielzova
536 762 656 790 vespere
683 761 804 781 earnem
836 751 877 781 (ιᾱ
906 751 1117 782 comedendum

157 801 184 829 et
199 807 313 836 panem
334 806 422 826 mane
443 795 484 825 ad
506 795 707 831 saturitatem,
732 804 769 823 er
787 804 844 832 quo
863 793 984 824 audivit
1004 794 1117 824 Ielzeva

157 839 412 871 murmurationes
441 840 572 874 vestras,
608 836 718 875 quibus
752 837 977 867 murmurastis
1013 839 1117 867 eontra

156 893 231 914 eum,
279 881 358 920 Quid
380 880 484 911 enim?
518 890 576 909 urm
605 881 708 910 contra
740 889 793 910 nos
822 879 1043 910 murmurastis
1064 880 1117 910 sed

155 928 255 957 centra
279 923 430 954 Iehoeam.

240 1010 266 1040 1.
300 1008 456 1047 Profeetsze
486 1010 594 1037 autem.

151 1137 344 1167 multuatum
381 1146 449 1166 esse
491 1142 601 1165 contra
636 1134 741 1165 Deum
777 1140 806 1165 et
842 1134 971 1171 Mosen,
1014 1135 1112 1165 donec

149 1189 223 1210 man
249 1189 367 1209 novum
391 1184 422 1209 et
445 1177 613 1208 insolitum
638 1177 699 1208 eibi
724 1188 826 1217 genus
848 1188 864 1207 e
888 1177 975 1207 coelo
1001 1177 1111 1207 ‹latnm

149 1226 207 1253 est.
253 1221 379 1260 Quibus
409 1228 515 1251 autem
547 1220 710 1251 alimentis
735 1230 767 1250 se
796 1220 918 1250 interea
950 1226 1110 1250 sustenta-

150 1265 255 1295 verint
284 1265 441 1294 ineertnm
474 1268 531 1293 est.

148 1308 298 1347 Aegypto
333 1312 460 1337 tantum
496 1306 617 1336 farinae
652 1305 763 1336 tulisse
797 1305 879 1344 qnod
914 1305 951 1335 ad
989 1305 1108 1335 victum

149 1351 318 1381 sufficeret.
372 1349 454 1379 Mihi
486 1353 593 1378 antem
625 1349 727 1388 magis
759 1347 922 1387 probabile
952 1352 1000 1377 est
1029 1348 1108 1378 alios

147 1393 242 1423 etiam
274 1392 358 1423 cibos
388 1392 487 1421 fuisse
516 1391 710 1421 adiumento.
761 1390 872 1430 Neque
901 1391 987 1420 enim
1019 1396 1108 1421 tanta

147 1440 215 1466 erat
238 1435 405 1474 regionum
430 1445 486 1473 per
516 1445 594 1473 quas
625 1434 822 1463 transierunt
853 1433 999 1470 ariditasy
1029 1434 1104 1472 quin

146 1478 269 1509 fruetus
292 1477 404 1508 saltem
425 1483 454 1507 et
475 1477 590 1507 herbas
611 1476 801 1516 proferrent.
835 1476 906 1506 Imo
926 1487 964 1506 ex
987 1476 1106 1515 praelio

146 1519 179 1550 in
204 1531 264 1560 quo
289 1519 430 1550 devictos
452 1519 550 1550 fuisse
566 1519 758 1549 Amalecitas
782 1519 876 1558 paulo
899 1524 972 1558 post
996 1529 1105 1549 narra-

146 1562 248 1597 bitur,
279 1563 436 1593 coniieere
460 1568 642 1602 promptum
668 1567 713 1592 est
739 1571 802 1592 non
826 1561 935 1601 procul
966 1561 1106 1592 abfuisse

146 1616 164 1636 a
187 1612 272 1636 terra
295 1604 470 1636 habitabili.
518 1604 582 1635 Sed
612 1616 650 1635 ex
682 1615 744 1644 quo
774 1604 903 1644 longius
936 1605 968 1633 in
992 1604 1105 1634 solitu-

146 1647 253 1678 dinem
287 1648 439 1679 abstracti
473 1652 565 1684 sunt,
600 1648 672 1686 quia
702 1647 826 1677 nullum
861 1647 998 1686 amplius
1032 1658 1103 1677 eum

145 1690 259 1721 incolis
283 1697 350 1721 erat
373 1691 617 1727 commercium,
648 1690 751 1729 coepit
773 1700 826 1720 eos
849 1690 952 1720 omnis
977 1700 1104 1720 annona

145 1732 287 1764 deficere.
319 1733 406 1764 Hine
426 1738 517 1763 aucta
536 1733 658 1769 seditio,
678 1733 752 1772 quia
771 1733 870 1762 fames
889 1732 982 1763 solito
1003 1733 1104 1772 magis

145 1776 286 1816 urgebat.

145 1818 250 1849 licebit
283 1818 420 1858 aliquem
455 1824 529 1848 ante
566 1817 664 1849 fuisse
698 1818 732 1848 in
773 1819 886 1849 castris
926 1818 1101 1853 fremitum,

143 1861 242 1892 fames
265 1866 370 1892 tamen
395 1872 475 1901 quae
499 1861 627 1891 demum
649 1861 752 1901 magis
775 1871 890 1900 urgere
914 1871 966 1891 eos
989 1861 1101 1900 coepit,

144 1902 230 1944 (quia
262 1904 294 1934 in
328 1905 423 1935 terris
456 1904 587 1935 incultis
621 1910 652 1933 et
686 1903 840 1943 squalidis
874 1903 1014 1933 terrebat
1048 1914 1101 1933 eos

144 1946 282 1985 undique
303 1946 451 1987 vastitas)
475 1946 620 1977 accendit
642 1946 797 1985 impetum
821 1951 853 1976 et
876 1946 1039 1976 clamores.

227 1989 254 2020 2.
279 1989 320 2020 Et
342 1992 620 2020 mmmuraverunt.
655 1989 728 2019 Non
753 1989 827 2020 dicit
841 1989 949 2019 Moses
973 1994 1098 2019 tantum

143 2030 264 2070 aliquos
287 2043 302 2063 e
326 2032 440 2072 populo
464 2042 697 2062 murmurasse:
731 2031 785 2062 sed
810 2032 977 2062 turmatim
1002 2032 1099 2062 fuisse

143 2073 291 2105 collectos
315 2079 467 2114 tanquam
491 2075 725 2114 conspiratione
749 2075 840 2111 faeta,
867 2074 916 2105 vel
940 2079 1038 2110 certe,
1064 2080 1099 2104 ut

144 2122 235 2146 erant
258 2116 419 2148 distributi
443 2119 475 2148 in
500 2118 661 2148 centurias
685 2122 716 2147 et
739 2117 910 2154 ehiliadas,
935 2127 998 2147 nno
1022 2127 1098 2147 con-
1124 2135 1125 2146 l

144 2168 239 2189 sensu
271 2170 498 2191 murmurasse.
554 2160 749 2199 Quanquam
790 2165 867 2190 nota
907 2160 1098 2190 universalis

143 2201 358 2240 exceptionem
381 2202 536 2233 admittit:
561 2214 601 2233 ne
625 2208 775 2242 putemus
798 2213 910 2233 omnes
934 2202 972 2233 ad
998 2213 1096 2233 11111110

143 2241 175 2271 10
197 2242 256 2274 1100
277 2244 374 2284 impia
396 2250 428 2276 et
450 2246 583 2277 scelesta
607 2245 745 2276 factione
768 2245 867 2276 fuisse
890 2245 1098 2284 comprehen-

144 2294 203 2315 sos.
257 2285 421 2325 Optimum
455 2288 494 2318 ad
527 2288 702 2319 sedandam
740 2289 876 2318 esuriem
919 2288 1096 2318 remedium

144 2333 210 2356 erat
240 2328 341 2359 Deum
374 2330 514 2369 precari,
549 2342 642 2370 quem
677 2331 801 2371 experti
836 2336 929 2360 erant
962 2338 1095 2370 patrem,

143 2368 245 2399 modis
267 2371 412 2402 omnibus
435 2373 629 2411 beneficum,
656 2380 685 2404 et
710 2384 803 2413 quem
828 2373 995 2403 audierant
1020 2374 1095 2404 olim

143 2412 285 2450 patribus
307 2413 374 2443 suis
392 2415 578 2447 mirabiliter
597 2417 808 2456 prospexisse,
833 2427 932 2455 quum
946 2417 1095 2456 Aegyptii

144 2458 175 2483 et
205 2453 326 2485 incolae
355 2460 458 2487 terrae
489 2458 642 2489 Chanaan
672 2459 706 2489 in
734 2459 810 2490 locis
841 2464 906 2489 tam
938 2458 1096 2491 fertilibus

144 2500 174 2525 et
187 2496 300 2535 opimis
319 2497 399 2528 fame
422 2499 628 2532 tabescerent.
660 2501 695 2533 Si
714 2506 840 2532 tantum
860 2502 1005 2541 persuasi
1018 2502 1095 2533 fuis-

144 2544 215 2585 sent
239 2544 354 2569 terram
370 2540 430 2570 Dei
444 2542 660 2574 benedictione
683 2544 873 2575 foecundam
897 2554 976 2579 esse,
999 2544 1094 2575 simul

144 2585 240 2611 etiam
265 2582 402 2613 venisset
423 2584 456 2614 in
478 2591 634 2623 mentem,
668 2587 834 2626 proprium
858 2586 1002 2617 eiusdem
1025 2598 1095 2619 esse

209 152 222 158 ⁷
735 148 1100 181 COMMENTARIUS
1120 149 1169 181 IN
1190 150 1336 182 EXODI
1355 152 1452 184 OAP.
1472 153 1566 185 XVI.

580 1263 738 1293 Divinant
771 1262 899 1302 quidem
930 1272 1037 1292 50011111
1070 1273 1109 1293 ex
1136 1277 1137 1293 1

1136 1300 1137 1320 ³
1163 1309 1396 1348 intemperiem.
1432 1310 1502 1340 Etsi
1526 1310 1714 1341 enimDeus
1739 1312 1893 1351 singulari
1916 1313 2120 1354 indulgentia

1134 1357 1136 1363 ⁴
1162 1351 1267 1381 cibum
1294 1359 1358 1382 tam
1390 1352 1542 1391 improbis
1573 1360 1604 1382 et
1634 1355 1739 1391 pravis
1773 1355 1955 1385 hominihus
1985 1357 2119 1397 largitus

1133 1446 1134 1471 ξ
1162 1437 1263 1467 noluit
1298 1442 1403 1467 tamen
1439 1437 1522 1468 haud

1133 1479 1330 1510 2malitiam:
1371 1480 1426 1510 sed
1461 1491 1559 1520 quum
1589 1481 1766 1520 ignosceret
1799 1492 1909 1512 eornm
1944 1484 2118 1525 ingratitu-

346 1776 417 1807 Etsi
451 1776 535 1806 enim
572 1786 644 1806 mox
680 1786 719 1805 ex
760 1780 912 1806 contextu
953 1775 1130 1820 colligere¹

2078 161 2142 191 ⁷166

1172 254 1290 276 munus
1315 256 1443 285 pascere
1466 247 1645 285 famelicos,
1677 258 1712 280 ac
1742 249 1877 289 proinde
1908 256 1983 282 vota
2012 262 2071 284 sna
2094 254 2137 285 ad

1172 297 1245 316 01101
1270 287 1478 320 direxissent:
1504 300 1590 320 nune
1614 301 1653 321 ex
1678 291 1862 322 turbulento
1885 294 2020 333 strepitu
2044 295 2132 327 dete-

1171 328 1259 368 gitur
1284 341 1394 361 eornm
1423 332 1640 364 incredulitas.
1686 334 1746 364 Est
1776 334 1903 374 quidem
1936 336 1996 367 1100
2025 338 2133 377 prodi-

1171 372 1313 411 giosum,
1333 374 1466 405 miseros
1490 374 1653 412 homines,
1677 387 1755 416 quos
1780 377 1953 408 humiliare
1977 379 2134 412 debuerat

1171 416 1359 451 necessitas,
1390 422 1538 456 proterve
1565 418 1721 449 adversus
1748 418 1855 450 Deum
1886 421 2070 462 insurgere,
2098 428 2132 454 et

1171 456 1286 487 famem
1307 458 1385 489 adeo
1404 470 1468 490 non
1487 461 1615 491 flectere
1635 461 1757 491 animos
1778 462 1816 492 ad
1838 464 2130 503 mansuetudinem,

1170 504 1206 528 ut
1240 501 1344 538 potius
1377 502 1416 532 sit
1451 502 1587 534 ferociae
1622 504 1782 535 stimulus.
1830 504 1894 536 Sed
1929 506 2036 546 impiis
2070 508 2130 539 hoc

1170 541 1266 573 nimis
1291 543 1423 582 vulgare
1454 550 1502 575 est
1532 544 1617 586 (quia
1642 546 1745 576 Deum
1777 546 1837 577 sibi
1862 549 2035 588 propitium
2060 561 2129 582 esse

1171 594 1232 614 non
1257 585 1434 627 confidunt)
1454 587 1607 626 neglectis
1627 589 1774 627 precibus
1795 591 1925 621 confuse
1948 592 2128 632 vociferari,

1170 626 1340 658 maledicta
1364 639 1519 667 evomere,
1543 636 1575 660 et
1598 636 1751 670 tanquam
1777 631 1917 664 rabiosos
1936 644 2041 671 canes,
2066 635 2129 668 hnc

1169 668 1245 699 111110
1275 671 1451 713 impetuose
1483 683 1583 703 ruere.
1637 673 1707 705 Hoc
1737 674 1894 706 Israelitis
1928 677 2065 718 contigit
2093 678 2126 709 in

1169 711 1294 742 deserto
1316 713 1384 744 Sin.
1430 714 1564 745 Obiecta
1587 726 1694 746 rernm
1718 717 1860 747 0111011111]
1885 718 1992 758 inopia
2015 731 2067 751 eos
2086 721 2125 751 ad

1169 764 1202 784 50
1226 755 1316 785 Deus
1336 756 1468 794 invitat,
1494 762 1528 787 ut
1547 758 1687 788 sentiant
1710 759 1777 790 eius
1800 760 1972 798 virtutem,
2000 773 2062 801 qna
2085 774 2126 793 ex

1169 796 1270 827 nihilo
1292 799 1447 829 mundum
1472 801 1607 837 creavit,
1632 812 1693 831 non
1719 812 1813 841 egere
1836 802 1949 834 alienis
1973 805 2125 837 subsidiis

1168 839 1207 869 ad
1232 840 1378 871 homines
1402 841 1540 872 alendosv
1586 844 1683 882 Atqui
1716 843 1895 884 desperatio
1923 856 2039 877 vacuos
2062 848 2124 879 fide

1168 883 1291 913 animos
1328 889 1477 923 occupat,
1518 890 1552 915 nt
1585 885 1653 915 eins
1688 896 1778 925 opem
1815 892 1846 917 et
1879 888 2124 922 beneficentiam

1167 925 1323 956 reiieiant.
1369 926 1479 965 Neque
1502 927 1533 957 id
1558 927 1675 963 50111111,
1704 929 1758 959 5οἀ
1791 930 1973 970 malignitas
2001 942 2124 972 01100110

640 1007 669 1037 N
793 1006 826 1036 M
950 1010 961 1036 t
1083 1013 1094 1037 t
1141 974 1199 1005 ¹et
1229 968 1428 1007 ingratitudo
1457 969 1495 999 ad
1528 970 1718 1010 litigandum
1751 982 1823 1002 eum
1856 973 1946 1004 Mose
1979 974 2123 1015 instigat.

664 1014 760 1037 *ari-at
794 1030 805 1036 1
830 1016 915 1043 0505,
966 1016 1079 1037 ransac
1097 1017 1114 1037 o
1141 1011 1142 1017 ¹

154 1063 216 1083 uno
240 1062 348 1082 mense
376 1050 529 1090 populum
563 1050 687 1080 venisse
712 1050 743 1079 111
769 1049 931 1079 desertum
956 1048 1015 1079 Sin
1040 1059 1113 1088 pro·
1140 1049 1141 1071 l

152 1096 305 1135 pinquum
327 1093 429 1123 monti
453 1092 561 1129 Sinai,
592 1098 623 1123 et
653 1103 751 1131 quum
776 1092 865 1122 cibus
891 1091 1039 1122 deficeret
1065 1098 1112 1122 tn-
1139 1110 1140 1114 =

1139 1143 1140 1146 ’
1165 1137 1290 1168 liberati
1315 1139 1452 1172 fuerant.
1477 1150 1549 1170 51105
1574 1145 1688 1171 vocant
1710 1142 1942 1174 interfectores.

1166 1009 1255 1041 Haec
1275 1012 1491 1050 querimoniae
1508 1023 1634 1043 summa
1653 1018 1709 1049 cst,
1728 1014 1810 1053 quod
1830 1014 1980 1046 abstracti
2001 1017 2124 1048 fuerint

1166 1062 1183 1082 a
1196 1054 1285 1092 copia
1298 1054 1389 1093 panis
1402 1062 1433 1084 et
1445 1056 1599 1092 earnium,
1621 1063 1654 1085 ut
1673 1056 1755 1086 fame
1774 1058 1916 1096 perirent
1934 1059 1966 1089 in
1987 1059 2121 1092 deserto.

1169 1096 1279 1135 ltaque
1304 1097 1416 1127 Mosen
1449 1102 1479 1127 et
1502 1098 1650 1135 Aharon,
1681 1109 1814 1138 qnorum
1846 1111 1943 1131 manu
1970 1108 2001 1132 et
2024 1113 2121 1142 opera

1249 1182 1277 1211 4.
1313 1182 1398 1211 Tune
1428 1183 1472 1213 ait
1503 1182 1614 1213 Ielzoea
1643 1184 1684 1213 ad
1713 1184 1830 1215 Illoseu.
1881 1185 2041 1217 Credibile
2072 1195 2119 1219 est

1165 1223 1265 1254 multa
1284 1225 1434 1255 subticeri
1454 1235 1471 1254 a
1487 1225 1589 1255 Mose:
1613 1226 1686 1264 011111
1709 1232 1959 1258 consentaneum
1978 1240 2041 1259 non
2061 1238 2119 1265 est,

1164 1277 1203 1296 ne
1245 1278 1307 1297 uno
1348 1267 1475 1306 quidem
1519 1268 1615 1298 verbo
1655 1270 1844 1308 castigatam
1880 1271 1977 1302 fuisse
2012 1273 2118 1312 populi

1162 1399 1219 1429 est,
1245 1396 1297 1433 qui
1324 1396 1391 1425 luce
1416 1395 1490 1425 50115
1510 1402 1540 1425 et
1560 1397 1719 1426 communi
1739 1397 1852 1435 spiritu
1874 1398 1998 1438 indigni
2018 1408 2117 1436 erant,

1558 1438 1651 1468 dubie
1692 1439 1819 1469 silentio
1858 1440 1966 1471 fovere
2007 1453 2117 1473 eorum

1160 1522 1235 1558 dini,
1261 1523 1376 1553 acriter
1399 1523 1592 1562 compescuit
1616 1534 1724 1554 eorum
1748 1525 1971 1563 petulantiam.
2009 1528 2117 1559 Moses

1159 1570 1277 1600 autem,
1298 1565 1356 1595 hac
1377 1573 1467 1605 parte
1486 1566 1611 1602 omissa,
1632 1566 1670 1595 ad
1691 1567 1855 1597 historiam
1876 1569 2034 1600 transsilit
2054 1581 2118 1601 me-

1159 1614 1283 1638 moratu
1307 1609 1450 1647 apprime
1474 1608 1612 1648 dignam,
1636 1608 1717 1648 quod
1741 1610 1862 1640 scilieet
1884 1611 2012 1643 coelesti
2034 1624 2117 1652 pane

1158 1650 1275 1680 aluerit
1305 1650 1393 1681 Dens
1424 1652 1576 1681 miserum
1608 1651 1697 1681 illum
1728 1652 1898 1691 populum,
1933 1653 2009 1684 dum
2041 1666 2116 1686 man

1158 1693 1261 1723 instar
1274 1694 1352 1724 roris
1372 1705 1388 1724 e
1410 1694 1547 1724 nubibus
1566 1694 1686 1724 stillare
1700 1694 1781 1725 fecit.
1813 1695 1934 1726 Panem
1946 1697 2115 1729 coelestem

1158 1747 1234 1767 voco
1258 1747 1329 1767 011111
1361 1737 1532 1776 propheta,
1568 1736 1621 1776 0111
1652 1736 1709 1767 1100
1732 1742 1795 1767 tam
1820 1739 1989 1777 magnifico
2013 1740 2115 1781 elogio

1156 1778 1297 1809 celebrat
1320 1778 1418 1819 (Psal.
1444 1779 1492 1813 78,
1516 1779 1578 1817 24),
1601 1784 1629 1809 et
1655 1779 1778 1809 extollit
1791 1780 1851 1810 Dei
1872 1781 2113 1813 beneficentiam

1157 1832 1233 1860 erga
1265 1822 1432 1861 populum,
1465 1832 1499 1852 ae
1529 1823 1555 1852 si
1585 1821 1624 1852 ad
1653 1832 1779 1852 mensas
1810 1824 1971 1862 angelieas
1999 1826 2113 1857 fuisset

1157 1863 1329 1895 adhibitus.
1365 1864 1446 1894 Nam
1468 1864 1593 1895 diverso
1612 1874 1708 1895 sensu
1728 1874 1802 1894 man
1822 1866 1999 1904 spiritualis
2022 1868 2113 1900 cibus

1155 1907 1272 1938 dicitnr
1306 1918 1324 1937 a
1358 1907 1476 1937 Panlo:
1517 1907 1590 1946 quia
1623 1907 1742 1937 scilicet
1776 1912 1871 1947 typus
1906 1914 1973 1939 erat
2006 1911 2111 1942 carnis

1155 1949 1287 1987 Christi,
1311 1960 1391 1989 quae
1411 1950 1534 1979 animas
1554 1954 1678 1980 nostras
1696 1949 1728 1979 in
1749 1960 1837 1988 spem
1858 1954 2007 1982 aeternae
2026 1953 2111 1984 vitae

1154 1993 1255 2032 pascit
1280 1991 1320 2033 (1.
1346 1993 1418 2023 Uor.
1446 1992 1493 2029 io,
1517 1992 1558 2033 3).
1604 1991 1766 2031 Propheta
1789 1999 1895 2023 autem
1919 1996 2109 2034 mysterium

1153 2036 1231 2065 illud
1258 2046 1319 2065 11011
1351 2035 1494 2075 attingit,
1527 2034 1580 2065 sed
1613 2035 1671 2065 hae
1699 2035 1939 2066 circumstantia
1970 2037 2110 2069 traducit

1154 2078 1262 2117 populi
1285 2078 1416 2115 crimen,
1438 2077 1519 2116 quod
1544 2088 1606 2108 non
1628 2076 1718 2107 modo
1741 2077 1826 2107 cibos
1845 2088 1861 2108 e
1882 2084 1966 2108 terra
1984 2080 2109 2119 genitos

1153 2121 1320 2160 respuerit,
1347 2120 1402 2150 sed
1428 2120 1554 2151 fastidio
1578 2121 1672 2150 etiam
1698 2120 1846 2150 habuerit
1869 2131 1983 2160 panem
2006 2122 2106 2160 illum,

1151 2164 1242 2194 cuius
1255 2173 1350 2193 causa
1363 2163 1492 2193 videbat
1511 2162 1613 2193 coelos
1632 2162 1864 2201 quodammodo
1884 2173 1951 2194 esse
1971 2169 2106 2203 apertos.

1152 2205 1216 2237 sed
1241 2206 1279 2236 de
1304 2206 1362 2236 hac
1387 2216 1420 2235 10
1444 2205 1537 2245 paulo
1560 2210 1631 2244 post
1653 2204 1771 2243 aliquid
1802 2205 2011 2244 repetendum
2036 2208 2106 2239 erit.

1151 2249 1247 2279 Nune
1271 2248 1461 2287 pronunciat
1478 2248 1566 2278 Deus
1589 2258 1621 2278 se
1645 2247 1792 2277 daturum
1817 2248 1849 2277 in
1874 2247 1941 2278 dies
1964 2249 2108 2289 singulos

1150 2291 1241 2331 quasi
1265 2291 1470 2329 demensum,
1504 2296 1539 2321 ut
1563 2291 1619 2320 hoc
1643 2289 1735 2320 modo
1758 2289 1869 2329 probet
1892 2291 2106 2323 obedientiam

1150 2334 1259 2373 populi
1282 2334 1341 2364 sui.
1388 2333 1579 2372 Quanquam
1605 2332 1642 2362 de
1674 2332 1731 2362 1100
1762 2338 1921 2371 postremo
1946 2344 2008 2364 non
2034 2345 2105 2366 con-

1150 2377 1294 2407 sentiunt
1312 2377 1516 2415 interpretes:
1537 2376 1610 2415 qnia
1632 2374 1774 2405 nonnulli
1790 2375 1923 2414 perinde
1936 2377 2104 2415 accipiunt,

1150 2430 1185 2450 ac
1209 2419 1235 2449 si
1260 2420 1348 2449 Deus
1372 2419 1507 2458 benigne
1531 2417 1686 2458 pascendo
1710 2416 1888 2454 Israelitas‚
1914 2417 2106 2450 liberalitate

1149 2472 1207 2493 sua
1236 2461 1274 2491 ad
1305 2461 1490 2500 obsequium
1525 2471 1577 2491 eos
1610 2460 1817 2498 astringeret:
1852 2461 1941 2499 quasi
1972 2461 2106 2493 diceret:

1149 2505 1308 2543 Experiar
1349 2505 1454 2534 sintne
1489 2514 1617 2542 prorsus
1657 2501 1823 2540 indociles,
1863 2513 1902 2533 an
1940 2505 2105 2544 morigeri:

1149 2547 1223 2586 quia
1247 2546 1327 2577 nihil
1359 2546 1459 2576 deerit
1493 2545 1531 2575 ad
1566 2546 1651 2584 ipsos
1684 2545 1717 2574 in
1751 2544 1855 2575 officio
1888 2546 2106 2578 continendos.

1149 2589 1216 2620 Alii
1240 2600 1315 2620 vero
1340 2588 1539 2628 restringunt
1561 2587 1600 2618 ad
1631 2587 1736 2619 eibum
1767 2587 2001 2626 quotidianum:
2034 2591 2109 2629 quia

1854 2638 1901 2663 11*
