2304 3034
155 217 175 247 Ν.)

178 217 196 247 0.)

199 216 218 247 02

428 305 542 336 ITEM
561 303 626 335 EX
650 303 781 335 DEUT.
804 302 848 334 X.

243 394 293 424 120.
319 390 464 422 ,selam-am
487 389 592 421 Deum
614 391 702 420 tuum
725 388 854 426 timebis,
877 398 944 419 eum
967 389 1052 425 coles,
1081 390 1123 420 ei-

156 447 214 477 que
237 434 425 467 adhaerebis.

420 602 534 634 ITEM
561 601 621 633 EX
646 602 777 634 DEUT.
799 600 855 632 VI.

241 690 289 721 16.
316 689 389 720 Non
414 689 571 719 tentabitis
590 687 736 719 Ieliovam
759 687 863 718 Deum
883 688 1024 722 restrum,
1048 687 1126 718 sicut

154 733 295 765 tent-*istis
317 733 351 763 in
378 731 482 763 Musa.

239 819 336 849 Dent.
357 818 385 853 ss,
405 817 434 848 4.
482 817 570 847 Audi
597 816 708 847 Israel.
762 815 857 854 Quod
883 815 990 846 Moses
1017 814 1124 846 Deum

154 872 254 893 unum
280 871 349 892 esse
384 861 516 896 asserit
550 870 614 890 non
646 858 685 889 ad
717 859 816 889 solam
849 859 917 889 eius
941 858 1124 894 essentiam,

154 915 236 953 quae
252 885 591 942 incomprehensibilis
611 908 657 933 est
679 902 897 941 restiingitur,
918 901 972 932 sed
987 900 1124 941 intelligi

154 948 250 978 ctiam
277 946 370 976 debet
394 945 432 976 de
461 946 582 976 virtute
606 950 637 975 et
662 945 764 984 gloria
790 955 872 985 quae
896 943 1040 984 populo
1033 954 1124 974 inno-

155 995 270 1021 tuerat
317 988 420 1027 Quasi
445 988 576 1026 diem-,et
601 988 789 1019 delectionis
813 998 885 1018 reos
910 988 975 1017 foie
999 987 1059 1017 nisi
1090 987 1123 1017 in

154 1033 221 1064 solo
245 1032 314 1063 Deo
338 1032 552 1070 acquiescant,
575 1031 628 1071 qui
653 1031 714 1061 sibi
737 1041 791 1061 eos
815 1030 1016 1061 devinxeiat.
1046 1029 1123 1060 Ideo

154 1086 218 1106 non
239 1074 332 1105 modo
346 1074 501 1105 Iehovam
522 1073 681 1114 appellat,
708 1073 763 1104 sed
790 1073 886 1104 simul
907 1072 996 1103 addit
1015 1072 1122 1103 Deum

152 1118 239 1149 illius
263 1117 375 1157 populi
397 1128 491 1157 quem
516 1117 701 1156 alloquitur.
743 1116 794 1147 Ita
817 1126 928 1146 omnes
953 1115 1033 1146 aliae
1056 1115 1122 1145 dei-

153 1166 234 1192 tates
259 1161 292 1191 in
317 1159 453 1190 nihilum
479 1159 682 1200 rediguntur,
705 1163 738 1190 et
760 1158 889 1190 iubetur
912 1158 1050 1198 populus
1073 1159 1122 1188 fu-

152 1214 228 1244 gere
259 1208 291 1233 et
322 1203 475 1233 detestari
507 1202 662 1243 quidquid
692 1214 710 1233 a
741 1213 822 1242 pura
845 1201 909 1232 Dei
938 1202 1122 1241 cognitione

153 1251 277 1277 mentes
301 1245 444 1277 abducit:
476 1246 552 1285 quia
581 1246 639 1276 etsi
669 1245 866 1284 relinquitur
895 1245 923 1275 ei
947 1255 1041 1275 suum
1065 1254 1121 1275 no-

151 1300 235 1326 men,
260 1289 429 1319 maiestate
449 1295 555 1319 tamen
575 1299 633 1319 sua
653 1288 791 1325 exuitur,
815 1287 949 1318 simulac
969 1287 1121 1318 miscetur

152 1333 186 1362 in
200 1331 304 1362 turba.
327 1331 404 1362 Ideo
418 1342 475 1371 per
488 1331 689 1362 Ezechielem
703 1331 753 1367 20,
767 1331 808 1362 39
822 1331 915 1362 dicit:
937 1330 987 1361 Ite
1006 1330 1118 1360 ambu-

151 1375 216 1406 late
240 1375 373 1414 quisque
396 1379 471 1414 post
499 1374 586 1404 idola
610 1380 728 1405 vestra.
775 1374 901 1413 Quibus
925 1373 1032 1404 verbis
1054 1383 1119 1403 non

153 1418 255 1448 solum
280 1417 430 1457 repudiat
455 1427 567 1448 omnes
594 1417 762 1454 mixturas,
785 1416 840 1448 sed
864 1421 1002 1447 testatur
1024 1416 1120 1446 malle

152 1471 186 1492 se
210 1471 267 1500 pro
291 1460 380 1490 nullo
405 1460 477 1491 duci
501 1471 598 1499 quam
622 1470 686 1490 non
710 1460 770 1491 coli
794 1460 826 1490 in
851 1459 1001 1491 solidum.
1031 1458 1120 1491 Scite

151 1508 259 1534 tamen
283 1502 453 1533 orthodoxi
477 1509 585 1542 patres
609 1509 721 1534 contra
745 1503 878 1534 Arrium
901 1502 961 1533 1100
984 1502 1051 1533 1000
1070 1502 1120 1533 1151

152 1553 244 1577 sunt:
266 1546 342 1585 quia
355 1556 455 1585 quum
469 1547 590 1585 passim
605 1546 756 1577 Christus
770 1553 902 1577 vocetur
914 1546 1012 1581 Deus,
1034 1544 1121 1576 haud

154 1589 248 1619 dubie
268 1589 322 1619 ille
341 1595 390 1619 est
409 1588 493 1619 idem
515 1589 637 1620 Iehova
655 1589 709 1628 qui
729 1599 762 1619 se
781 1589 911 1619 unicum
926 1589 1032 1619 Deum
1052 1598 1123 1627 pro-

152 1632 299 1662 nunciat:
331 1632 414 1671 quod
446 1637 478 1662 et
509 1632 548 1662 de
576 1632 692 1671 spiritu
721 1637 831 1663 sancto
861 1631 973 1662 eadem
997 1631 1122 1661 ratione

153 1675 320 1706 asseritur.

240 1718 337 1748 Deut.
359 1718 387 1753 6,
411 1716 459 1748 13.
484 1717 629 1749 Ielzovam
651 1717 755 1748 Deum
777 1720 863 1748 tumn
886 1717 1013 1748 timebis.
1037 1716 1126 1747 Hinc

156 1760 271 1791 melius
302 1760 403 1800 liquet
436 1770 592 1800 quorsum
628 1771 733 1801 nuper
767 1761 886 1791 dixerit,
921 1771 1021 1791 unum
1056 1769 1126 1790 0550

156 1803 274 1839 Deum,
298 1813 415 1842 nempe
439 1810 473 1833 ut
497 1814 582 1834 unus
601 1804 634 1834 in
655 1803 794 1834 solidum
814 1803 948 1834 colatur:
972 1803 1045 1842 quia
1064 1802 1127 1833 nisi

157 1847 189 1877 in
213 1846 283 1886 ipso
307 1846 373 1876 solo
398 1846 522 1876 defixae
545 1847 611 1877 sint
636 1852 770 1884 mentes,
798 1845 990 1876 distrahitur
1012 1846 1046 1876 10
1070 1856 1126 1876 va-

158 1890 222 1919 rias
242 1896 350 1928 partes
370 1889 492 1929 religio,
513 1900 610 1928 quam
631 1889 870 1920 distractionem
886 1900 960 1920 mox
982 1889 1127 1928 sequitur

158 1942 302 1962 errorum
337 1932 552 1971 labyrinthus.
620 1933 732 1963 Primo
766 1939 873 1963 autem
909 1932 1126 1963 reverentiam

159 1975 269 2014 exigit,
297 1974 412 2005 deinde
437 1975 558 2005 cultum
584 1975 638 2014 qui
662 1975 750 2006 illam
776 1981 913 2006 testetur
936 1985 972 2005 ac
996 1974 1126 2005 demon-

160 2022 248 2048 stret.
274 2017 375 2048 Porro
400 2018 497 2048 timor
516 2018 748 2049 subiectionem
768 2019 801 2048 in
821 2029 854 2049 se
873 2018 1025 2053 continet,
1050 2017 1125 2047 dum

160 2071 193 2091 se
216 2060 364 2091 homines
389 2060 458 2091 Deo
482 2060 645 2097 addicunt,
669 2061 744 2101 quia
762 2061 833 2092 illos
856 2062 890 2091 in
909 2061 1056 2091 ordinem
1075 2070 1125 2090 co-

161 2103 207 2143 git
230 2102 441 2134 formidabilis
465 2103 533 2134 eius
557 2104 718 2135 maiestas.
742 2104 829 2136 Hinc
849 2104 994 2135 nascitur
1012 2102 1126 2139 cultus,

160 2146 289 2185 pietatis
313 2146 415 2177 testis.
461 2146 527 2177 Sed
552 2147 730 2177 notandum
750 2151 808 2185 est,
833 2147 980 2178 timorem
1004 2146 1042 2176 de
1065 2155 1126 2185 quo

160 2188 212 2219 hie
240 2189 452 2228 praecipitur,
484 2190 707 2220 voluntarium
736 2200 821 2226 esse,
853 2194 888 2221 ut
919 2189 998 2220 nihil
1023 2188 1127 2227 magis

161 2232 291 2270 cupiant
310 2231 458 2262 homines
482 2243 579 2271 (1111101
599 2232 728 2263 obedire
741 2232 822 2263 Deo.
847 2233 958 2272 Quum
971 2242 1047 2272 ergo
1061 2231 1127 2262 dixi

161 2284 218 2303 nos
244 2286 259 2304 11
283 2274 347 2305 beo
370 2275 429 2305 sub
452 2275 563 2314 iugum
588 2277 657 2315 cogi
691 2277 853 2315 potentiae
876 2281 906 2306 et
930 2274 1127 2315 magnitudi-

161 2317 211 2345 nis
235 2328 310 2347 511110
335 2328 441 2353 sensu,
479 2328 542 2348 non
567 2319 713 2349 intellexi
737 2318 920 2358 extorqueri
950 2318 1126 2348 violentum

161 2366 191 2388 et
216 2360 332 2390 servile
355 2361 561 2400 obsequium:
584 2366 711 2391 tautum
736 2362 840 2392 dicere
864 2361 950 2392 volui
970 2371 1034 2391 uon
1053 2366 1127 2390 ante

162 2401 274 2432 atluluei
300 2414 393 2441 posse
418 2402 565 2434 homines
589 2403 628 2434 ad
653 2405 831 2443 parendum
855 2404 933 2440 Deo,
968 2414 1063 2443 quam
1088 2403 1126 2432 ti-

162 2455 249 2474 mort.¹
284 2445 404 2475 subacti
440 2447 572 2476 fuerint:

163 2571 306 2601 homine>v
334 2574 492 2611 hortetur,

161 2615 246 2652 pouit
275 2616 305 2645 111
331 2617 505 2647 fraenando
531 2619 628 2647 maris
652 2618 790 2657 impetu:
815 2619 866 2658 qui
892 2624 998 2648 tamen
1019 2624 1125 2647 metus

161 2666 253 2687 veros
278 2659 345 2688 eius
369 2659 507 2690 cultores
532 2662 659 2699 longius
684 2661 823 2692 adducit.
870 2661 907 2691 Iu
933 2661 1032 2691 altero
1056 2660 1124 2689 10οο

887 209 1073 241 PRIMUM
1097 209 1418 243 PRAEOEPTUM.

609 2448 682 2485 quia
713 2448 859 2487 ingenita
889 2447 953 2477 illis
983 2445 1126 2486 pravitas
1151 2480 1152 2484 Ἰ

161 2497 287 2526 semper
319 2489 481 2527 religionis
512 2496 733 2529 contemptum
765 2496 796 2520 et
828 2490 988 2521 licentiam
1018 2499 1123 2519 seeum

162 2530 269 2560 trabit.
303 2531 413 2569 ltaque
438 2532 521 2570 apud
547 2532 718 2563 Iomnium
739 2533 830 2570 :222
855 2542 889 2563 ut
913 2533 952 2562 ad
976 2532 1125 2561 timorem
1150 2559 1151 2568 ,

525 2576 702 2605 terribilem
727 2586 818 2606 51111111
844 2575 1019 2614 potentiam
1053 2585 1124 2613 pro-
1150 2584 1151 2589 ¹

1151 2441 1153 2454 1

2079 211 2141 241 264

1175 313 1269 343 quem
1290 314 1328 334 ex
1354 304 1402 335 10.
1423 304 1526 344 capite
1540 304 1673 334 Deuter.
1698 303 1908 340 subiecimus,
1932 302 2140 334 Adhaerendi

1175 347 1309 377 verbum
1336 357 1449 378 rursus
1473 348 1656 381 confirmat,
1687 345 1823 376 simulac
1848 346 1897 376 vel
1928 346 2089 377 tantillum
2122 357 2140 377 a

1175 388 1245 419 Deo
1268 389 1415 421 homines
1446 389 1625 420 deflectunt
1654 388 1762 419 vitiari
1791 388 1860 418 eius
1890 389 2021 420 cultum.
2066 389 2141 420 Huc

1176 432 1263 462 enim
1296 437 1420 472 spectat
1454 432 1638 463 coniunctio
1676 430 1714 461 ad
1756 441 1852 470 quam
1890 441 1964 462 5005
2003 431 2141 462 cultores

1175 479 1271 505 vocat
1294 480 1330 505 ut
1353 476 1379 506 ei
1404 474 1638 515 quodammodo
1662 473 1856 514 agglutinati
1881 484 1941 504 non
1966 474 2141 514 11110105ρί-

1176 517 1271 548 ciant.

1265 560 1359 590 Deut.
1386 560 1483 597 6,16.
1543 559 1614 590 Non
1646 558 1801 589 tentabitis
1834 558 1987 590 Iehovam.
2033 558 2140 597 Quum

1178 602 1257 633 haec
1281 602 1428 633 doctrina
1460 601 1545 633 haud
1575 602 1670 632 dubie
1700 601 1739 631 ad
1772 601 1910 640 primum
1936 607 2141 641 praeceptum

1178 645 1290 676 referri
1303 645 1425 683 debeat,
1445 656 1484 676 ex
1504 655 1540 675 ea
1553 644 1744 684 colligimus,
1765 644 1824 674 hoe
1843 645 2053 684 praecipuum
2073 655 2144 675 0550

1176 692 1273 728 caput
1292 689 1429 728 pietatis,
1450 687 1519 718 Deo
1533 688 1674 718 tribuere
1693 686 1776 726 quod
1796 697 1891 717 suum
1904 692 1960 722 est,
1981 697 2039 718 000
2051 687 2143 727 (1111(1-

1177 741 1272 770 quam
1295 742 1336 761 ex
1360 732 1429 761 iure
1452 730 1534 770 quod
1559 730 1617 761 sibi
1643 729 1800 766 vendicat,
1826 729 2005 761 detrahere.
2037 730 2144 761 Incre-

1178 773 1297 804 dulitas
1320 773 1368 815 (ut
1392 779 1467 804 ante
1491 772 1646 814 vidimus)
1676 773 1746 803 fons
1778 778 1810 803 et
1837 783 1935 804 eausa
1958 773 2145 804 tentationis

1176 816 1237 847 fuit
1267 817 1299 847 in
1324 817 1432 847 Masa:
1464 816 1537 855 quia
1563 826 1662 855 quum
1693 826 1795 855 neque
1826 816 1858 845 in
1887 816 1945 846 Dei
1970 815 2143 855 providen-

1177 859 1255 889 tiam
1291 859 1491 890 recumberet
1521 858 1672 898 populus,
1709 869 1810 898 neque
1848 858 1881 888 in
1910 863 2045 898 paterno
2075 859 2143 889 eius

1177 912 1284 933 amore
1314 903 1546 941 acquiesceret,
1581 901 1687 941 erupit
1711 901 1750 932 ad
1774 901 2017 941 impatientiam,
2047 906 2143 941 atque

1178 945 1240 975 huc
1262 945 1390 975 taudem
1416 945 1564 984 prorupit
1588 949 1623 974 ut
1648 944 1753 974 Deum
1778 943 1838 974 sibi
1861 944 1972 975 adesse
1996 955 2061 975 non
2084 955 2143 984 pu—

1177 992 1258 1017 taret
1293 988 1356 1018 nisi
1391 988 1554 1027 improbae
1587 987 1655 1017 eius
1690 986 1859 1026 cupiditati
1902 987 2142 1035 obsequeretur.

1176 1029 1334 1061 Videmus
1358 1041 1433 1070 ergo
1464 1030 1571 1060 Deum
1598 1040 1661 1060 non
1689 1029 1782 1060 alitei
1812 1036 1897 1060 recte
1920 1030 1979 1060 coli
2004 1030 2063 1060 nisi
2089 1029 2143 1060 ubi

1175 1074 1313 1113 piopiiis
1348 1073 1522 1103 virtutibus
1556 1078 1699 1103 or.natur
1757 1072 1851 1104 Unde
1882 1073 1977 1103 etiam
2009 1077 2143 1112 apparet

1176 1126 1238 1146 non
1263 1127 1355 1156 posse
1379 1127 1396 1146 a
1416 1116 1477 1146 tide
1502 1115 1609 1146 divelli
1635 1126 1744 1146 veram
1770 1115 1939 1155 pietatem:
1962 1116 2037 1155 quia
2060 1115 2086 1146 si
2109 1115 2143 1145 in

1176 1158 1245 1189 Deo
1283 1159 1489 1199 agnoscimus
1523 1158 1664 1189 residere
1698 1158 1852 1198 quidquid
1886 1158 2061 1198 optandum
2096 1162 2145 1188 est

1176 1201 1266 1238 boni,
1297 1202 1404 1232 omnia
1428 1201 1467 1231 111)
1491 1212 1526 1231 eo
1551 1202 1812 1241 exspectabimus
1836 1206 1867 1231 et
1889 1206 2051 1241 petemus:
2087 1211 2144 1241 pa-

1175 1244 1293 1275 tienter
1316 1245 1413 1275 etiam
1438 1250 1469 1274 ct
1493 1244 1604 1284 aequis
1627 1244 1745 1275 animis
1769 1244 1908 1275 feremus
1928 1255 1985 1275 nos
2004 1244 2072 1275 eius
2092 1255 2143 1275 ar-

1176 1286 1269 1317 bitrio
1300 1288 1383 1328 regi:
1414 1287 1552 1326 denique
1578 1297 1636 1318 nos
1660 1293 1692 1318 et
1721 1288 1819 1317 vitam
1850 1292 1993 1318 nostram
2018 1288 2051 1317 in
2074 1287 2144 1318 eius

1175 1340 1308 1360 manum
1334 1330 1507 1361 trademus.

1458 1500 1522 1531 EX
1545 1501 1694 1531 anrr.
1720 1500 1807 1531 XIX
1822 1500 1854 1542 1).

1262 1587 1289 1617 1.
1332 1586 1492 1625 Loquutus
1532 1589 1575 1617 est
1615 1586 1729 1617 Ielzova
1769 1586 1811 1617 ad
1852 1585 1969 1623 Mosen,
2009 1587 2144 1625 dicendo,

1177 1630 1205 1660 2.
1231 1629 1370 1668 Loquere
1393 1629 1434 1659 ad
1447 1629 1626 1660 unirersmn
1639 1631 1750 1660 coetum
1771 1628 1909 1668 filiorum
1922 1629 2033 1668 Israel,
2057 1633 2085 1661 et
2096 1630 2148 1662 dic

1177 1673 1238 1704 eis:
1264 1672 1371 1703 Sancti
1386 1674 1483 1712 estote,
1507 1673 1583 1711 (licia
1602 1682 1653 1711 esso
1673 1674 1798 1703 sanetus
1811 1671 1925 1703 leliova
1939 1672 2027 1704 Deus
2038 1676 2145 1705 vester.

1264 1758 1291 1788 1.
1317 1757 1478 1797 Loquutus
1496 1760 1539 1788 est
1562 1757 1683 1788 Iehom.
1724 1757 1800 1788 Huc
1824 1757 1928 1788 tendit
1952 1758 2144 1796 exhortatio,

1178 1801 1319 1841 primum
1344 1811 1384 1831 ne
1409 1800 1471 1830 Dei
1494 1800 1618 1831 cultum
1653 1801 1832 1831 metiantur
1855 1811 1895 1830 ex
1919 1811 1977 1831 suo
2000 1801 2145 1840 ipsorum

1177 1844 1324 1884 ingenio,
1355 1842 1411 1873 sed
1444 1853 1484 1873 ex
1508 1843 1594 1874 illius
1625 1843 1732 1883 potius
1762 1848 1892 1874 nat-ura:
1925 1844 2040 1874 deiude
2064 1850 2100 1875 ut
2124 1856 2142 1875 a

1178 1886 1285 1917 studio
1321 1886 1472 1925 puritatis
1506 1886 1671 1925 incipiant.
1729 1886 1818 1916 Nihil
1853 1887 1938 1917 enim
1978 1887 2141 1918 difficilius

1178 1939 1273 1969 quam
1297 1928 1444 1959 homines
1468 1939 1585 1959 exuere
1608 1929 1742 1959 affectus
1765 1929 1871 1960 carnis
1901 1935 1935 1959 ut
1959 1939 1992 1960 se
2016 1930 2054 1960 ad
2080 1930 2142 1961 Dei

1178 1972 1390 2002 imitationem
1432 1972 1580 2002 forment.
1636 1971 1687 2002 Ad
1724 1972 1801 2002 haec
1836 1971 1975 2002 libenter
2013 1978 2142 2012 torpent

1177 2015 1209 2045 in
1233 2016 1299 2045 suis
1322 2014 1484 2051 sordibus,
1519 2019 1551 2044 et
1573 2019 1741 2045 externam
1774 2015 1901 2054 pietatis
1932 2015 2069 2054 speciem
2102 2014 2142 2045 ad

1178 2069 1231 2088 eas
1254 2057 1408 2098 tegendas
1432 2057 1620 2087 obtendunt.
1654 2057 1717 2088 Hic
1741 2068 1817 2097 ergo
1840 2057 1879 2087 ad
1903 2057 1965 2088 Dei
1990 2058 2140 2089 imitatio-

1178 2111 1253 2131 nem
1288 2104 1497 2136 revocantur,
1539 2100 1593 2140 qui
1635 2110 1688 2131 eos
1723 2100 1922 2139 adoptando,
1967 2102 2142 2141 imaginem

1178 2154 1269 2175 suam
1293 2148 1421 2184 gestare
1444 2142 1554 2179 voluit,
1585 2143 1678 2174 sicuti
1703 2142 1759 2173 filii
1788 2143 1880 2183 probi
1905 2148 1937 2173 et
1960 2154 2022 2173 non
2047 2143 2142 2184 dege-

1179 2197 1272 2217 neres
1303 2190 1426 2226 patrem
1458 2185 1612 2216 referunt.
1666 2185 1701 2216 Si
1731 2186 1801 2225 quis
1832 2185 1938 2216 Deum
1970 2187 2143 2217 sanctitate

1179 2240 1315 2269 aequare
1339 2229 1478 2265 studeat,
1502 2239 1623 2259 vesana
1646 2229 1707 2258 erit
1729 2229 1909 2259 aemulatio.
1956 2228 2020 2259 Sed
2045 2241 2143 2269 quan-
2163 2246 2165 2249 ·

1179 2283 1274 2312 (11111111
1309 2272 1348 2301 ab
1383 2271 1505 2311 angelis
1540 2282 1665 2310 quoque
1704 2271 1890 2312 longissime
1931 2271 2052 2302 distant
2092 2273 2142 2304 vel

1179 2314 1404 2355 perfectissimi
1441 2314 1576 2353 quique,
1617 2324 1681 2344 non
1724 2319 1832 2344 tamen
1875 2314 1981 2345 obstat
2016 2316 2143 2346 minimi

1179 2359 1333 2396 cuiusque
1364 2357 1566 2387 imbecillitas
1596 2357 1769 2395 quominus
1799 2357 1837 2387 ad
1869 2357 1928 2387 Dei
1957 2358 2142 2398 exemplum

1178 2402 1306 2441 aspiret.
1358 2400 1465 2438 Atque
1489 2399 1527 2429 :ul
1553 2399 1610 2429 hoe
1634 2405 1730 2438 caput.
1751 2400 1916 2439 pertinent
1938 2411 2050 2431 omnes
2072 2412 2143 2431 eae-

1177 2443 1340 2474 10010111110
1364 2443 1480 2481 quibus
1505 2448 1644 2472 veterem
1670 2444 1821 2481 populum
1848 2443 1935 2473 Deus
1959 2443 1997 2474 ad
2028 2445 2144 2475 sancti-

1178 2492 1275 2516 tatem
1300 2486 1452 2519 exercuit,
1479 2490 1515 2515 ut
1539 2490 1648 2525 postea
1670 2485 1837 2516 videbitur.
1862 2486 1932 2516 Etsi
1953 2492 2143 2517 autemnon

1177 2528 1275 2559 semel
1300 2529 1439 2558 occurrit
1465 2528 1543 2558 111100
1567 2529 1742 2564 sententia,
1774 2529 1849 2568 quia
1881 2536 1988 2560 tumcu
2024 2529 2056 2559 111
2080 2530 2143 2560 11115

1214 2666 1238 2690 Η.
1265 2631 1290 2660 1)
1312 2631 1382 2655 1100(-
1408 2630 1532 2663 pericopa
1557 2631 1634 2655 abt-st
1661 2631 1694 2654 ab
1720 2631 1767 2656 1311.
1790 2631 1855 2655 1:303
1876 2632 1919 2656 lat.
1949 2640 2001 2657 non
2020 2635 2109 2657 autem
2129 2640 2146 2657 a

1178 2675 1209 2698 gxi
1234 2674 1280 2690 ica.
