2304 3034
151 173 209 204 157

146 267 306 308 maym'fice
328 267 434 298 attulit
448 267 486 308 1).·
508 277 617 306 equum
642 269 667 297 et
690 275 878 297 ascensorem
903 265 971 295 eius
983 265 1114 303 proiecit

146 311 181 341 ‘in
204 320 298 341 mare.
340 310 368 340 2.
394 309 554 341 Fortitudo
576 320 642 340 mea
665 311 692 340 et
713 309 862 339 canticum
884 307 982 343 Deus,
1005 309 1032 337 et
1052 307 1114 345 fuit

147 352 225 384 mim
248 353 281 382 sin
304 353 442 383 salutem.
488 352 551 383 Hic
579 351 666 382 Deus
695 361 780 381 meus
803 353 829 380 et
862 348 1005 380 decorabo
1030 359 1114 379 eum:

148 395 237 428 Deus
264 395 370 433 patris
402 395 470 432 mei,
504 397 530 425 et
559 393 699 424 extollam
731 403 807 423 eum.
859 392 887 422 3.
919 391 1032 422 Iehova
1066 393 1114 422 vir

148 438 322 468 bellicosus.-
346 437 456 468 Jelzova
477 447 580 467 nomen
604 436 678 466 eius.
724 435 752 465 4.
784 434 902 465 Currus
935 434 1114 465 Pharaonis

148 483 173 511 et
192 480 355 511 ererc'itum
376 480 443 510 eius
458 479 589 517 proiecit
611 478 642 508 ‘in
667 487 766 508 mare:
788 480 815 507 et
832 476 913 507 electi
936 477 1029 507 duces
1048 477 1113 507 eius

148 523 279 554 demersi
307 524 379 552 sunt
409 522 439 551 in
468 521 550 551 mari
581 520 675 559 Suph.

149 575 216 596 eos:
239 564 454 596 descenderunt
471 564 504 594 in
522 562 691 602 profunda,
716 563 807 601 qnasi
830 561 921 600 lastis.
974 562 1002 592 6.
1030 561 1112 591 Dex—

149 610 215 638 tera
237 610 290 637 tua
312 605 423 637 Ielzora
445 605 583 636 ‹urceZZm't
604 604 801 643 fortitudine,
833 605 957 634 dextera
986 607 1038 634 tem
1064 603 1111 634 Ie-

149 650 224 681 hova
246 649 336 688 freyit
357 648 525 678 inimicum.
573 647 599 677 7.
619 646 660 677 Et
684 647 716 677 in
740 647 950 687 magnitudine
972 647 1112 686 wiaynifi-

149 693 263 724 carniae
284 694 354 721 tuae
375 690 547 720 subvertisti
564 690 757 729 insumentes
779 692 882 720 contra
905 692 940 720 te.
991 689 1111 720 Misisti

147 735 297 774 furorem,
344 733 530 771 consumpsit
569 742 620 763 eos
660 732 751 770 (suasi
784 732 940 770 stipulam.
998 733 1025 763 S.
1069 731 1111 762 Et

140 788 202 817 per
233 776 342 814 flatum
375 775 499 806 uarium
533 777 658 805 tuarum
691 778 880 805 coacervatae
903 777 974 805 sunt
1002 785 1109 813 aquae,

146 821 287 851 steterunt
306 818 421 855 fluenta
445 818 535 847 sicuti
558 826 701 848 acervus:
730 817 906 857 coagszclatae
928 821 999 848 sunt
1022 827 1110 848 rora-

144 863 233 903 ,qines
257 861 285 891 in
310 860 395 890 corde
417 860 524 890 maris.
570 860 598 890 9.
625 860 761 889 Diserat
783 860 893 890 hostis:
919 859 1107 899 Persequar,

146 902 380 944 apprehendam,
403 901 541 932 dic-idam
563 902 678 943 spolia,
710 902 887 940 'implebitur
910 902 975 933 illis
1002 903 1107 933 (mima

144 957 220 984 mea,
243 955 379 976 exserant
390 945 539 984 yladium,
558 945 666 984 perdet
678 954 726 975 eos
744 955 943 975 manusmea.
970 946 1018 976 10.
1034 945 1067 975 F
1068 945 1111 976 la-

144 989 217 1021 visti
238 990 320 1019 vento
343 990 400 1024 tuo,
424 988 542 1026 operuit
571 997 620 1018 eos
643 997 742 1023 πων-6,
766 987 897 1019 demersi
925 991 996 1019 sunt
1018 988 1110 1027 quasi

138 1031 299 1072 plumbum
322 1030 354 1060 in
377 1030 468 1068 aquis
493 1029 613 1060 validis.

230 1117 257 1146 1.
285 1115 370 1146 Tunc
388 1115 493 1146 cecinit
512 1115 623 1145 llloses.
670 1114 841 1146 Canticum
867 1115 926 1147 hoe
950 1127 1013 1146 nou
1039 1121 1107 1146 tan-

144 1163 211 1190 tum
236 1159 268 1189 in
289 1157 509 1188 testimonium
529 1168 606 1188 suae
625 1157 834 1197 gratitudinis
854 1159 969 1189 adiecit
989 1159 1107 1195 Moses,

143 1202 198 1234 sed
239 1201 335 1232 etiam
371 1200 410 1230 ad
456 1200 733 1231 confirmationem
770 1200 931 1232 historiae.
995 1201 1107 1241 Neque

142 1245 228 1276 enim
253 1243 407 1274 Israelitis
431 1242 565 1273 dietavit
589 1242 672 1282 quod
697 1248 849 1274 canerent
875 1244 912 1274 de
942 1255 974 1274 re
998 1244 1104 1284 incog-

141 1287 221 1323 nita,
255 1286 310 1317 sed
334 1296 387 1316 eos
411 1290 563 1324 tanquam
589 1292 687 1316 testes
718 1286 860 1317 oculatos
891 1287 1044 1326 produxit
1075 1288 1105 1317 in

141 1329 300 1361 medium:
331 1335 365 1359 ut
398 1328 517 1359 scirent
547 1339 657 1359 omnes
688 1334 808 1359 aetates
839 1329 917 1359 nihil
950 1329 1107 1360 hactenus

142 1373 241 1404 fuisse
261 1372 417 1411 scriptum
437 1371 519 1410 quod
541 1382 603 1401 non
626 1382 688 1401 uuo
707 1382 866 1402 consensu
878 1372 985 1412 palam
1006 1372 1108 1403 deela-

142 1414 288 1446 raverint
311 1418 462 1445 sexcenta
489 1413 632 1444 virorum
656 1413 775 1451 millia,
807 1419 838 1445 et
868 1415 965 1446 simul
996 1426 1107 1446 eorum

143 1468 259 1488 uxores
284 1468 319 1488 ae
343 1456 436 1487 filiae.
461 1456 602 1487 Praeivit
628 1467 705 1497 ergo
728 1457 837 1488 Moses
862 1468 918 1497 pro
941 1458 1037 1489 officii
1058 1458 1106 1489 sui

142 1501 277 1538 ratione,
301 1498 354 1530 sed
378 1499 494 1538 populo
518 1499 704 1530 succinente
728 1505 864 1540 sequuta
884 1506 932 1531 est
951 1500 1105 1541 approba-

142 1543 188 1574 tio
211 1542 298 1573 omni
329 1542 517 1582 exceptione
546 1542 657 1573 maior.
704 1542 830 1581 Quibus
863 1544 947 1573 enim
977 1543 1107 1574 mentiti

141 1590 261 1622 essent,
281 1595 380 1625 quum
401 1584 453 1615 alii
474 1584 544 1615 aliis
563 1590 671 1615 essent
691 1588 797 1623 testes,
819 1585 858 1616 ad
875 1586 980 1617 nullos
1000 1591 1106 1617 autem

143 1633 270 1659 exteros
304 1627 488 1667 perveniret
523 1627 675 1658 carmen?
721 1628 769 1659 Ac
800 1628 929 1659 videtur
957 1629 1105 1660 fiduciam

142 1676 254 1702 notare
273 1671 380 1701 Moses
404 1669 555 1701 hebraica
578 1670 785 1710 repetitione,
810 1671 959 1702 dicendo:
1004 1671 1106 1702 Dixe-

141 1718 228 1745 runt.
254 1714 300 1744 Ac
320 1723 355 1743 eo
375 1712 447 1752 plus
466 1713 539 1743 fidei
560 1718 702 1744 meretur
721 1714 876 1745 confessio
895 1714 1039 1745 omnium
1053 1725 1107 1745 ore

142 1757 238 1795 edita⁷
261 1756 335 1796 quia
357 1755 451 1795 paulo
475 1761 545 1795 post
564 1757 667 1786 maior
685 1767 759 1796 pars
779 1755 818 1787 ad
838 1756 1106 1798 ingratitudinem

142 1799 289 1839 prolapsa
313 1804 370 1829 est.
423 1798 516 1829 Unde
547 1799 709 1839 colligitur
732 1800 861 1830 nonnisi
885 1804 1012 1831 coactos
1036 1800 1107 1831 Deo

143 1841 279 1882 gloriam
306 1840 440 1871 dedisse.
475 1841 546 1872 Etsi
571 1848 681 1872 autem
704 1842 811 1873 Moses
835 1847 927 1873 autor
950 1843 1009 1873 fuit
1033 1853 1105 1874 ean-

143 1885 213 1921 tici,
238 1895 303 1915 non
328 1888 435 1914 tamen
467 1884 499 1914 in
531 1894 588 1914 sua
613 1894 747 1924 persona
772 1885 849 1916 dicit
876 1886 1027 1916 cantabo:
1052 1885 1106 1917 sed

142 1928 290 1958 omnibus
320 1926 505 1966 praeseribit
530 1926 604 1966 quid
630 1927 765 1967 quisque
788 1938 930 1959 seorsum
962 1939 1019 1968 pro
1049 1939 1107 1959 sua

142 1969 227 2000 virili
251 1979 347 2009 agere
371 1968 493 2000 debeat.

228 2012 257 2043 2.
285 2011 454 2042 Fortitudo,
507 2011 578 2043 Hac
611 2022 687 2043 voce
717 2013 859 2044 fatentur
890 2012 948 2045 sibi
979 2014 1011 2043 in
1036 2013 1106 2044 Deo

143 2055 221 2086 satis
242 2053 378 2085 validam
400 2055 496 2085 fuisse
510 2055 738 2086 munitionem:
759 2060 871 2095 postea
884 2055 1018 2095 addunt,
1039 2057 1107 2087 eius

144 2098 281 2138 gratiam
305 2097 364 2128 sibi
388 2097 504 2128 iustam
528 2108 598 2128 esse
621 2099 789 2129 materiam
813 2099 927 2129 laudis.
969 2098 1106 2130 Summa

145 2145 201 2177 est,
225 2140 323 2171 fuisse
347 2141 378 2170 in
403 2139 473 2171 Deo
497 2140 606 2177 fortes,
631 2151 695 2171 non
719 2146 827 2172 autem
851 2141 981 2182 proprio
1005 2147 1107 2172 niarte

145 2182 252 2214 hostes
285 2183 416 2214 vicisse:
451 2182 583 2222 ideoque
618 2184 707 2214 nefas
742 2194 810 2215 esse
845 2184 920 2215 alibi
950 2195 1043 2224 quam
1074 2185 1106 2215 in

147 2224 217 2255 Deo
240 2225 305 2255 solo
329 2225 469 2266 gloriari.
512 2225 699 2256 Notandum
723 2232 828 2257 autem
854 2232 911 2263 est,
931 2226 992 2258 Dei
1017 2228 1105 2258 auxi-

147 2266 224 2297 lium
254 2267 403 2308 coniungi
433 2278 505 2299 eum
536 2269 605 2299 eius
628 2269 738 2300 laude:
774 2269 849 2309 quia
871 2270 1015 2301 omnium
1040 2271 1108 2301 eius

148 2309 373 2340 beneficiorum
404 2311 455 2342 liic
485 2316 531 2342 est
556 2311 629 2342 finis
654 2317 686 2342 ut
711 2317 873 2352 acceptam
899 2312 944 2343 illi
969 2313 1108 2344 feramus

149 2356 290 2382 nostram
321 2352 471 2383 salutem:
506 2353 589 2393 quod
623 2354 719 2385 etiam
744 2355 838 2385 tertio
869 2355 936 2386 loco
966 2356 1107 2395 ponitur.

148 2393 353 2424 Tantundem
388 2395 473 2425 enim
508 2396 593 2427 valet
627 2397 732 2427 Deum
768 2397 867 2428 fuisse
898 2398 929 2428 in
961 2399 1108 2435 salutem,

149 2442 244 2476 atque
264 2436 418 2476 populum
441 2438 509 2469 eius
529 2439 632 2478 gratia
651 2440 775 2471 salvum
796 2451 874 2471 esse.
905 2440 945 2471 In
969 2442 1109 2473 secundo

148 2478 293 2510 membro
323 2484 370 2509 est
393 2480 563 2512 antithesis
592 2481 676 2512 inter
706 2493 819 2514 verum
850 2482 956 2514 Deum
987 2490 1017 2515 et
1041 2495 1108 2515 6111-

218 2615 245 2647 1)
266 2614 298 2639 Ιιι
319 2615 451 2646 margine:
469 2614 549 2640 Hebr.
570 2615 764 2649 Magnificando
784 2620 964 2649 magnificatus
983 2624 1031 2644 est.

720 171 1082 204 COMMENTARIUS
1106 171 1154 201 IN
1178 171 1325 202 EXODI
1349 173 1446 205 CAP.
1470 174 1544 205 XV.

725 520 753 550 5.
785 519 903 559 Abyssi
932 521 1114 559 operuerunt
1137 521 1138 528 ¹

2070 177 2127 208 158

1166 275 1222 295 nes
1261 267 1399 298 fictitios.
1456 268 1650 308 Emphatica
1683 269 1768 299 enim
1803 273 1852 300 est
1886 269 2127 301 demonstratio.

1165 306 1224 338 Hic
1258 313 1305 339 est
1337 310 1425 341 Deus
1458 321 1565 349 meus,
1594 321 1655 351 qua
1686 311 1828 343 excludit
1861 312 1968 343 Moses
1999 322 2127 342 omnem

1165 350 1259 380 aliam
1285 351 1414 383 deorum
1441 354 1578 391 turbam,
1603 364 1685 393 quae
1708 354 1826 393 passim
1850 358 1925 385 tunc
1951 355 1983 384 iu
2007 354 2128 385 mundo

1164 392 1338 424 colebatur.
1384 395 1506 426 Eodem
1538 407 1633 427 sensu
1662 396 1764 433 addit,
1794 396 1899 427 Deum
1935 407 2003 428 esse
2026 397 2128 437 patris

1164 436 1226 465 sui:
1259 446 1321 475 qua
1351 447 1428 468 voce
1460 438 1610 469 Abrahae
1642 439 1720 470 fides
1743 439 1939 470 discernitur
1962 449 1979 469 a
2003 439 2127 471 cunctis

1164 478 1310 517 gentium
1335 480 1628 519 superstitionibus.
1664 482 1812 521 Denique
1835 482 2027 522 pronunciat
2049 482 2126 513 fide-

1165 520 1210 550 les
1243 520 1303 551 sibi
1339 527 1442 552 tutum
1478 534 1547 554 6556
1582 524 1781 563 acquiescere
1812 524 1845 555 iu
1879 535 1944 555 uno
1978 525 2062 561 Deo,
2097 528 2128 556 et

1163 573 1235 592 eum
1266 574 1334 594 esse
1366 564 1496 604 dignum
1529 567 1619 597 cuius
1642 566 1753 598 laudes
1776 567 1987 598 celebrentur.
2032 567 2127 598 Hanc

1163 605 1298 644 figuram
1323 607 1466 638 imitatus
1486 612 1534 638 est
1546 608 1647 640 Isaias
1665 620 1732 649 cap.
1753 609 1851 647 25,9:
1887 610 1971 641 Ecce
1994 610 2054 640 iste
2078 614 2126 640 est

1162 648 1252 678 Deus
1277 654 1399 680 noster:
1431 652 1690 690 exspectavimus
1714 662 1802 690 eum,
1838 656 1869 682 et
1892 652 2035 683 servabit
2059 663 2125 683 nos.

1162 690 1226 721 Hic
1250 690 1385 728 Ieliom,
1416 694 1677 732 exspectavimus
1707 705 1790 725 eum.
1837 694 1959 725 Eodem
1984 695 2126 734 pertinet

1162 733 1246 772 quod
1271 734 1415 772 sequitur
1439 736 1584 774 proximo
1610 747 1715 775 versu,
1747 737 1900 767 Iehovam
1925 747 1994 768 6556
2018 738 2125 768 virum

1162 775 1246 806 belli,
1288 776 1358 807 Etsi
1384 778 1467 807 enim
1493 779 1595 817 primo
1619 779 1738 809 intuitu
1765 789 1877 819 aspera
1901 784 1950 810 est
1972 780 2124 819 loquutio,

1162 819 1267 858 gratia
1287 825 1393 849 tamen
1414 830 1477 850 non
1490 826 1588 857 caret,
1613 822 1716 852 Deum
1737 822 1847 852 ornari
1866 822 1999 853 militari
2013 822 2124 853 habitu

1162 866 1195 890 ut
1227 862 1377 902 confligat
1407 873 1477 893 cum
1513 863 1662 894 omnibus
1685 864 1824 895 hostium
1844 865 1952 904 copiis.
1998 865 2124 895 Nomen

1162 914 1239 943 ergo
1256 903 1394 935 Iehovae
1414 904 1489 935 dicit
1503 905 1610 936 Moses
1631 907 1660 936 iu
1687 908 1791 946 ipsum
1812 907 1915 938 solum
1929 912 2121 948 competere:

1162 946 1236 985 quia
1256 946 1373 977 suffieit
1398 948 1465 977 61115
1490 958 1603 979 manus
1623 949 1661 979 ad
1681 949 1950 989 prosternendum
1970 949 2125 990 quidquid

1162 994 1273 1019 contra
1304 990 1451 1029 instugit.

1245 1031 1273 1061 4.
1301 1031 1421 1062 Currus
1446 1032 1631 1064 Pharaonis.
1680 1034 1740 1065 His
1760 1034 1866 1065 verbis
1886 1039 2012 1065 tantum
2037 1045 2123 1065 asse-

1134 1113 1135 1119 *
1161 1084 1230 1104 rere
1256 1074 1356 1104 voluit
1388 1075 1494 1105 Moses
1526 1086 1588 1106 11611
1619 1077 1788 1107 obscurum
1814 1077 1910 1108 fuisse
1942 1077 2002 1108 Dei
2034 1088 2122 1117 opus,

1133 1151 1135 1159 Δ
1160 1117 1244 1156 quod
1269 1117 1455 1147 submersus
1479 1123 1560 1148 esset
1585 1119 1722 1150 Pharao.
1762 1119 1875 1159 Itaque
1900 1130 1967 1150 ren]
1991 1126 2124 1160 gestam,

1159 1170 1252 1198 quam
1278 1159 1466 1199 simpliciter
1489 1161 1577 1200 prius
1597 1162 1751 1201 narravit,
1775 1162 1932 1193 coloribus
1952 1173 2038 1194 nunc
2050 1162 2123 1193 illu-

1160 1208 1257 1232 strat:
1287 1203 1379 1233 sicuti
1406 1201 1479 1233 duni
1509 1204 1666 1242 lapidibus
1695 1210 1725 1233 et
1750 1204 1881 1244 plumbo
1913 1206 2033 1235 confert
2059 1206 2123 1236 Ae-

1160 1244 1305 1284 gyptios:
1333 1246 1421 1284 quasi
1449 1245 1569 1276 diceret
1596 1246 1748 1286 impulsos
1779 1247 1877 1278 fuisse
1898 1247 2037 1278 violenta
2060 1247 2123 1279 Dei

1160 1298 1259 1318 manu
1278 1287 1311 1317 in
1326 1288 1529 1327 profundum,
1550 1294 1583 1319 ut
1604 1289 1692 1320 nulla
1711 1295 1792 1320 esset
1813 1290 1963 1320 enatandi
1988 1290 2123 1329 agilitas.

1162 1330 1231 1361 Hae
1252 1330 1376 1361 ratione
1396 1331 1443 1361 bis
1458 1332 1572 1370 repetit
1585 1332 1645 1362 Dei
1659 1332 1817 1369 dextram,
1836 1342 1872 1363 ac
1885 1334 1910 1363 si
1928 1333 2047 1364 diceret
2059 1344 2123 1364 non

1161 1383 1253 1412 posse
1286 1373 1349 1403 tale
1378 1374 1567 1405 miraculum
1607 1374 1652 1405 vel
1686 1374 1833 1406 fortunae
1868 1375 1920 1405 vel
1954 1375 2124 1406 hominum

1161 1415 1340 1446 indust-riae
1381 1415 1527 1447 adscribi.
1590 1417 1773 1448 Notandum
1813 1421 1920 1448 autem
1955 1422 2004 1449 est
2039 1417 2123 1458 quod

1161 1458 1256 1498 paulo
1292 1463 1361 1498 post
1403 1458 1505 1489 addit:
1551 1459 1728 1500 Aegyptios
1762 1459 1978 1491 insurrexisse
2011 1465 2123 1492 contra

1161 1501 1283 1532 Deum:
1320 1502 1391 1540 quia
1427 1502 1494 1532 eius
1524 1503 1639 1542 populo
1670 1502 1787 1533 iniuste
1820 1502 1948 1533 molesti
1984 1503 2121 1533 fuerant.

1161 1543 1256 1575 Unde
1280 1544 1468 1583 colligimus,
1490 1543 1551 1574 Dei
1572 1555 1689 1575 numen
1715 1545 1827 1576 violari
1851 1545 1889 1576 ab
1913 1546 2020 1585 impiis
2044 1556 2121 1585 quo—

1161 1587 1220 1616 ties
1253 1587 1418 1626 impetitur
1452 1587 1599 1624 ecclesia,
1629 1588 1717 1618 6111115
1751 1588 1884 1618 salutem
1918 1588 1980 1618 fide
2010 1599 2068 1619 sua
2091 1591 2122 1619 et

1161 1629 1338 1669 patrocinio
1362 1629 1511 1659 tuendam
1537 1630 1685 1669 suscepit.
1737 1630 1837 1660 Porro
1861 1629 1939 1660 haec
1963 1630 2024 1661 duo
2047 1641 2120 1662 cou-

1160 1672 1295 1703 iunctim
1317 1671 1449 1712 legenda
1470 1677 1555 1703 sunt.
1580 1672 1698 1703 Misisti
1720 1673 1868 1709 furorem,
1889 1677 1919 1702 et
1940 1673 2121 1712 perflatum

1160 1715 1287 1745 narium
1312 1719 1439 1745 tuarum
1467 1721 1672 1746 coacervatae
1700 1719 1774 1745 sunt
1797 1725 1906 1754 aquae.
1953 1714 2123 1756 Significat

1160 1757 1245 1788 enim
1267 1757 1381 1793 Deum,
1404 1758 1498 1787 nu'lis
1519 1757 1670 1787 adhibitis
1690 1757 1857 1796 machinis,
1879 1757 1934 1789 sed
1954 1759 2021 1789 solo
2041 1764 2122 1789 nutu

1160 1806 1191 1831 et
1215 1801 1280 1830 irae
1300 1811 1374 1830 suae
1396 1800 1487 1839 signo
1507 1801 1659 1831 stravisse
1674 1800 1790 1831 hostes.

1245 1842 1273 1873 9.
1298 1842 1431 1873 Dim-at
1453 1843 1556 1873 hostis.
1581 1843 1653 1873 Non
1678 1848 1803 1873 tantum
1828 1843 2007 1873 insultandi
2026 1853 2121 1875 eausa

1160 1885 1257 1916 refert
1282 1884 1460 1915 Pharaonis
1485 1886 1677 1922 iactantiam,
1703 1885 1756 1916 sed
1781 1891 1815 1916 ut
1838 1885 2028 1916 miraculum
2053 1897 2120 1917 am-

1159 1929 1290 1968 plificet:
1317 1929 1388 1967 quia
1414 1928 1501 1958 Deus
1526 1928 1633 1967 lupum
1658 1928 1793 1967 praedae
1817 1927 1996 1958 inhiantem
2021 1929 2119 1959 exitio

1159 1970 1336 2002 tradiderit.
1375 1970 1454 2001 Plus
1481 1976 1586 2001 autem
1611 1970 1763 2010 ponderis
1789 1970 1883 2001 habet
1907 1971 2017 2008 oratio,
2042 1971 2119 2002 dum

1160 2014 1338 2055 Aegyptios
1363 2012 1485 2044 inducit
1509 2013 1682 2053 loquentes,
1713 2023 1806 2052 quam
1831 2013 1856 2043 si
1880 2023 1989 2043 eorum
2014 2014 2119 2045 consi-

1159 2057 1201 2087 lia
1225 2056 1331 2087 verbis
1355 2057 1557 2095 exprimeret.
1602 2056 1683 2086 Nam
1712 2056 1757 2085 ita
1788 2055 1903 2085 melius
1933 2056 1964 2086 in
1995 2056 2120 2088 animos

1158 2103 1304 2140 penetrat
1329 2098 1485 2129 mirabilis
1507 2098 1719 2138 catastrophe,
1744 2098 1817 2128 dum
1843 2098 2004 2138 Aegyptii,
2029 2099 2120 2138 quasi

1159 2143 1191 2173 iu
1217 2142 1380 2172 theatrum
1403 2141 1558 2181 producti,
1584 2152 1644 2171 nou
1671 2145 1793 2171 tantum
1819 2141 2007 2171 ebnocinant
2028 2152 2117 2172 suam

1160 2185 1344 2220 victoriani,
1375 2184 1429 2215 sed
1465 2183 1639 2215 insolenter
1673 2183 1789 2214 fastum
1814 2193 1908 2214 suum
1932 2189 1962 2213 et
1984 2183 2119 2215 crudeli—

1161 2233 1259 2259 tatem
1284 2227 1404 2257 efflant.
1451 2227 1523 2256 Δ11011
1555 2236 1629 2257 vero
1655 2225 1693 2256 ab
1722 2225 1823 2255 altera
1856 2230 1947 2265 parte
1970 2227 2119 2265 produci-

1160 2276 1214 2301 tur
1237 2271 1342 2306 Deus,
1376 2269 1429 2309 qui
1454 2269 1518 2300 solo
1542 2269 1619 2299 flatu
1644 2268 1819 2299 terribilem
1842 2268 1929 2298 illam
1953 2268 2120 2300 audaciam

1162 2313 1303 2345 discutit.
1357 2311 1450 2343 Unde
1483 2312 1566 2342 euim
1592 2316 1680 2341 tanta
1704 2311 1875 2351 Aegyptiis
1898 2311 2061 2349 securitas,
2085 2316 2121 2342 ut

1160 2356 1219 2387 sibi
1244 2355 1470 2395 promitterent
1494 2355 1694 2384 saturitatem
1725 2364 1763 2383 ex
1789 2353 1916 2393 spoliis,
1947 2364 2003 2384 uec
2027 2360 2119 2393 puta-

1161 2404 1234 2430 rent
1266 2398 1324 2428 sibi
1359 2397 1443 2428 aliud
1479 2398 1544 2427 fore
1578 2396 1695 2436 negotii
1730 2396 1762 2426 in
1787 2395 1962 2435 iugulando
1993 2396 2120 2436 populo,

1161 2452 1254 2481 quam
1279 2440 1457 2470 exserendo
1481 2439 1618 2479 gladios:
1654 2438 1715 2468 nisi
1746 2438 1831 2478 quod
1854 2438 1973 2478 optime
2004 2439 2121 2470 armati

1161 2488 1253 2515 erant
1277 2488 1386 2513 contra
1418 2482 1576 2513 imbellem
1602 2480 1750 2511 turbam?
1796 2481 1882 2511 Hinc
1908 2491 1983 2521 ergo
2002 2481 2120 2513 clarius

1161 2527 1277 2558 enituit
1289 2525 1351 2555 Dei
1372 2525 1520 2564 potentia,
1546 2524 1627 2563 quod
1649 2523 1738 2554 venti
1761 2523 1884 2563 impetu
1908 2533 1962 2554 665
1981 2534 1997 2554 6
2017 2524 2120 2555 medio

1161 2569 1303 2601 sustulit.
