2304 3034
163 174 222 204 511

162 269 210 300 bis
241 267 416 302 significat,
448 272 523 294 tunc
554 274 610 293 nos
641 266 751 302 gratas
776 262 845 292 Deo
876 271 946 292 esse
977 261 1125 291 victimas

163 311 218 342 ubi
247 301 357 340 sumus
386 309 459 347 igue
482 306 672 336 examinati:
698 310 729 335 et
753 304 837 335 hanc
860 314 929 334 esse
953 303 1029 334 salis
1053 313 1126 334 con-

164 354 313 387 dituram,
333 350 385 381 ubi
404 358 477 380 caro
497 354 607 379 nostra
626 358 699 378 cum
718 347 784 378 suis
804 346 1008 387 cupiditabus
1028 346 1125 385 probe

163 400 324 427 macerata
353 391 459 422 fuerit.
505 391 634 421 Interea
662 390 764 420 fixum
792 389 871 420 illud
896 392 1035 426 maneat,
1059 388 1125 420 cul-

164 444 232 469 tum
257 436 317 467 Dei
341 439 461 465 rectum
487 443 550 463 non
574 432 698 463 censeri
720 432 839 471 absque
863 441 984 471 sapore,
1009 431 1063 471 qui
1086 442 1127 462 ex

164 480 259 512 verbo
278 476 434 518 petendus
453 480 516 507 est:
539 475 614 515 quia
632 476 664 506 in
684 475 832 506 omnibus
852 474 1020 505 homiuum
1040 484 1126 505 cere-

164 524 229 554 bris
252 532 291 551 ne
316 520 397 550 mica
419 519 549 559 quidem
573 517 649 549 salis
674 517 862 557 reperietur.
911 516 1002 548 Alias
1025 517 1127 548 subti-

163 566 257 596 liores
288 562 458 602 allegorias
490 561 729 601 praetermitto,
766 570 903 600 quarum
933 570 997 590 non
1028 559 1127 590 alium

163 607 253 639 video
284 616 378 636 usum
410 604 472 635 nisi
501 608 534 634 ut
565 603 707 634 curiosas
734 613 830 633 aures
854 602 1025 634 oblectent.
1071 601 1128 633 Sal

163 649 298 682 foederis
311 648 373 678 alio
393 658 487 678 sensu
510 646 641 685 ponitur
659 656 756 686 quam
776 645 887 676 foedus
906 645 991 682 salis,
1013 655 1128 685 nempe

162 692 245 733 quod
287 690 456 721 adhibetur
490 689 528 719 ad
564 699 654 719 saera
687 693 841 728 tanquam
876 699 915 719 ex
950 687 1129 719 inviolabili

163 736 223 767 Dei
248 739 348 774 pacto.
386 732 476 764 Unde
499 732 595 762 ctiam
619 732 830 763 confirmatur
854 730 937 771 quod
960 731 1024 762 iam
1049 730 1127 768 dixi,

162 777 298 809 foederis
333 776 392 807 Dei
427 775 685 806 observationem
720 775 751 805 iu
784 774 851 805 eius
882 774 971 805 cultu
1002 784 1129 814 semper

162 821 282 861 primas
306 824 421 849 tenere.

250 862 297 893 14.
324 862 358 892 Si
390 871 455 891 sero
483 860 634 891 obtuleris.
680 859 770 892 Haec
794 859 912 891 oblatio
936 870 953 890 a
977 858 1130 899 primitiis

163 906 289 937 diversa
319 909 379 940 est,
411 903 485 943 quia
514 907 584 934 erat
615 903 815 938 voluntaria,
846 913 945 942 quum
967 902 1130 942 primitiae

162 960 201 979 ex
226 948 305 988 legis
329 947 526 986 praescripto
550 946 762 977 solverentur.
795 946 916 976 Verum
942 945 970 976 si
993 945 1063 984 quis
1087 955 1128 975 ex

162 991 263 1022 horno
300 989 404 1020 tritico
441 989 595 1029 primitiis
626 989 724 1020 vellet
754 988 876 1028 aliquid
904 986 1128 1027 superaddere,

163 1033 308 1074 regulam
338 1031 437 1062 tradit
467 1032 588 1063 Moses:
627 1036 662 1062 ut
694 1031 801 1072 spicae
833 1036 1033 1069 torreantur,
1065 1040 1128 1071 quo

161 1076 283 1117 possint
320 1074 447 1106 facilius
481 1074 621 1112 conteri,
661 1074 776 1105 deinde
806 1074 927 1104 mixtae
957 1073 1025 1104 oleo
1055 1083 1127 1104 cum

160 1120 255 1150 thure
274 1117 477 1149 adoleantur:
500 1118 545 1148 sic
569 1117 655 1148 enim
678 1117 874 1157 interpretor
896 1117 997 1148 Mosis
1021 1116 1128 1154 verba,

160 1168 197 1193 ut
226 1161 308 1192 idem
340 1160 525 1201 significent
555 1161 642 1200 spica
669 1165 756 1191 tosta
787 1165 819 1190 et
848 1160 992 1191 triticum
1023 1159 1129 1199 spicae

160 1209 348 1236 contusum:
380 1204 485 1244 spicas
516 1213 593 1234 vero
622 1203 734 1243 plenas
758 1203 874 1243 exigit,
906 1206 942 1233 ut
967 1201 1128 1233 delectum

160 1247 278 1278 habeat
301 1246 457 1287 populus,
489 1258 528 1277 ne
559 1245 635 1286 quid
665 1246 750 1277 exile
772 1252 827 1276 aut
850 1245 1061 1277 macilentum
1084 1245 1128 1275 ot-

161 1290 253 1321 ferat.

523 1459 674 1490 LEVIT.
700 1458 761 1490 III.

247 1548 274 1578 1.
309 1546 394 1586 Quod
423 1546 452 1576 si
482 1544 673 1584 sacrificium
689 1545 938 1584 prosperitatum
959 1544 1059 1585 fuerit
1081 1544 1128 1576 ob·

159 1591 232 1621 latio
266 1590 350 1627 eius,
384 1589 413 1620 si
442 1588 477 1620 de
507 1588 599 1619 bobus
629 1588 694 1628 ipse
721 1588 825 1627 offeret
852 1589 915 1619 sive
944 1587 1125 1625 masculum,

160 1634 223 1664 sice
253 1633 403 1672 feminam
436 1631 558 1670 offerat,
590 1630 823 1662 immaculatum
853 1631 955 1670 offeret
984 1641 1054 1661 eum
1093 1631 1127 1662 in

160 1678 315 1715 conspectu
340 1675 478 1706 Iehovae.
524 1674 552 1704 2.
578 1672 621 1704 Et
649 1675 780 1713 imponet
810 1684 936 1705 manum
964 1684 1055 1705 suam
1077 1684 1127 1705 su-

155 1729 215 1758 per
233 1721 325 1757 eaput
344 1717 505 1749 oblationis
523 1727 607 1755 snae,
630 1719 657 1747 et
675 1716 845 1748 immolabit
863 1727 931 1747 eum
955 1717 995 1748 ad
1016 1717 1127 1747 ostium

160 1761 348 1792 tabernaculi
371 1760 590 1792 conventionis:
615 1760 803 1799 fundentque
830 1760 891 1798 filii
920 1759 1050 1790 Aliaron
1078 1770 1128 1790 sa-

159 1805 291 1836 cerdotes
308 1804 491 1843 sanquinem
509 1813 601 1842 snper
615 1802 714 1834 altare
726 1813 783 1842 per
796 1802 967 1834 circuitum.
996 1802 1025 1833 3.
1041 1801 1128 1833 Post-

161 1858 196 1877 ea
229 1847 333 1886 offeret
352 1846 387 1877 de
409 1846 560 1884 sacrificio
579 1845 824 1885 prosperitatum
846 1845 1027 1876 oblationem
1049 1845 1127 1885 iyni-

159 1892 222 1920 tam
246 1889 390 1927 Ielzovae,
421 1889 543 1927 adipem
567 1889 749 1927 operientem
773 1888 934 1925 intestina,
964 1891 990 1919 et
1012 1898 1128 1919 omnem

160 1933 283 1971 adipem
306 1933 359 1972 qui
382 1934 425 1963 est
447 1942 541 1971 super
563 1931 628 1962 illa.
663 1931 691 1962 4.
711 1928 753 1962 Et
775 1931 851 1962 duos
874 1941 969 1968 renes,
993 1931 1129 1970 adipem-

160 1986 217 2015 que
239 1976 292 2015 qni
314 1977 357 2006 est
379 1985 472 2014 super
494 1975 593 2013 ipsos,
616 1975 670 2013 qui
693 1977 735 2004 est
756 1984 849 2013 super
872 1974 944 2009 ilia,
969 1975 995 2004 et
1015 1973 1128 2012 fibram

160 2028 228 2049 cum
248 2019 340 2049 iecore
357 2028 425 2050 cum
445 2017 569 2048 renibus
586 2017 754 2048 removebit.
786 2017 814 2047 5.
834 2016 1010 2047 Adolebunt
1027 2019 1128 2047 autem

160 2071 245 2091 omne
257 2061 335 2091 illud
345 2061 407 2099 filu·
420 2060 550 2091 Aliaron
561 2070 655 2098 super
667 2060 776 2097 altare,
796 2070 859 2090 una
872 2069 939 2090 cum
951 2059 1127 2090 holocausto

160 2104 240 2143 qziod
267 2104 324 2134 erit
346 2113 439 2142 super
460 2103 544 2143 liqna
565 2103 761 2142 superposita
784 2103 867 2143 tyni:
897 2102 1007 2133 oblatio
1030 2102 1127 2142 iynita

159 2149 203 2177 est
231 2146 334 2177 odoris
362 2146 474 2185 quietis
498 2145 635 2177 Iehovae.
682 2146 709 2176 6.
738 2146 824 2184 Quod
852 2145 880 2175 si
902 2146 939 2176 de
955 2144 1128 2184 pecudibus

156 2189 251 2228 fuerit
275 2189 382 2220 oblatio
405 2189 484 2226 eius,
507 2189 541 2219 in
564 2188 753 2227 sacrificium
770 2189 1015 2228 prosperitatum
1039 2187 1126 2218 [elio-

158 2243 220 2268 vae,
245 2232 415 2262 masculum
432 2234 484 2262 aut
500 2232 651 2271 feminam
671 2231 902 2262 immaculatum
922 2231 1021 2270 offeret
1040 2240 1126 2261 etim:

160 2275 186 2304 7.
204 2275 239 2305 Si
262 2285 330 2306 vero
353 2284 467 2315 aynum
491 2275 597 2313 offerat
619 2273 798 2305 oblationem
820 2283 919 2311 suam,
943 2276 1006 2303 tum
1029 2273 1128 2312 offeret

159 2317 248 2348 illum
280 2318 310 2347 in
341 2320 499 2356 conspectu
525 2317 670 2347 Ielaeovae:
711 2317 738 2347 8.
772 2316 971 2355 Imponetque
999 2325 1126 2346 manum

159 2370 250 2390 suam
268 2371 360 2399 super
378 2363 467 2399 caput
486 2360 647 2391 oblationis
664 2370 747 2397 suae,
764 2363 872 2398 postea
893 2358 1036 2389 mactabit
1059 2368 1127 2389 cum

160 2403 193 2433 in
215 2407 370 2441 conspectu
393 2403 584 2434 tabernaculi
607 2403 827 2434 conventionis:
850 2405 877 2433 et
899 2403 1044 2441 sparycnt
1065 2400 1126 2439 filii

162 2445 290 2475 ⁴llearnn
318 2446 500 2485 sanquinem
529 2447 595 2476 eius
624 2455 718 2485 super
744 2445 843 2476 altare
867 2455 925 2484 per
955 2444 1125 2475 circuitum.

161 2488 189 2517 9.
224 2487 262 2517 Et
292 2489 390 2527 offeret
421 2489 457 2518 (Ie
487 2489 641 2526 sacrificio
665 2489 912 2528 prosperitatum
948 2487 1126 2518 oblationem

160 2530 288 2569 igynitam
322 2531 467 2566 Ieliovae,
496 2532 619 2570 adipem
649 2533 730 2567 eius,
762 2531 894 2562 caudam
924 2531 1088 2569 ancyram,
1111 2539 1125 2559 e

160 2574 279 2612 rcyinne
307 2575 417 2612 spinae
443 2574 529 2604 dorsi
561 2574 721 2604 removebit
751 2584 831 2610 eam.
864 2573 985 2612 adipem
1009 2581 1125 2611 qaoque

160 2617 338 2654 operientaem
363 2617 519 2653 intestina.
543 2619 633 2655 alque
656 2626 771 2647 omnem
795 2616 915 2655 adipem
938 2615 993 2655 qui-
1011 2617 1053 2645 est
1075 2624 1124 2644 su-

854 166 1107 199 SECUNDUM
1132 167 1455 200 PRAEOEPTUM.

2081 170 2144 202 512

1171 272 1232 300 per
1255 262 1320 293 ilia.
1357 262 1405 293 lO.
1429 262 1473 293 Et
1494 263 1570 294 duos
1591 272 1693 294 renes.-
1715 265 1740 293 et
1764 263 1885 302 adipem
1907 264 1962 303 qui
1984 266 2026 295 est
2049 275 2143 305 super

1177 304 1264 343 illos,
1293 308 1320 336 et
1341 306 1395 344 qui
1417 308 1460 336 est
1482 315 1575 344 super
1597 305 1671 342 ilia,
1701 308 1727 335 et
1746 305 1859 344 fibram
1881 316 1960 345 quae
1983 308 2025 338 est
2047 317 2143 346 super

1177 347 1277 385 iecur,
1308 358 1376 378 cum
1404 348 1528 379 renibus
1556 347 1722 379 removebit.
1769 348 1818 378 11.
1841 348 2042 388 Adolebitque
2063 350 2144 382 illud

1177 390 1322 421 sacerdos
1329 400 1423 429 super
1429 391 1536 426 altare,
1549 391 1634 422 cibus
1646 391 1809 422 oblationis
1821 390 1938 431 iqnitae
1951 394 1995 422 est
2002 391 2140 424 Ieliovae.

1180 432 1228 463 12.
1256 432 1291 463 Si
1313 443 1382 464 vero
1405 443 1502 473 capra
1522 434 1617 473 fuerit
1638 433 1748 464 oblatio
1770 433 1845 471 eius,
1868 436 1932 464 tum
1953 434 2054 473 offeret
2076 445 2143 466 eam

1178 475 1212 505 in
1234 478 1389 515 conspectu
1412 475 1549 507 Iclzovae.
1587 476 1634 507 13.
1657 475 1809 515 Ponetque
1830 485 1958 507 manum
1978 487 2070 508 suam
2091 488 2143 509 su-

1174 528 1233 557 per
1269 520 1359 558 caput
1389 519 1468 556 eius,
1500 522 1526 550 ct
1551 518 1693 550 mactabit
1721 529 1788 549 eam
1817 529 1918 550 coram
1947 518 2144 551 tabernaculo

1179 561 1399 599 conventionis,
1430 564 1456 592 et
1476 564 1619 602 sparyent
1638 561 1700 600 filii
1722 561 1853 593 Aliaron
1875 562 2058 602 sanquinem
2076 563 2145 594 eius

1180 613 1274 642 super
1303 604 1401 635 altare
1418 614 1477 643 per
1498 605 1667 636 circuitum.
1716 604 1764 635 14.
1792 604 1902 635 Postea
1925 605 2027 644 offeret
2047 615 2085 636 ea·
2107 615 2143 636 ea

1181 645 1358 677 oblationem
1381 657 1480 685 suam,
1503 647 1681 678 oblationem
1704 647 1833 687 iynitam
1856 646 1995 686 Ieliovae,
2019 648 2144 687 adipem

1180 689 1360 727 operientem
1388 690 1544 721 intestina:
1571 692 1598 721 et
1627 700 1742 721 omnem
1764 690 1888 729 adipem
1909 690 1964 729 qui
1985 692 2029 721 est
2050 700 2144 730 super

1180 731 1249 762 ilia.
1303 731 1351 763 15.
1382 731 1425 763 Et
1452 732 1531 763 duos
1560 742 1659 770 renes,
1691 735 1717 764 et
1744 733 1866 772 adipem
1896 733 1950 772 qui
1979 735 2023 764 est
2050 743 2143 773 super

1180 773 1265 805 illos:
1295 777 1322 805 et
1350 775 1403 814 qui
1426 777 1468 806 est
1489 785 1584 814 super
1606 775 1677 813 ilia,
1704 778 1731 807 et
1750 774 1863 814 fibram
1885 785 1963 814 quae
1984 777 2028 806 est
2049 786 2144 816 super

1180 816 1264 847 iecur
1292 827 1361 848 cum
1390 817 1513 848 renibus
1540 818 1707 849 removebit.
1761 818 1808 849 16.
1843 817 2043 858 Adolebitque
2076 828 2144 850 eam

1181 860 1322 891 sacerdos
1338 870 1431 899 super
1442 860 1547 897 altare,
1567 861 1652 891 cibus
1670 861 1830 892 oblationis
1849 861 1963 900 iqnitae
1980 863 2024 892 est
2040 861 2145 892 odoris

1181 902 1309 941 quietis.-
1342 905 1368 933 et
1397 903 1496 934 omnis
1525 903 1620 943 adeps
1648 903 1777 934 leliovae
1802 906 1852 934 est.
1907 903 1955 934 17.
1988 903 2144 935 Statutum

1176 947 1359 984 perpetuum
1377 946 1410 976 in
1426 946 1673 986 yenerationibus
1695 947 1813 984 restris,
1837 947 1870 977 in
1891 947 2007 978 cunctis
2024 946 2143 978 liabita-

1180 987 1258 1019 culis
1276 988 1398 1020 vestris:
1424 998 1540 1019 omnem
1558 989 1681 1028 adipem
1697 991 1724 1020 et
1745 999 1861 1020 omnem
1882 990 2066 1030 sanquinem
2083 999 2142 1021 non

1180 1031 1346 1062 comedetis

1268 1116 1294 1146 1.
1316 1116 1403 1155 Quod
1424 1116 1453 1148 si
1475 1116 1672 1156 sacrificium.
1708 1116 1840 1148 Transit
1864 1127 1950 1148 nunc
1974 1116 2013 1148 ad
2038 1116 2144 1149 diver-

1181 1169 1254 1190 sum
1284 1169 1403 1199 genus,
1434 1169 1549 1199 nempe
1578 1158 1616 1190 ad
1648 1159 1804 1191 sacrificia
1832 1169 1913 1199 quae
1935 1159 2144 1200 gratitudinis

1182 1201 1366 1232 testimonia
1388 1206 1480 1232 erant
1502 1202 1535 1232 in
1559 1201 1759 1233 celebrandis
1777 1202 1838 1232 Dei
1864 1202 2041 1234 beneficiis:
2066 1213 2143 1243 quo-

1182 1255 1255 1275 rum
1279 1255 1351 1284 pars
1374 1244 1449 1284 igne
1472 1244 1735 1283 comburebatur,
1758 1249 1882 1285 partem
1907 1245 1967 1276 sibi
1991 1245 2144 1277 vendica-

1183 1287 1260 1319 bant
1290 1287 1485 1324 sacerdotes,
1516 1287 1680 1318 residuum
1706 1287 1857 1318 manebat
1879 1287 1957 1327 ipsis
1980 1288 2143 1319 offerenti-

1182 1330 1251 1361 bus.
1286 1329 1336 1360 De
1355 1339 1432 1361 voce
1451 1322 1556 1362 D’D‘Dw
1576 1329 1652 1361 alibi
1672 1330 1746 1370 quid
1767 1330 1904 1361 sentiam
1925 1330 2033 1370 attigi:
2058 1335 2143 1362 certe

1182 1383 1248 1404 non
1279 1372 1414 1413 quadrat
1444 1372 1587 1413 vulgaris
1614 1372 1797 1404 translatio:
1822 1373 1978 1404 sacrificia
1999 1373 2142 1413 pacifico-

1183 1426 1264 1447 rum.
1310 1416 1425 1456 Longe
1452 1416 1547 1446 etiam
1578 1416 1714 1455 petitum
1744 1419 1792 1446 est
1817 1415 1902 1455 quod
1923 1415 1976 1446 alii
2000 1415 2143 1455 tradunt,

1181 1458 1290 1490 vocari
1324 1458 1479 1490 sacrificia
1512 1458 1760 1498 perfectionum,
1794 1458 1867 1498 quia
1901 1458 2076 1490 immundis
2105 1469 2143 1490 ea

1182 1502 1341 1542 attingere
1375 1500 1464 1532 nefas
1494 1504 1571 1532 erat.
1624 1500 1726 1532 Porro
1754 1511 1851 1541 quum
1882 1500 2024 1531 Hebraei
2053 1501 2142 1541 pacis

1180 1545 1310 1575 nomine
1328 1543 1602 1584 comprehendant
1620 1543 1756 1575 salut-em
1776 1547 1808 1574 et
1831 1543 1931 1574 laetos
1948 1553 2060 1575 omnes
2071 1553 2143 1575 suc-

1180 1598 1303 1624 cessus,
1333 1586 1490 1627 pluralem
1521 1596 1691 1617 numerum
1721 1585 1886 1617 commode
1914 1587 2023 1618 censui
2047 1596 2143 1626 posse

1179 1630 1263 1662 verti
1277 1629 1521 1670 prosperitates:
1541 1638 1604 1668 qua
1617 1629 1741 1660 ratione
1756 1627 1862 1660 David
1876 1627 1975 1670 (Psal.
1997 1629 2067 1666 116,
2090 1628 2143 1671 13)

1179 1673 1308 1705 calicem
1329 1672 1469 1703 salutum
1492 1671 1636 1702 nominat
1659 1671 1798 1703 libamen
1823 1671 1906 1712 quod
1928 1671 1998 1702 fieri
2021 1671 2144 1703 solebat

1178 1717 1212 1747 in
1235 1714 1392 1747 eiusmodi
1415 1714 1587 1746 sacrificio:
1612 1724 1716 1754 neque
1740 1715 1826 1745 enim
1851 1713 1962 1745 dubito
1985 1715 2063 1754 quin
2087 1725 2142 1746 ex-

1179 1764 1270 1790 terno
1289 1758 1432 1799 symbolo
1449 1757 1627 1798 gratiarum
1650 1757 1808 1789 actionem
1833 1756 1988 1798 designet.
2022 1757 2143 1789 Fateor

1178 1800 1307 1843 quidem
1336 1801 1397 1832 hoc
1426 1800 1617 1832 sacrificium
1646 1810 1712 1830 non
1743 1799 1837 1831 modo
1867 1800 1901 1830 in
1925 1799 2143 1839 gratulatione

1178 1844 1321 1876 oblatum
1346 1853 1431 1882 esse,
1461 1842 1516 1874 sed
1536 1853 1635 1883 quum
1655 1853 1765 1883 pacem
1790 1846 1822 1873 et
1844 1842 1953 1874 felices
1976 1852 2142 1875 successus

1179 1898 1197 1919 a
1228 1887 1297 1918 Deo
1331 1889 1492 1927 peterent:
1530 1896 1655 1925 semper
1684 1889 1791 1916 tamen
1820 1886 1941 1925 optime
1970 1886 2142 1917 conveniet

1178 1930 1361 1971 epitheton,
1392 1929 1466 1969 quia
1490 1928 1725 1968 profitebantur
1748 1927 1854 1959 Deum
1877 1928 2021 1959 omnium
2044 1928 2142 1960 bono-

1178 1983 1250 2004 rum
1275 1972 1320 2003 sic
1343 1975 1488 2011 autorem
1511 1981 1594 2009 esse,
1618 1975 1655 2001 ut
1678 1981 1752 2001 suas
1776 1981 1888 2002 omnes
1912 1971 2142 2011 prosperitates

1179 2017 1207 2047 ei
1239 2015 1359 2046 ferrent
1387 2018 1541 2053 acceptas.
1587 2013 1697 2044 Primo
1727 2018 1834 2044 autem
1858 2014 1967 2045 omnia
1989 2013 2067 2044 haec
2090 2024 2140 2046 sa-

1179 2058 1298 2091 crificia
1328 2058 1397 2088 sisti
1420 2056 1507 2087 iubet
1530 2055 1569 2087 ad
1594 2056 1845 2093 tabernaculum,
1869 2056 1954 2097 quod
1977 2056 2141 2097 significat

1179 2112 1235 2142 per
1254 2104 1460 2140 conspectum
1473 2099 1628 2130 Iehovae:
1653 2099 1769 2139 alioqui
1789 2099 1874 2130 enim
1894 2098 2014 2140 passim
2034 2103 2140 2130 erecta

1178 2145 1315 2175 fuissent
1345 2142 1458 2173 altaria
1481 2142 1513 2173 in
1537 2142 1670 2173 urbibus
1693 2147 1721 2172 et
1746 2142 1848 2182 pagis,
1873 2146 1903 2172 et
1927 2142 1987 2173 hac
2010 2141 2140 2173 licentia

1178 2187 1356 2226 discerptus
1378 2185 1490 2216 fuisset
1513 2185 1619 2216 cultus
1638 2183 1708 2222 Dei,
1733 2189 1764 2215 et
1787 2184 1994 2224 pessumdata
2016 2184 2139 2226 religio.

1177 2230 1264 2270 Ergo
1285 2233 1320 2259 ut
1339 2228 1491 2268 populum
1512 2227 1674 2258 contineat
1692 2227 1724 2257 in
1746 2227 1888 2258 eiusdem
1908 2226 1983 2258 fidei
2006 2237 2143 2259 consen-

1177 2283 1230 2309 su,
1263 2271 1350 2302 iubet
1380 2280 1490 2301 omnes
1522 2271 1615 2301 unico
1638 2269 1733 2301 altari
1757 2281 1826 2301 esse
1849 2273 2025 2302 contentos.
2072 2270 2143 2302 Ooli

1178 2319 1285 2346 autem
1317 2318 1348 2344 et
1378 2313 1519 2344 invocari
1551 2312 1620 2344 vult
1644 2313 1676 2343 in
1700 2323 1736 2343 oo
1759 2313 1828 2344 loco
1852 2323 1946 2353 quem
1969 2313 2029 2344 sibi
2054 2312 2143 2344 dedi-

1177 2361 1319 2389 caverat:
1345 2366 1384 2386 ne
1408 2355 1447 2386 ad
1468 2356 1553 2386 Deos
1577 2361 1746 2386 extraneos
1770 2355 1935 2386 diffluant:
1960 2355 2076 2387 deinde
2099 2356 2143 2386 ri·

1150 2410 1151 2413 ’
1177 2407 1245 2431 tum
1269 2398 1422 2429 offerendi
1446 2397 1653 2438 praeseribit,
1685 2398 1751 2428 sive
1775 2409 1813 2429 ex
1838 2403 1986 2429 armento
2010 2399 2053 2429 sit
2076 2398 2142 2430 vic-

1177 2443 1270 2478 tima,
1305 2442 1373 2473 sivc
1404 2452 1443 2471 cx
1475 2440 1659 2480 pecudibus.
1711 2440 1804 2480 Quod
1835 2446 1943 2472 autem
1975 2440 2014 2472 de
2046 2441 2144 2473 rebus

1176 2484 1311 2516 minutis
1341 2488 1406 2514 tam
1431 2489 1544 2515 exacte
1568 2484 1739 2523 praecipit,
1768 2483 1871 2515 videri
1895 2488 2003 2524 posset
2025 2483 2143 2515 frivola

1177 2527 1340 2563 sedulitas,
1354 2537 1555 2566 supervacua
1568 2526 1664 2557 etiam
1679 2527 1836 2566 repetitio,
1856 2526 1938 2566 quod
1956 2537 2025 2557 rem
2043 2537 2142 2557 unam

1177 2570 1305 2610 saepius
1325 2569 1463 2600 inculcat
1484 2569 1592 2599 verbis
1616 2579 1747 2608 prorsus
1771 2569 1946 2600 similibus:
1972 2569 2034 2600 nisi
2057 2568 2143 2609 quod

1178 2613 1257 2644 haec
1288 2611 1455 2652 diligentia
1486 2611 1638 2652 populum
1668 2612 1925 2650 commonefecit,
1957 2611 2077 2652 aliquid
2108 2612 2144 2643 in
