<?xml version="1.0" encoding="UTF-8"?>
<!DOCTYPE html PUBLIC "-//W3C//DTD XHTML 1.0 Transitional//EN"
    "http://www.w3.org/TR/xhtml1/DTD/xhtml1-transitional.dtd">
<html xmlns="http://www.w3.org/1999/xhtml" xml:lang="en" lang="en">
 <head>
  <title>
</title>
<meta http-equiv="Content-Type" content="text/html;charset=utf-8" />
  <meta name='ocr-system' content='tesseract 3.04.00' />
  <meta name='ocr-capabilities' content='ocr_page ocr_carea ocr_par ocr_line ocrx_word'/>
</head>
<body>
  <div class='ocr_page' id='page_1' title='image "./ioanniscalviniop24calv_0370.png"; bbox 0 0 2304 3034; ppageno 0'>
   <div class='ocr_carea' id='block_1_1' title="bbox 237 220 299 250">
    <p class='ocr_par' dir='ltr' id='par_1_1' title="bbox 237 220 299 250">
     <span class='ocr_line' id='line_1_1' title="bbox 237 220 299 250; baseline 0 0"><span class='ocrx_word' id='word_1_1' title='bbox 237 220 299 250; x_wconf 87' lang='lat'>719</span> 
     </span>
    </p>
   </div>
   <div class='ocr_carea' id='block_1_2' title="bbox 235 306 1209 1508">
    <p class='ocr_par' dir='ltr' id='par_1_2' title="bbox 235 306 1209 1508">
     <span class='ocr_line' id='line_1_2' title="bbox 237 306 1209 347; baseline -0.005 -3"><span class='ocrx_word' id='word_1_2' title='bbox 237 317 355 345; x_wconf 86' lang='lat' dir='ltr'>rerent.</span> <span class='ocrx_word' id='word_1_3' title='bbox 400 310 484 341; x_wconf 87' lang='lat' dir='ltr'>Nam</span> <span class='ocrx_word' id='word_1_4' title='bbox 520 309 545 340; x_wconf 87' lang='lat' dir='ltr'>si</span> <span class='ocrx_word' id='word_1_5' title='bbox 581 315 709 339; x_wconf 86' lang='lat' dir='ltr'>tantum</span> <span class='ocrx_word' id='word_1_6' title='bbox 744 307 928 339; x_wconf 74' lang='lat' dir='ltr'>audissent:</span> <span class='ocrx_word' id='word_1_7' title='bbox 969 307 1043 338; x_wconf 92' lang='lat' dir='ltr'>Non</span> <span class='ocrx_word' id='word_1_8' title='bbox 1076 306 1209 347; x_wconf 87' lang='lat' dir='ltr'>occides,</span> 
     </span>
     <span class='ocr_line' id='line_1_3' title="bbox 237 350 1208 390; baseline -0.007 -3"><span class='ocrx_word' id='word_1_9' title='bbox 237 366 302 387; x_wconf 90' lang='lat' dir='ltr'>non</span> <span class='ocrx_word' id='word_1_10' title='bbox 333 352 540 389; x_wconf 79' lang='lat' dir='ltr'>scortaberis,</span> <span class='ocrx_word' id='word_1_11' title='bbox 572 361 635 382; x_wconf 89' lang='lat' dir='ltr'>non</span> <span class='ocrx_word' id='word_1_12' title='bbox 666 350 845 388; x_wconf 81' lang='lat' dir='ltr'>furaberis,</span> <span class='ocrx_word' id='word_1_13' title='bbox 877 354 1048 390; x_wconf 88' lang='lat' dir='ltr'>putassent</span> <span class='ocrx_word' id='word_1_14' title='bbox 1071 354 1208 381; x_wconf 82' lang='lat' dir='ltr'>externa</span> 
     </span>
     <span class='ocr_line' id='line_1_4' title="bbox 237 393 1209 433; baseline -0.005 -4"><span class='ocrx_word' id='word_1_15' title='bbox 237 398 360 430; x_wconf 73' lang='lat' dir='ltr'>observ</span> <span class='ocrx_word' id='word_1_16' title='bbox 355 396 461 426; x_wconf 72' lang='lat' dir='ltr'>itione</span> <span class='ocrx_word' id='word_1_17' title='bbox 510 405 542 426; x_wconf 90' lang='lat' dir='ltr'>se</span> <span class='ocrx_word' id='word_1_18' title='bbox 586 394 696 433; x_wconf 87' lang='lat' dir='ltr'>pulcre</span> <span class='ocrx_word' id='word_1_19' title='bbox 739 393 916 425; x_wconf 82' lang='lat' dir='ltr'>defunctos.</span> <span class='ocrx_word' id='word_1_20' title='bbox 971 393 1044 424; x_wconf 86' lang='lat' dir='ltr'>Non</span> <span class='ocrx_word' id='word_1_21' title='bbox 1088 394 1209 424; x_wconf 84' lang='lat' dir='ltr'>frustra</span> 
     </span>
     <span class='ocr_line' id='line_1_5' title="bbox 236 435 1208 486; baseline -0.004 -15"><span class='ocrx_word' id='word_1_22' title='bbox 236 442 344 486; x_wconf 81' lang='lat' dir='ltr'>itaque</span> <span class='ocrx_word' id='word_1_23' title='bbox 368 438 474 474; x_wconf 84' lang='lat' dir='ltr'>Deus,</span> <span class='ocrx_word' id='word_1_24' title='bbox 506 441 677 476; x_wconf 78' lang='lat' dir='ltr'>postquam</span> <span class='ocrx_word' id='word_1_25' title='bbox 710 435 749 467; x_wconf 90' lang='lat' dir='ltr'>dc</span> <span class='ocrx_word' id='word_1_26' title='bbox 785 436 906 476; x_wconf 89' lang='lat' dir='ltr'>pietate</span> <span class='ocrx_word' id='word_1_27' title='bbox 941 440 974 466; x_wconf 90' lang='lat' dir='ltr'>et</span> <span class='ocrx_word' id='word_1_28' title='bbox 995 435 1121 466; x_wconf 85' lang='lat' dir='ltr'>iustitia</span> <span class='ocrx_word' id='word_1_29' title='bbox 1144 435 1208 467; x_wconf 90' lang='lat' dir='ltr'>dis</span> 
     </span>
     <span class='ocr_line' id='line_1_6' title="bbox 237 478 1207 518; baseline -0.004 -5"><span class='ocrx_word' id='word_1_30' title='bbox 237 482 356 518; x_wconf 66' lang='lat' dir='ltr'>seruit,</span> <span class='ocrx_word' id='word_1_31' title='bbox 382 490 529 511; x_wconf 88' lang='lat' dir='ltr'>seorsum</span> <span class='ocrx_word' id='word_1_32' title='bbox 555 479 724 510; x_wconf 71' lang='lat' dir='ltr'>idmonuit</span> <span class='ocrx_word' id='word_1_33' title='bbox 756 490 820 510; x_wconf 93' lang='lat' dir='ltr'>non</span> <span class='ocrx_word' id='word_1_34' title='bbox 851 482 982 509; x_wconf 44' lang='lat' dir='ltr'>tantum</span> <span class='ocrx_word' id='word_1_35' title='bbox 1007 488 1025 509; x_wconf 89' lang='lat' dir='ltr'>a</span> <span class='ocrx_word' id='word_1_36' title='bbox 1048 478 1207 510; x_wconf 88' lang='lat' dir='ltr'>maleficio</span> 
     </span>
     <span class='ocr_line' id='line_1_7' title="bbox 236 521 1208 560; baseline -0.004 -4.958"><span class='ocrx_word' id='word_1_37' title='bbox 236 523 465 556; x_wconf 69' lang='lat' dir='ltr'>¹ibstinendum</span> <span class='ocrx_word' id='word_1_38' title='bbox 482 533 560 559; x_wconf 83' lang='lat' dir='ltr'>esse,</span> <span class='ocrx_word' id='word_1_39' title='bbox 577 522 632 553; x_wconf 88' lang='lat' dir='ltr'>sed</span> <span class='ocrx_word' id='word_1_40' title='bbox 647 521 772 553; x_wconf 85' lang='lat' dir='ltr'>sincero</span> <span class='ocrx_word' id='word_1_41' title='bbox 786 521 886 552; x_wconf 89' lang='lat' dir='ltr'>animi</span> <span class='ocrx_word' id='word_1_42' title='bbox 905 521 1023 552; x_wconf 85' lang='lat' dir='ltr'>affectu</span> <span class='ocrx_word' id='word_1_43' title='bbox 1040 525 1208 560; x_wconf 87' lang='lat' dir='ltr'>praestan-</span> 
     </span>
     <span class='ocr_line' id='line_1_8' title="bbox 237 563 1206 606; baseline -0.004 -8"><span class='ocrx_word' id='word_1_44' title='bbox 237 568 313 599; x_wconf 90' lang='lat' dir='ltr'>dum</span> <span class='ocrx_word' id='word_1_45' title='bbox 337 577 406 598; x_wconf 87' lang='lat' dir='ltr'>esse</span> <span class='ocrx_word' id='word_1_46' title='bbox 428 565 513 606; x_wconf 91' lang='lat' dir='ltr'>quod</span> <span class='ocrx_word' id='word_1_47' title='bbox 536 565 627 605; x_wconf 90' lang='lat' dir='ltr'>prius</span> <span class='ocrx_word' id='word_1_48' title='bbox 650 566 799 596; x_wconf 87' lang='lat' dir='ltr'>iusserat.</span> <span class='ocrx_word' id='word_1_49' title='bbox 835 564 944 603; x_wconf 83' lang='lat' dir='ltr'>Atque</span> <span class='ocrx_word' id='word_1_50' title='bbox 967 574 1007 595; x_wconf 81' lang='lat' dir='ltr'>ex</span> <span class='ocrx_word' id='word_1_51' title='bbox 1031 563 1092 595; x_wconf 88' lang='lat' dir='ltr'>hoc</span> <span class='ocrx_word' id='word_1_52' title='bbox 1115 574 1206 604; x_wconf 89' lang='lat' dir='ltr'>prae-</span> 
     </span>
     <span class='ocr_line' id='line_1_9' title="bbox 236 606 1207 650; baseline -0.005 -8"><span class='ocrx_word' id='word_1_53' title='bbox 236 615 326 650; x_wconf 91' lang='lat' dir='ltr'>cepto</span> <span class='ocrx_word' id='word_1_54' title='bbox 361 608 485 649; x_wconf 84' lang='lat' dir='ltr'>colligit</span> <span class='ocrx_word' id='word_1_55' title='bbox 518 608 642 639; x_wconf 90' lang='lat' dir='ltr'>Paulus</span> <span class='ocrx_word' id='word_1_56' title='bbox 677 607 784 648; x_wconf 85' lang='lat' dir='ltr'>(Rom.</span> <span class='ocrx_word' id='word_1_57' title='bbox 811 606 932 648; x_wconf 82' lang='lat'><strong>7,14)‚</strong></span> <span class='ocrx_word' id='word_1_58' title='bbox 969 611 1072 638; x_wconf 85' lang='lat' dir='ltr'>totam</span> <span class='ocrx_word' id='word_1_59' title='bbox 1101 606 1207 647; x_wconf 87' lang='lat' dir='ltr'>legem</span> 
     </span>
     <span class='ocr_line' id='line_1_10' title="bbox 235 649 1207 692; baseline -0.004 -7"><span class='ocrx_word' id='word_1_60' title='bbox 235 664 304 685; x_wconf 90' lang='lat' dir='ltr'>esse</span> <span class='ocrx_word' id='word_1_61' title='bbox 327 651 547 692; x_wconf 83' lang='lat' dir='ltr'>spiritualem,</span> <span class='ocrx_word' id='word_1_62' title='bbox 572 651 649 691; x_wconf 86' lang='lat' dir='ltr'>quia</span> <span class='ocrx_word' id='word_1_63' title='bbox 672 650 774 688; x_wconf 85' lang='lat' dir='ltr'>Deus,</span> <span class='ocrx_word' id='word_1_64' title='bbox 800 650 996 690; x_wconf 86' lang='lat' dir='ltr'>cupiditates</span> <span class='ocrx_word' id='word_1_65' title='bbox 1015 649 1207 688; x_wconf 80' lang='lat' dir='ltr'>damnando,</span> 
     </span>
     <span class='ocr_line' id='line_1_11' title="bbox 235 692 1207 732; baseline -0.005 -5"><span class='ocrx_word' id='word_1_66' title='bbox 235 696 312 727; x_wconf 83' lang='grc'>51115</span> <span class='ocrx_word' id='word_1_67' title='bbox 342 694 518 726; x_wconf 79' lang='lat' dir='ltr'>ostendeiit</span> <span class='ocrx_word' id='word_1_68' title='bbox 549 704 582 725; x_wconf 88' lang='lat' dir='ltr'>se</span> <span class='ocrx_word' id='word_1_69' title='bbox 611 704 675 724; x_wconf 90' lang='lat' dir='ltr'>non</span> <span class='ocrx_word' id='word_1_70' title='bbox 699 704 814 724; x_wconf 65' lang='lat' dir='ltr'>manus</span> <span class='ocrx_word' id='word_1_71' title='bbox 838 697 871 724; x_wconf 92' lang='lat' dir='ltr'>et</span> <span class='ocrx_word' id='word_1_72' title='bbox 900 692 999 732; x_wconf 88' lang='lat' dir='ltr'>pedes</span> <span class='ocrx_word' id='word_1_73' title='bbox 1021 696 1150 723; x_wconf 88' lang='lat' dir='ltr'>tantum</span> <span class='ocrx_word' id='word_1_74' title='bbox 1173 693 1207 723; x_wconf 87' lang='lat' dir='ltr'>in</span> 
     </span>
     <span class='ocr_line' id='line_1_12' title="bbox 235 735 1205 778; baseline -0.003 -8"><span class='ocrx_word' id='word_1_75' title='bbox 235 738 425 778; x_wconf 86' lang='lat' dir='ltr'>obsequium</span> <span class='ocrx_word' id='word_1_76' title='bbox 449 747 579 778; x_wconf 87' lang='lat' dir='ltr'>cogere,</span> <span class='ocrx_word' id='word_1_77' title='bbox 611 736 666 767; x_wconf 88' lang='lat' dir='ltr'>sed</span> <span class='ocrx_word' id='word_1_78' title='bbox 692 736 809 767; x_wconf 87' lang='lat' dir='ltr'>animis</span> <span class='ocrx_word' id='word_1_79' title='bbox 832 736 983 767; x_wconf 83' lang='lat' dir='ltr'>fraenum</span> <span class='ocrx_word' id='word_1_80' title='bbox 1007 735 1205 775; x_wconf 78' lang='lat' dir='ltr'>imposuisse,</span> 
     </span>
     <span class='ocr_line' id='line_1_13' title="bbox 235 778 1209 829; baseline -0.004 -16"><span class='ocrx_word' id='word_1_81' title='bbox 235 792 275 813; x_wconf 88' lang='lat' dir='ltr'>ne</span> <span class='ocrx_word' id='word_1_82' title='bbox 298 785 488 829; x_wconf 87' lang='lat' dir='ltr'>appeterent</span> <span class='ocrx_word' id='word_1_83' title='bbox 510 779 665 819; x_wconf 90' lang='lat' dir='ltr'>quidquid</span> <span class='ocrx_word' id='word_1_84' title='bbox 685 779 836 810; x_wconf 90' lang='lat' dir='ltr'>illicitum</span> <span class='ocrx_word' id='word_1_85' title='bbox 860 782 944 810; x_wconf 88' lang='lat' dir='ltr'>esset</span> <span class='ocrx_word' id='word_1_86' title='bbox 967 778 1082 809; x_wconf 85' lang='lat' dir='ltr'>facere.</span> <span class='ocrx_word' id='word_1_87' title='bbox 1112 778 1209 809; x_wconf 84' lang='lat' dir='ltr'>Fate-</span> 
     </span>
     <span class='ocr_line' id='line_1_14' title="bbox 235 820 1207 862; baseline -0.002 -7"><span class='ocrx_word' id='word_1_88' title='bbox 235 830 289 856; x_wconf 89' lang='lat' dir='ltr'>tur</span> <span class='ocrx_word' id='word_1_89' title='bbox 313 824 413 854; x_wconf 81' lang='lat' dir='ltr'>etiam</span> <span class='ocrx_word' id='word_1_90' title='bbox 442 823 579 859; x_wconf 89' lang='lat' dir='ltr'>Paulus,</span> <span class='ocrx_word' id='word_1_91' title='bbox 612 833 713 862; x_wconf 87' lang='lat' dir='ltr'>quum</span> <span class='ocrx_word' id='word_1_92' title='bbox 740 826 814 853; x_wconf 87' lang='lat' dir='ltr'>ante</span> <span class='ocrx_word' id='word_1_93' title='bbox 844 821 1012 852; x_wconf 76' lang='lat' dir='ltr'>fallacibus</span> <span class='ocrx_word' id='word_1_94' title='bbox 1039 820 1207 853; x_wconf 88' lang='lat' dir='ltr'>blanditiis</span> 
     </span>
     <span class='ocr_line' id='line_1_15' title="bbox 235 864 1206 904; baseline -0.004 -6"><span class='ocrx_word' id='word_1_95' title='bbox 235 867 437 903; x_wconf 86' lang='lat' dir='ltr'>indormiret,</span> <span class='ocrx_word' id='word_1_96' title='bbox 462 876 496 897; x_wconf 88' lang='grc'>55</span> <span class='ocrx_word' id='word_1_97' title='bbox 518 866 579 896; x_wconf 89' lang='lat' dir='ltr'>hoc</span> <span class='ocrx_word' id='word_1_98' title='bbox 602 876 665 896; x_wconf 91' lang='lat' dir='ltr'>uno</span> <span class='ocrx_word' id='word_1_99' title='bbox 689 865 789 896; x_wconf 85' lang='lat' dir='ltr'>verbo</span> <span class='ocrx_word' id='word_1_100' title='bbox 811 865 909 895; x_wconf 89' lang='lat' dir='ltr'>fuisse</span> <span class='ocrx_word' id='word_1_101' title='bbox 933 864 1206 904; x_wconf 84' lang='lat' dir='ltr'>expergefactum.</span> 
     </span>
     <span class='ocr_line' id='line_1_16' title="bbox 235 906 1206 949; baseline -0.004 -8"><span class='ocrx_word' id='word_1_102' title='bbox 235 911 319 942; x_wconf 77' lang='lat' dir='ltr'>Nam</span> <span class='ocrx_word' id='word_1_103' title='bbox 350 919 449 949; x_wconf 88' lang='lat' dir='ltr'>quum</span> <span class='ocrx_word' id='word_1_104' title='bbox 482 908 778 949; x_wconf 88' lang='lat' dir='ltr'>irreprehensibilis</span> <span class='ocrx_word' id='word_1_105' title='bbox 813 911 898 939; x_wconf 85' lang='lat' dir='ltr'>esset</span> <span class='ocrx_word' id='word_1_106' title='bbox 923 907 955 938; x_wconf 89' lang='lat' dir='ltr'>in</span> <span class='ocrx_word' id='word_1_107' title='bbox 982 907 1082 938; x_wconf 90' lang='lat' dir='ltr'>oculis</span> <span class='ocrx_word' id='word_1_108' title='bbox 1106 906 1206 938; x_wconf 91' lang='lat' dir='ltr'>homi-</span> 
     </span>
     <span class='ocr_line' id='line_1_17' title="bbox 235 950 1205 992; baseline -0.004 -8"><span class='ocrx_word' id='word_1_109' title='bbox 235 964 330 990; x_wconf 85' lang='lat' dir='ltr'>num,</span> <span class='ocrx_word' id='word_1_110' title='bbox 362 962 537 992; x_wconf 79' lang='lat' dir='ltr'>persuasus</span> <span class='ocrx_word' id='word_1_111' title='bbox 572 955 642 982; x_wconf 86' lang='lat' dir='ltr'>erat</span> <span class='ocrx_word' id='word_1_112' title='bbox 672 962 706 982; x_wconf 87' lang='lat' dir='ltr'>se</span> <span class='ocrx_word' id='word_1_113' title='bbox 737 961 846 982; x_wconf 89' lang='lat' dir='ltr'>eoram</span> <span class='ocrx_word' id='word_1_114' title='bbox 875 950 945 981; x_wconf 88' lang='lat' dir='ltr'>Deo</span> <span class='ocrx_word' id='word_1_115' title='bbox 976 950 1097 981; x_wconf 82' lang='lat' dir='ltr'>iustum</span> <span class='ocrx_word' id='word_1_116' title='bbox 1128 960 1205 981; x_wconf 85' lang='lat' dir='ltr'>esse.</span> 
     </span>
     <span class='ocr_line' id='line_1_18' title="bbox 236 992 1207 1034; baseline -0.003 -8"><span class='ocrx_word' id='word_1_117' title='bbox 236 996 324 1027; x_wconf 82' lang='lat' dir='ltr'>Dicit</span> <span class='ocrx_word' id='word_1_118' title='bbox 351 1006 385 1026; x_wconf 87' lang='lat' dir='ltr'>se</span> <span class='ocrx_word' id='word_1_119' title='bbox 414 994 587 1034; x_wconf 85' lang='lat' dir='ltr'>aliquando</span> <span class='ocrx_word' id='word_1_120' title='bbox 618 994 739 1025; x_wconf 84' lang='lat' dir='ltr'>vixisse</span> <span class='ocrx_word' id='word_1_121' title='bbox 769 993 861 1033; x_wconf 88' lang='lat' dir='ltr'>quasi</span> <span class='ocrx_word' id='word_1_122' title='bbox 891 993 962 1034; x_wconf 85' lang='lat' dir='ltr'>lege</span> <span class='ocrx_word' id='word_1_123' title='bbox 994 993 1127 1024; x_wconf 75' lang='lat' dir='ltr'>absente</span> <span class='ocrx_word' id='word_1_124' title='bbox 1155 992 1207 1024; x_wconf 90' lang='lat' dir='ltr'>vel</span> 
     </span>
     <span class='ocr_line' id='line_1_19' title="bbox 235 1035 1207 1077; baseline -0.003 -8"><span class='ocrx_word' id='word_1_125' title='bbox 235 1044 378 1074; x_wconf 83' lang='lat' dir='ltr'>mortua,</span> <span class='ocrx_word' id='word_1_126' title='bbox 404 1048 440 1068; x_wconf 87' lang='lat' dir='ltr'>eo</span> <span class='ocrx_word' id='word_1_127' title='bbox 462 1037 547 1077; x_wconf 88' lang='lat' dir='ltr'>quod</span> <span class='ocrx_word' id='word_1_128' title='bbox 570 1037 713 1068; x_wconf 85' lang='lat' dir='ltr'>iustitiae</span> <span class='ocrx_word' id='word_1_129' title='bbox 736 1036 932 1068; x_wconf 87' lang='lat' dir='ltr'>confidentia</span> <span class='ocrx_word' id='word_1_130' title='bbox 951 1036 1098 1074; x_wconf 84' lang='lat' dir='ltr'>inflatus,</span> <span class='ocrx_word' id='word_1_131' title='bbox 1121 1035 1207 1066; x_wconf 88' lang='lat' dir='ltr'>salu-</span> 
     </span>
     <span class='ocr_line' id='line_1_20' title="bbox 235 1078 1208 1120; baseline -0.003 -8"><span class='ocrx_word' id='word_1_132' title='bbox 235 1087 301 1112; x_wconf 87' lang='lat' dir='ltr'>tem</span> <span class='ocrx_word' id='word_1_133' title='bbox 335 1092 375 1112; x_wconf 84' lang='lat' dir='ltr'>ex</span> <span class='ocrx_word' id='word_1_134' title='bbox 401 1081 552 1120; x_wconf 88' lang='lat' dir='ltr'>operibus</span> <span class='ocrx_word' id='word_1_135' title='bbox 581 1081 726 1119; x_wconf 86' lang='lat' dir='ltr'>petebat:</span> <span class='ocrx_word' id='word_1_136' title='bbox 758 1090 875 1110; x_wconf 78' lang='lat' dir='ltr'>verum</span> <span class='ocrx_word' id='word_1_137' title='bbox 906 1090 945 1110; x_wconf 82' lang='lat' dir='ltr'>ex</span> <span class='ocrx_word' id='word_1_138' title='bbox 974 1089 1036 1119; x_wconf 91' lang='lat' dir='ltr'>quo</span> <span class='ocrx_word' id='word_1_139' title='bbox 1067 1078 1208 1109; x_wconf 83' lang='lat' dir='ltr'>animad-</span> 
     </span>
     <span class='ocr_line' id='line_1_21' title="bbox 235 1122 1207 1164; baseline -0.003 -9"><span class='ocrx_word' id='word_1_140' title='bbox 235 1124 335 1156; x_wconf 74' lang='lat' dir='ltr'>vertit</span> <span class='ocrx_word' id='word_1_141' title='bbox 354 1123 430 1164; x_wconf 90' lang='lat' dir='ltr'>qnid</span> <span class='ocrx_word' id='word_1_142' title='bbox 449 1123 510 1154; x_wconf 83' lang='lat' dir='ltr'>sibi</span> <span class='ocrx_word' id='word_1_143' title='bbox 529 1123 628 1154; x_wconf 86' lang='lat' dir='ltr'>vellet</span> <span class='ocrx_word' id='word_1_144' title='bbox 648 1134 696 1163; x_wconf 91' lang='lat' dir='ltr'>pr</span> <span class='ocrx_word' id='word_1_145' title='bbox 689 1127 872 1163; x_wconf 81' lang='lat' dir='ltr'>acceptum:</span> <span class='ocrx_word' id='word_1_146' title='bbox 897 1122 971 1153; x_wconf 90' lang='lat' dir='ltr'>Non</span> <span class='ocrx_word' id='word_1_147' title='bbox 991 1122 1207 1162; x_wconf 88' lang='lat' dir='ltr'>concupisces,</span> 
     </span>
     <span class='ocr_line' id='line_1_22' title="bbox 235 1164 1207 1208; baseline -0.003 -10"><span class='ocrx_word' id='word_1_148' title='bbox 235 1167 329 1208; x_wconf 83' lang='lat' dir='ltr'>quasi</span> <span class='ocrx_word' id='word_1_149' title='bbox 361 1167 431 1207; x_wconf 81' lang='lat' dir='ltr'>lege</span> <span class='ocrx_word' id='word_1_150' title='bbox 455 1177 474 1197; x_wconf 85' lang='lat' dir='ltr'>a</span> <span class='ocrx_word' id='word_1_151' title='bbox 503 1170 606 1197; x_wconf 88' lang='lat' dir='ltr'>morte</span> <span class='ocrx_word' id='word_1_152' title='bbox 638 1166 670 1196; x_wconf 86' lang='lat' dir='ltr'>in</span> <span class='ocrx_word' id='word_1_153' title='bbox 701 1166 801 1196; x_wconf 86' lang='lat' dir='ltr'>vitam</span> <span class='ocrx_word' id='word_1_154' title='bbox 835 1166 1006 1201; x_wconf 86' lang='lat' dir='ltr'>suscitata,</span> <span class='ocrx_word' id='word_1_155' title='bbox 1041 1175 1074 1195; x_wconf 90' lang='lat' dir='ltr'>se</span> <span class='ocrx_word' id='word_1_156' title='bbox 1108 1164 1207 1196; x_wconf 88' lang='lat' dir='ltr'>fuisse</span> 
     </span>
     <span class='ocr_line' id='line_1_23' title="bbox 235 1207 1207 1249; baseline -0.003 -8"><span class='ocrx_word' id='word_1_157' title='bbox 235 1215 419 1241; x_wconf 85' lang='lat' dir='ltr'>mortuum:</span> <span class='ocrx_word' id='word_1_158' title='bbox 454 1220 586 1249; x_wconf 86' lang='lat' dir='ltr'>nempe,</span> <span class='ocrx_word' id='word_1_159' title='bbox 622 1209 696 1249; x_wconf 77' lang='lat' dir='ltr'>quia</span> <span class='ocrx_word' id='word_1_160' title='bbox 730 1208 1000 1248; x_wconf 67' lang='lat' dir='ltr'>transgressionis</span> <span class='ocrx_word' id='word_1_161' title='bbox 1030 1207 1207 1246; x_wconf 83' lang='lat' dir='ltr'>convictus,</span> 
     </span>
     <span class='ocr_line' id='line_1_24' title="bbox 235 1250 1207 1290; baseline -0.003 -6"><span class='ocrx_word' id='word_1_162' title='bbox 235 1258 357 1285; x_wconf 86' lang='lat' dir='ltr'>certam</span> <span class='ocrx_word' id='word_1_163' title='bbox 382 1251 643 1283; x_wconf 75' lang='lat' dir='ltr'>maledictionem</span> <span class='ocrx_word' id='word_1_164' title='bbox 663 1252 784 1282; x_wconf 86' lang='lat' dir='ltr'>instare</span> <span class='ocrx_word' id='word_1_165' title='bbox 808 1251 867 1282; x_wconf 85' lang='lat' dir='ltr'>sibi</span> <span class='ocrx_word' id='word_1_166' title='bbox 892 1250 984 1282; x_wconf 86' lang='lat' dir='ltr'>vidit</span> <span class='ocrx_word' id='word_1_167' title='bbox 1019 1251 1120 1290; x_wconf 89' lang='lat' dir='ltr'>Atqui</span> <span class='ocrx_word' id='word_1_168' title='bbox 1143 1261 1207 1281; x_wconf 86' lang='lat' dir='ltr'>non</span> 
     </span>
     <span class='ocr_line' id='line_1_25' title="bbox 235 1293 1208 1334; baseline -0.003 -7"><span class='ocrx_word' id='word_1_169' title='bbox 235 1297 333 1327; x_wconf 87' lang='lat' dir='ltr'>unius</span> <span class='ocrx_word' id='word_1_170' title='bbox 362 1300 490 1326; x_wconf 87' lang='lat' dir='ltr'>tantum</span> <span class='ocrx_word' id='word_1_171' title='bbox 525 1295 575 1326; x_wconf 89' lang='lat' dir='ltr'>vel</span> <span class='ocrx_word' id='word_1_172' title='bbox 611 1294 743 1325; x_wconf 87' lang='lat' dir='ltr'>alterius</span> <span class='ocrx_word' id='word_1_173' title='bbox 772 1294 893 1334; x_wconf 87' lang='lat' dir='ltr'>peccati</span> <span class='ocrx_word' id='word_1_174' title='bbox 927 1304 1018 1325; x_wconf 87' lang='lat' dir='ltr'>reum</span> <span class='ocrx_word' id='word_1_175' title='bbox 1049 1304 1083 1325; x_wconf 90' lang='lat' dir='ltr'>se</span> <span class='ocrx_word' id='word_1_176' title='bbox 1112 1293 1208 1324; x_wconf 89' lang='lat' dir='ltr'>fuisse</span> 
     </span>
     <span class='ocr_line' id='line_1_26' title="bbox 235 1336 1208 1379; baseline -0.003 -9"><span class='ocrx_word' id='word_1_177' title='bbox 235 1339 406 1379; x_wconf 75' lang='lat' dir='ltr'>intelligit,</span> <span class='ocrx_word' id='word_1_178' title='bbox 439 1337 494 1368; x_wconf 85' lang='lat' dir='ltr'>scd</span> <span class='ocrx_word' id='word_1_179' title='bbox 529 1343 606 1369; x_wconf 90' lang='lat' dir='ltr'>tunc</span> <span class='ocrx_word' id='word_1_180' title='bbox 641 1337 771 1368; x_wconf 89' lang='lat' dir='ltr'>demum</span> <span class='ocrx_word' id='word_1_181' title='bbox 805 1337 865 1368; x_wconf 91' lang='lat' dir='ltr'>sibi</span> <span class='ocrx_word' id='word_1_182' title='bbox 902 1347 1077 1368; x_wconf 81' lang='lat' dir='ltr'>excussum</span> <span class='ocrx_word' id='word_1_183' title='bbox 1111 1336 1208 1367; x_wconf 86' lang='lat' dir='ltr'>fuisse</span> 
     </span>
     <span class='ocr_line' id='line_1_27' title="bbox 236 1379 1208 1422; baseline -0.003 -9"><span class='ocrx_word' id='word_1_184' title='bbox 236 1387 415 1422; x_wconf 85' lang='lat' dir='ltr'>torporem,</span> <span class='ocrx_word' id='word_1_185' title='bbox 447 1381 501 1412; x_wconf 90' lang='lat' dir='ltr'>ubi</span> <span class='ocrx_word' id='word_1_186' title='bbox 533 1380 725 1420; x_wconf 87' lang='lat' dir='ltr'>cupiditates</span> <span class='ocrx_word' id='word_1_187' title='bbox 751 1390 864 1411; x_wconf 85' lang='lat' dir='ltr'>omnes</span> <span class='ocrx_word' id='word_1_188' title='bbox 888 1390 1024 1420; x_wconf 88' lang='lat' dir='ltr'>quarum</span> <span class='ocrx_word' id='word_1_189' title='bbox 1048 1379 1109 1410; x_wconf 90' lang='lat' dir='ltr'>sibi</span> <span class='ocrx_word' id='word_1_190' title='bbox 1132 1390 1208 1410; x_wconf 90' lang='lat' dir='ltr'>con-</span> 
     </span>
     <span class='ocr_line' id='line_1_28' title="bbox 236 1422 1207 1463; baseline -0.004 -7"><span class='ocrx_word' id='word_1_191' title='bbox 236 1426 320 1457; x_wconf 82' lang='lat' dir='ltr'>scius</span> <span class='ocrx_word' id='word_1_192' title='bbox 344 1429 426 1461; x_wconf 73' lang='lat' dir='ltr'>eraty</span> <span class='ocrx_word' id='word_1_193' title='bbox 456 1425 489 1454; x_wconf 88' lang='lat' dir='ltr'>in</span> <span class='ocrx_word' id='word_1_194' title='bbox 513 1423 666 1454; x_wconf 87' lang='lat' dir='ltr'>iudicium</span> <span class='ocrx_word' id='word_1_195' title='bbox 692 1423 753 1454; x_wconf 86' lang='lat' dir='ltr'>Dei</span> <span class='ocrx_word' id='word_1_196' title='bbox 782 1423 892 1454; x_wconf 83' lang='lat' dir='ltr'>Vocari</span> <span class='ocrx_word' id='word_1_197' title='bbox 926 1422 1077 1463; x_wconf 82' lang='lat' dir='ltr'>agnovit,</span> <span class='ocrx_word' id='word_1_198' title='bbox 1109 1432 1207 1461; x_wconf 88' lang='lat' dir='ltr'>quum</span> 
     </span>
     <span class='ocr_line' id='line_1_29' title="bbox 236 1465 1209 1508; baseline -0.003 -10"><span class='ocrx_word' id='word_1_199' title='bbox 236 1469 327 1508; x_wconf 87' lang='lat' dir='ltr'>prius</span> <span class='ocrx_word' id='word_1_200' title='bbox 346 1467 565 1507; x_wconf 87' lang='lat' dir='ltr'>acquiesceret</span> <span class='ocrx_word' id='word_1_201' title='bbox 584 1468 616 1497; x_wconf 90' lang='lat' dir='ltr'>in</span> <span class='ocrx_word' id='word_1_202' title='bbox 637 1471 773 1497; x_wconf 86' lang='lat' dir='ltr'>externa</span> <span class='ocrx_word' id='word_1_203' title='bbox 792 1466 950 1497; x_wconf 79' lang='lat' dir='ltr'>virtutum</span> <span class='ocrx_word' id='word_1_204' title='bbox 970 1465 1083 1505; x_wconf 86' lang='lat' dir='ltr'>specie.</span> <span class='ocrx_word' id='word_1_205' title='bbox 1113 1465 1209 1496; x_wconf 84' lang='lat' dir='ltr'>Nunc</span> 
     </span>
    </p>
   </div>
   <div class='ocr_carea' id='block_1_3' title="bbox 237 1508 1235 1551">
    <p class='ocr_par' dir='ltr' id='par_1_3' title="bbox 237 1508 1235 1551">
     <span class='ocr_line' id='line_1_30' title="bbox 237 1508 1235 1551; baseline -0.004 -9"><span class='ocrx_word' id='word_1_206' title='bbox 237 1522 313 1551; x_wconf 84' lang='lat' dir='ltr'>ergo</span> <span class='ocrx_word' id='word_1_207' title='bbox 342 1516 505 1548; x_wconf 84' lang='lat' dir='ltr'>tenemus,</span> <span class='ocrx_word' id='word_1_208' title='bbox 541 1521 605 1540; x_wconf 92' lang='lat' dir='ltr'>non</span> <span class='ocrx_word' id='word_1_209' title='bbox 628 1510 736 1549; x_wconf 81' lang='lat' dir='ltr'>inepte</span> <span class='ocrx_word' id='word_1_210' title='bbox 760 1508 914 1540; x_wconf 87' lang='lat' dir='ltr'>distincto</span> <span class='ocrx_word' id='word_1_211' title='bbox 935 1512 1105 1548; x_wconf 87' lang='lat' dir='ltr'>praecepto</span> <span class='ocrx_word' id='word_1_212' title='bbox 1135 1518 1209 1539; x_wconf 89' lang='lat' dir='ltr'>con·</span> <span class='ocrx_word' id='word_1_213' title='bbox 1234 1539 1235 1542; x_wconf 61' lang='grc'>,</span> 
     </span>
    </p>
   </div>
   <div class='ocr_carea' id='block_1_4' title="bbox 236 1551 1214 2152">
    <p class='ocr_par' dir='ltr' id='par_1_4' title="bbox 236 1551 1214 2152">
     <span class='ocr_line' id='line_1_31' title="bbox 236 1551 1209 1594; baseline -0.004 -9"><span class='ocrx_word' id='word_1_214' title='bbox 236 1554 469 1594; x_wconf 85' lang='lat' dir='ltr'>cupiscentiam</span> <span class='ocrx_word' id='word_1_215' title='bbox 505 1553 700 1593; x_wconf 77' lang='lat' dir='ltr'>generaliter</span> <span class='ocrx_word' id='word_1_216' title='bbox 734 1551 897 1582; x_wconf 82' lang='lat' dir='ltr'>damnari:</span> <span class='ocrx_word' id='word_1_217' title='bbox 932 1551 1007 1591; x_wconf 88' lang='lat' dir='ltr'>quia</span> <span class='ocrx_word' id='word_1_218' title='bbox 1040 1551 1094 1582; x_wconf 92' lang='lat' dir='ltr'>ubi</span> <span class='ocrx_word' id='word_1_219' title='bbox 1119 1551 1209 1582; x_wconf 91' lang='lat' dir='ltr'>Deus</span> 
     </span>
     <span class='ocr_line' id='line_1_32' title="bbox 237 1594 1210 1637; baseline -0.003 -10"><span class='ocrx_word' id='word_1_220' title='bbox 237 1597 436 1637; x_wconf 82' lang='lat' dir='ltr'>populariter</span> <span class='ocrx_word' id='word_1_221' title='bbox 464 1602 496 1626; x_wconf 93' lang='lat' dir='ltr'>et</span> <span class='ocrx_word' id='word_1_222' title='bbox 526 1606 634 1627; x_wconf 86' lang='lat' dir='ltr'>crasso</span> <span class='ocrx_word' id='word_1_223' title='bbox 665 1595 749 1636; x_wconf 73' lang='lat' dir='ltr'>stylo</span> <span class='ocrx_word' id='word_1_224' title='bbox 775 1605 882 1625; x_wconf 89' lang='lat' dir='ltr'>mores</span> <span class='ocrx_word' id='word_1_225' title='bbox 913 1594 953 1625; x_wconf 86' lang='lat' dir='ltr'>ad</span> <span class='ocrx_word' id='word_1_226' title='bbox 987 1594 1210 1634; x_wconf 83' lang='lat' dir='ltr'>integritatem</span> 
     </span>
     <span class='ocr_line' id='line_1_33' title="bbox 237 1637 1211 1680; baseline -0.004 -9"><span class='ocrx_word' id='word_1_227' title='bbox 237 1639 435 1680; x_wconf 83' lang='lat' dir='ltr'>composuit,</span> <span class='ocrx_word' id='word_1_228' title='bbox 471 1639 600 1669; x_wconf 87' lang='lat' dir='ltr'>tandem</span> <span class='ocrx_word' id='word_1_229' title='bbox 637 1637 783 1669; x_wconf 88' lang='lat' dir='ltr'>ascendit</span> <span class='ocrx_word' id='word_1_230' title='bbox 816 1637 855 1668; x_wconf 86' lang='lat' dir='ltr'>ad</span> <span class='ocrx_word' id='word_1_231' title='bbox 886 1638 1008 1668; x_wconf 90' lang='lat' dir='ltr'>fontem</span> <span class='ocrx_word' id='word_1_232' title='bbox 1030 1637 1154 1677; x_wconf 87' lang='lat' dir='ltr'>ipsum,</span> <span class='ocrx_word' id='word_1_233' title='bbox 1179 1640 1211 1667; x_wconf 87' lang='grc'>51</span> 
     </span>
     <span class='ocr_line' id='line_1_34' title="bbox 237 1680 1210 1722; baseline -0.004 -8"><span class='ocrx_word' id='word_1_234' title='bbox 237 1682 335 1714; x_wconf 82' lang='lat' dir='ltr'>simul</span> <span class='ocrx_word' id='word_1_235' title='bbox 367 1682 457 1722; x_wconf 82' lang='lat' dir='ltr'>quasi</span> <span class='ocrx_word' id='word_1_236' title='bbox 488 1681 588 1722; x_wconf 84' lang='lat' dir='ltr'>digito</span> <span class='ocrx_word' id='word_1_237' title='bbox 612 1681 753 1713; x_wconf 87' lang='lat' dir='ltr'>radicem</span> <span class='ocrx_word' id='word_1_238' title='bbox 785 1680 986 1712; x_wconf 84' lang='lat' dir='ltr'>demonstrat</span> <span class='ocrx_word' id='word_1_239' title='bbox 1009 1691 1049 1711; x_wconf 80' lang='lat' dir='ltr'>ex</span> <span class='ocrx_word' id='word_1_240' title='bbox 1072 1690 1135 1719; x_wconf 88' lang='lat' dir='ltr'>qua</span> <span class='ocrx_word' id='word_1_241' title='bbox 1154 1689 1210 1710; x_wconf 86' lang='lat' dir='ltr'>na-</span> 
     </span>
     <span class='ocr_line' id='line_1_35' title="bbox 238 1722 1210 1757; baseline -0.003 -1"><span class='ocrx_word' id='word_1_242' title='bbox 238 1732 375 1757; x_wconf 85' lang='lat' dir='ltr'>scuntur</span> <span class='ocrx_word' id='word_1_243' title='bbox 406 1735 516 1755; x_wconf 88' lang='lat' dir='ltr'>omnes</span> <span class='ocrx_word' id='word_1_244' title='bbox 547 1725 624 1755; x_wconf 81' lang='lat' dir='ltr'>mali</span> <span class='ocrx_word' id='word_1_245' title='bbox 649 1730 680 1754; x_wconf 90' lang='lat' dir='ltr'>et</span> <span class='ocrx_word' id='word_1_246' title='bbox 704 1723 812 1754; x_wconf 85' lang='lat' dir='ltr'>vitiosi</span> <span class='ocrx_word' id='word_1_247' title='bbox 836 1723 970 1754; x_wconf 86' lang='lat' dir='ltr'>fructus</span> <span class='ocrx_word' id='word_1_248' title='bbox 1017 1722 1079 1754; x_wconf 91' lang='lat' dir='ltr'>His</span> <span class='ocrx_word' id='word_1_249' title='bbox 1102 1728 1210 1753; x_wconf 87' lang='lat' dir='ltr'>tamen</span> 
     </span>
     <span class='ocr_line' id='line_1_36' title="bbox 238 1765 1211 1814; baseline -0.003 -15"><span class='ocrx_word' id='word_1_250' title='bbox 238 1768 422 1800; x_wconf 85' lang='lat' dir='ltr'>addendum</span> <span class='ocrx_word' id='word_1_251' title='bbox 441 1772 498 1805; x_wconf 86' lang='lat' dir='ltr'>est,</span> <span class='ocrx_word' id='word_1_252' title='bbox 518 1768 589 1807; x_wconf 88' lang='lat' dir='ltr'>plus</span> <span class='ocrx_word' id='word_1_253' title='bbox 607 1767 728 1807; x_wconf 85' lang='lat' dir='ltr'>aliquid</span> <span class='ocrx_word' id='word_1_254' title='bbox 744 1765 1000 1814; x_wconf 80' lang='lat' dir='ltr'>concupiscendi,</span> <span class='ocrx_word' id='word_1_255' title='bbox 1019 1770 1052 1796; x_wconf 86' lang='lat' dir='ltr'>et</span> <span class='ocrx_word' id='word_1_256' title='bbox 1070 1765 1211 1805; x_wconf 83' lang='lat' dir='ltr'>optandi,</span> 
     </span>
     <span class='ocr_line' id='line_1_37' title="bbox 238 1793 1212 1849; baseline -0.004 -7"><span class='ocrx_word' id='word_1_257' title='bbox 238 1812 289 1842; x_wconf 72' lang='lat' dir='ltr'>vel</span> <span class='ocrx_word' id='word_1_258' title='bbox 326 1793 531 1841; x_wconf 77' lang='lat' dir='ltr'>desideraridi</span> <span class='ocrx_word' id='word_1_259' title='bbox 565 1810 673 1841; x_wconf 84' lang='lat' dir='ltr'>verbis</span> <span class='ocrx_word' id='word_1_260' title='bbox 708 1809 864 1849; x_wconf 78' lang='lat' dir='ltr'>exprimi,</span> <span class='ocrx_word' id='word_1_261' title='bbox 900 1819 994 1849; x_wconf 87' lang='lat' dir='ltr'>quam</span> <span class='ocrx_word' id='word_1_262' title='bbox 1018 1808 1212 1839; x_wconf 88' lang='lat' dir='ltr'>desiderium</span> 
     </span>
     <span class='ocr_line' id='line_1_38' title="bbox 239 1852 1213 1894; baseline -0.003 -9"><span class='ocrx_word' id='word_1_263' title='bbox 239 1855 431 1891; x_wconf 80' lang='lat' dir='ltr'>formatum,</span> <span class='ocrx_word' id='word_1_264' title='bbox 462 1860 497 1884; x_wconf 91' lang='lat' dir='ltr'>ut</span> <span class='ocrx_word' id='word_1_265' title='bbox 527 1854 627 1894; x_wconf 85' lang='lat' dir='ltr'>vulgo</span> <span class='ocrx_word' id='word_1_266' title='bbox 662 1853 849 1893; x_wconf 89' lang='lat' dir='ltr'>loquuntur.</span> <span class='ocrx_word' id='word_1_267' title='bbox 897 1852 1000 1892; x_wconf 74' lang='lat' dir='ltr'>Saepe</span> <span class='ocrx_word' id='word_1_268' title='bbox 1035 1852 1121 1882; x_wconf 88' lang='lat' dir='ltr'>enim</span> <span class='ocrx_word' id='word_1_269' title='bbox 1154 1861 1213 1882; x_wconf 87' lang='lat' dir='ltr'>nos</span> 
     </span>
     <span class='ocr_line' id='line_1_39' title="bbox 239 1895 1212 1936; baseline -0.004 -8"><span class='ocrx_word' id='word_1_270' title='bbox 239 1897 394 1929; x_wconf 85' lang='lat' dir='ltr'>sollicitat</span> <span class='ocrx_word' id='word_1_271' title='bbox 417 1906 490 1928; x_wconf 87' lang='lat' dir='ltr'>caro</span> <span class='ocrx_word' id='word_1_272' title='bbox 510 1896 549 1927; x_wconf 88' lang='lat' dir='ltr'>ad</span> <span class='ocrx_word' id='word_1_273' title='bbox 569 1897 629 1927; x_wconf 83' lang='grc'>1105</span> <span class='ocrx_word' id='word_1_274' title='bbox 648 1896 698 1928; x_wconf 86' lang='lat' dir='ltr'>vel</span> <span class='ocrx_word' id='word_1_275' title='bbox 719 1895 800 1926; x_wconf 87' lang='lat' dir='ltr'>illud</span> <span class='ocrx_word' id='word_1_276' title='bbox 825 1895 1012 1936; x_wconf 81' lang='lat' dir='ltr'>optandum,</span> <span class='ocrx_word' id='word_1_277' title='bbox 1032 1900 1068 1924; x_wconf 91' lang='lat' dir='ltr'>ut</span> <span class='ocrx_word' id='word_1_278' title='bbox 1087 1904 1120 1925; x_wconf 87' lang='grc'>55</span> <span class='ocrx_word' id='word_1_279' title='bbox 1139 1904 1212 1934; x_wconf 90' lang='lat' dir='ltr'>pro-</span> 
     </span>
     <span class='ocr_line' id='line_1_40' title="bbox 240 1936 1214 1979; baseline -0.003 -9"><span class='ocrx_word' id='word_1_280' title='bbox 240 1940 296 1971; x_wconf 91' lang='lat' dir='ltr'>dat</span> <span class='ocrx_word' id='word_1_281' title='bbox 322 1939 406 1970; x_wconf 87' lang='lat' dir='ltr'>mala</span> <span class='ocrx_word' id='word_1_282' title='bbox 430 1939 709 1979; x_wconf 86' lang='lat' dir='ltr'>concupiscentia,</span> <span class='ocrx_word' id='word_1_283' title='bbox 739 1938 888 1978; x_wconf 88' lang='lat' dir='ltr'>quamvis</span> <span class='ocrx_word' id='word_1_284' title='bbox 918 1937 1061 1968; x_wconf 85' lang='lat' dir='ltr'>nondum</span> <span class='ocrx_word' id='word_1_285' title='bbox 1085 1936 1214 1968; x_wconf 79' lang='lat' dir='ltr'>accedat</span> 
     </span>
     <span class='ocr_line' id='line_1_41' title="bbox 239 1979 1213 2022; baseline -0.004 -8"><span class='ocrx_word' id='word_1_286' title='bbox 239 1993 424 2015; x_wconf 82' lang='lat' dir='ltr'>consensus.</span> <span class='ocrx_word' id='word_1_287' title='bbox 457 1982 568 2021; x_wconf 75' lang='lat' dir='ltr'>Quum</span> <span class='ocrx_word' id='word_1_288' title='bbox 588 1993 664 2022; x_wconf 87' lang='lat' dir='ltr'>ergo</span> <span class='ocrx_word' id='word_1_289' title='bbox 683 1981 821 2013; x_wconf 85' lang='lat' dir='ltr'>antehac</span> <span class='ocrx_word' id='word_1_290' title='bbox 841 1981 993 2012; x_wconf 87' lang='lat' dir='ltr'>damnata</span> <span class='ocrx_word' id='word_1_291' title='bbox 1012 1980 1110 2011; x_wconf 89' lang='lat' dir='ltr'>fuerit</span> <span class='ocrx_word' id='word_1_292' title='bbox 1128 1979 1213 2010; x_wconf 84' lang='lat' dir='ltr'>mala</span> 
     </span>
     <span class='ocr_line' id='line_1_42' title="bbox 239 2022 1213 2065; baseline -0.004 -9"><span class='ocrx_word' id='word_1_293' title='bbox 239 2026 400 2062; x_wconf 69' lang='lat' dir='ltr'>voluntas,</span> <span class='ocrx_word' id='word_1_294' title='bbox 419 2025 484 2055; x_wconf 87' lang='lat' dir='ltr'>iam</span> <span class='ocrx_word' id='word_1_295' title='bbox 503 2025 590 2056; x_wconf 85' lang='lat' dir='ltr'>ultra</span> <span class='ocrx_word' id='word_1_296' title='bbox 609 2024 816 2065; x_wconf 83' lang='lat' dir='ltr'>progreditur</span> <span class='ocrx_word' id='word_1_297' title='bbox 832 2024 932 2061; x_wconf 83' lang='lat' dir='ltr'>Deus,</span> <span class='ocrx_word' id='word_1_298' title='bbox 952 2023 1110 2062; x_wconf 86' lang='lat' dir='ltr'>malisque</span> <span class='ocrx_word' id='word_1_299' title='bbox 1130 2022 1213 2053; x_wconf 85' lang='lat' dir='ltr'>desi-</span> 
     </span>
     <span class='ocr_line' id='line_1_43' title="bbox 241 2065 1213 2108; baseline -0.003 -9"><span class='ocrx_word' id='word_1_300' title='bbox 241 2068 353 2107; x_wconf 86' lang='lat' dir='ltr'>deriis,</span> <span class='ocrx_word' id='word_1_301' title='bbox 376 2074 548 2108; x_wconf 85' lang='lat' dir='ltr'>antequam</span> <span class='ocrx_word' id='word_1_302' title='bbox 568 2068 793 2108; x_wconf 74' lang='lat' dir='ltr'>praevaleant,</span> <span class='ocrx_word' id='word_1_303' title='bbox 814 2067 961 2098; x_wconf 87' lang='lat' dir='ltr'>fraenum</span> <span class='ocrx_word' id='word_1_304' title='bbox 988 2065 1097 2097; x_wconf 89' lang='lat' dir='ltr'>iniicit.</span> <span class='ocrx_word' id='word_1_305' title='bbox 1143 2065 1213 2096; x_wconf 86' lang='lat' dir='ltr'>Hos</span> 
     </span>
     <span class='ocr_line' id='line_1_44' title="bbox 241 2108 1212 2152; baseline -0.001 -11"><span class='ocrx_word' id='word_1_306' title='bbox 241 2111 361 2152; x_wconf 88' lang='lat' dir='ltr'>gradus</span> <span class='ocrx_word' id='word_1_307' title='bbox 383 2111 518 2143; x_wconf 84' lang='lat' dir='ltr'>Iacobus</span> <span class='ocrx_word' id='word_1_308' title='bbox 539 2111 690 2143; x_wconf 86' lang='lat' dir='ltr'>observat</span> <span class='ocrx_word' id='word_1_309' title='bbox 715 2110 768 2142; x_wconf 87' lang='lat' dir='ltr'>ubi</span> <span class='ocrx_word' id='word_1_310' title='bbox 800 2110 878 2142; x_wconf 90' lang='lat' dir='ltr'>dicit</span> <span class='ocrx_word' id='word_1_311' title='bbox 901 2110 945 2151; x_wconf 85' lang='lat'>(1,</span> <span class='ocrx_word' id='word_1_312' title='bbox 970 2108 1023 2151; x_wconf 78' lang='lat'>15)</span> <span class='ocrx_word' id='word_1_313' title='bbox 1045 2108 1212 2148; x_wconf 84' lang='lat' dir='ltr'>concupis-</span> 
     </span>
    </p>
   </div>
   <div class='ocr_carea' id='block_1_5' title="bbox 953 213 1518 247">
    <p class='ocr_par' dir='ltr' id='par_1_5' title="bbox 953 213 1518 247">
     <span class='ocr_line' id='line_1_45' title="bbox 953 213 1518 247; baseline 0.005 -3"><span class='ocrx_word' id='word_1_314' title='bbox 953 213 1173 245; x_wconf 80' lang='lat' dir='ltr'>DEOIMUM</span> <span class='ocrx_word' id='word_1_315' title='bbox 1196 213 1518 247; x_wconf 74' lang='lat' dir='ltr'>PRAEOEPTUM.</span> 
     </span>
    </p>
   </div>
   <div class='ocr_carea' id='block_1_6' title="bbox 1233 391 1241 2147">
    <p class='ocr_par' dir='ltr' id='par_1_6' title="bbox 1233 391 1241 2147">
     <span class='ocr_line' id='line_1_46' title="bbox 1233 391 1241 2147; baseline 0 0"><span class='ocrx_word' id='word_1_316' title='bbox 1233 391 1241 2147; x_wconf 95' lang='lat' dir='ltr'> </span> 
     </span>
    </p>
   </div>
   <div class='ocr_carea' id='block_1_7' title="bbox 2173 215 2237 247">
    <p class='ocr_par' dir='ltr' id='par_1_7' title="bbox 2173 215 2237 247">
     <span class='ocr_line' id='line_1_47' title="bbox 2173 215 2237 247; baseline 0 0"><span class='ocrx_word' id='word_1_317' title='bbox 2173 215 2237 247; x_wconf 82' lang='lat'>720</span> 
     </span>
    </p>
   </div>
   <div class='ocr_carea' id='block_1_8' title="bbox 1259 308 2238 2147">
    <p class='ocr_par' dir='ltr' id='par_1_8' title="bbox 1259 308 2238 2147">
     <span class='ocr_line' id='line_1_48' title="bbox 1262 308 2232 349; baseline 0.004 -10"><span class='ocrx_word' id='word_1_318' title='bbox 1262 308 1402 340; x_wconf 83' lang='lat' dir='ltr'>centiam</span> <span class='ocrx_word' id='word_1_319' title='bbox 1416 309 1583 349; x_wconf 85' lang='lat' dir='ltr'>concipere</span> <span class='ocrx_word' id='word_1_320' title='bbox 1602 313 1777 348; x_wconf 86' lang='lat' dir='ltr'>antequam</span> <span class='ocrx_word' id='word_1_321' title='bbox 1793 309 1900 348; x_wconf 87' lang='lat' dir='ltr'>pariat</span> <span class='ocrx_word' id='word_1_322' title='bbox 1914 311 2098 348; x_wconf 84' lang='lat' dir='ltr'>peccatum:</span> <span class='ocrx_word' id='word_1_323' title='bbox 2115 309 2232 343; x_wconf 86' lang='lat' dir='ltr'>deinde</span> 
     </span>
     <span class='ocr_line' id='line_1_49' title="bbox 1261 351 2232 393; baseline 0.004 -11"><span class='ocrx_word' id='word_1_324' title='bbox 1261 355 1445 390; x_wconf 87' lang='lat' dir='ltr'>peccatum,</span> <span class='ocrx_word' id='word_1_325' title='bbox 1486 352 1541 383; x_wconf 90' lang='lat' dir='ltr'>ubi</span> <span class='ocrx_word' id='word_1_326' title='bbox 1583 351 1761 391; x_wconf 85' lang='lat' dir='ltr'>perfectum</span> <span class='ocrx_word' id='word_1_327' title='bbox 1803 354 1867 389; x_wconf 88' lang='lat' dir='ltr'>est,</span> <span class='ocrx_word' id='word_1_328' title='bbox 1911 354 2047 382; x_wconf 81' lang='lat' dir='ltr'>mortem</span> <span class='ocrx_word' id='word_1_329' title='bbox 2088 352 2232 393; x_wconf 84' lang='lat' dir='ltr'>gignere.</span> 
     </span>
     <span class='ocr_line' id='line_1_50' title="bbox 1261 393 2232 434; baseline 0.004 -10"><span class='ocrx_word' id='word_1_330' title='bbox 1261 393 1379 425; x_wconf 88' lang='lat' dir='ltr'>Partus</span> <span class='ocrx_word' id='word_1_331' title='bbox 1409 394 1495 425; x_wconf 90' lang='lat' dir='ltr'>enim</span> <span class='ocrx_word' id='word_1_332' title='bbox 1526 394 1564 425; x_wconf 92' lang='lat' dir='ltr'>de</span> <span class='ocrx_word' id='word_1_333' title='bbox 1595 405 1657 434; x_wconf 90' lang='lat' dir='ltr'>quo</span> <span class='ocrx_word' id='word_1_334' title='bbox 1684 393 1845 433; x_wconf 88' lang='lat' dir='ltr'>loquitur,</span> <span class='ocrx_word' id='word_1_335' title='bbox 1876 403 1941 424; x_wconf 90' lang='lat' dir='ltr'>non</span> <span class='ocrx_word' id='word_1_336' title='bbox 1974 398 2101 425; x_wconf 89' lang='lat' dir='ltr'>tantum</span> <span class='ocrx_word' id='word_1_337' title='bbox 2125 396 2232 428; x_wconf 86' lang='lat' dir='ltr'>estin</span> 
     </span>
     <span class='ocr_line' id='line_1_51' title="bbox 1260 435 2231 477; baseline 0.002 -10"><span class='ocrx_word' id='word_1_338' title='bbox 1260 441 1396 467; x_wconf 81' lang='lat' dir='ltr'>externo</span> <span class='ocrx_word' id='word_1_339' title='bbox 1419 442 1510 474; x_wconf 79' lang='lat' dir='ltr'>actu,</span> <span class='ocrx_word' id='word_1_340' title='bbox 1534 437 1589 468; x_wconf 88' lang='lat' dir='ltr'>sed</span> <span class='ocrx_word' id='word_1_341' title='bbox 1614 437 1645 467; x_wconf 90' lang='lat' dir='ltr'>in</span> <span class='ocrx_word' id='word_1_342' title='bbox 1670 437 1740 477; x_wconf 86' lang='lat' dir='ltr'>ipsa</span> <span class='ocrx_word' id='word_1_343' title='bbox 1763 435 1941 473; x_wconf 82' lang='lat' dir='ltr'>voluntate,</span> <span class='ocrx_word' id='word_1_344' title='bbox 1965 440 2136 476; x_wconf 88' lang='lat' dir='ltr'>postquam</span> <span class='ocrx_word' id='word_1_345' title='bbox 2160 442 2231 470; x_wconf 86' lang='lat' dir='ltr'>ten-</span> 
     </span>
     <span class='ocr_line' id='line_1_52' title="bbox 1260 478 2231 520; baseline 0.004 -11"><span class='ocrx_word' id='word_1_346' title='bbox 1260 479 1376 510; x_wconf 85' lang='lat' dir='ltr'>tationi</span> <span class='ocrx_word' id='word_1_347' title='bbox 1395 480 1561 520; x_wconf 82' lang='lat' dir='ltr'>acquievit.</span> <span class='ocrx_word' id='word_1_348' title='bbox 1597 480 1717 510; x_wconf 87' lang='lat' dir='ltr'>Fateor</span> <span class='ocrx_word' id='word_1_349' title='bbox 1736 478 1864 518; x_wconf 90' lang='lat' dir='ltr'>quidem</span> <span class='ocrx_word' id='word_1_350' title='bbox 1884 488 2000 518; x_wconf 85' lang='lat' dir='ltr'>pravas</span> <span class='ocrx_word' id='word_1_351' title='bbox 2018 479 2231 520; x_wconf 87' lang='lat' dir='ltr'>cogitationes</span> 
     </span>
     <span class='ocr_line' id='line_1_53' title="bbox 1260 526 2233 561; baseline 0.003 -9"><span class='ocrx_word' id='word_1_352' title='bbox 1260 532 1343 561; x_wconf 90' lang='lat' dir='ltr'>quae</span> <span class='ocrx_word' id='word_1_353' title='bbox 1366 527 1488 554; x_wconf 88' lang='lat' dir='ltr'>temere</span> <span class='ocrx_word' id='word_1_354' title='bbox 1511 527 1701 559; x_wconf 82' lang='lat' dir='ltr'>occurrunt,</span> <span class='ocrx_word' id='word_1_355' title='bbox 1728 527 1760 553; x_wconf 89' lang='lat' dir='ltr'>et</span> <span class='ocrx_word' id='word_1_356' title='bbox 1783 526 1899 561; x_wconf 89' lang='lat' dir='ltr'>sponte</span> <span class='ocrx_word' id='word_1_357' title='bbox 1923 526 2124 553; x_wconf 84' lang='lat' dir='ltr'>evanescunt</span> <span class='ocrx_word' id='word_1_358' title='bbox 2143 527 2233 555; x_wconf 88' lang='lat' dir='ltr'>ante-</span> 
     </span>
     <span class='ocr_line' id='line_1_54' title="bbox 1260 564 2232 604; baseline 0.002 -9"><span class='ocrx_word' id='word_1_359' title='bbox 1260 575 1356 604; x_wconf 90' lang='lat' dir='ltr'>quam</span> <span class='ocrx_word' id='word_1_360' title='bbox 1375 566 1499 596; x_wconf 88' lang='lat' dir='ltr'>animos</span> <span class='ocrx_word' id='word_1_361' title='bbox 1517 566 1669 603; x_wconf 83' lang='lat' dir='ltr'>afficiant,</span> <span class='ocrx_word' id='word_1_362' title='bbox 1690 575 1753 595; x_wconf 88' lang='lat' dir='ltr'>non</span> <span class='ocrx_word' id='word_1_363' title='bbox 1770 564 1882 595; x_wconf 86' lang='lat' dir='ltr'>venire</span> <span class='ocrx_word' id='word_1_364' title='bbox 1897 564 1930 595; x_wconf 92' lang='lat' dir='ltr'>in</span> <span class='ocrx_word' id='word_1_365' title='bbox 1947 565 2105 596; x_wconf 86' lang='lat' dir='ltr'>rationem</span> <span class='ocrx_word' id='word_1_366' title='bbox 2122 575 2232 598; x_wconf 83' lang='lat' dir='ltr'>coram</span> 
     </span>
     <span class='ocr_line' id='line_1_55' title="bbox 1261 607 2232 648; baseline 0.002 -10"><span class='ocrx_word' id='word_1_367' title='bbox 1261 608 1347 639; x_wconf 83' lang='lat' dir='ltr'>Deo:</span> <span class='ocrx_word' id='word_1_368' title='bbox 1377 619 1489 640; x_wconf 86' lang='lat' dir='ltr'>verum</span> <span class='ocrx_word' id='word_1_369' title='bbox 1521 608 1669 648; x_wconf 83' lang='lat' dir='ltr'>quamvis</span> <span class='ocrx_word' id='word_1_370' title='bbox 1697 617 1763 637; x_wconf 90' lang='lat' dir='ltr'>non</span> <span class='ocrx_word' id='word_1_371' title='bbox 1793 607 1889 647; x_wconf 87' lang='lat' dir='ltr'>plane</span> <span class='ocrx_word' id='word_1_372' title='bbox 1912 607 2153 647; x_wconf 88' lang='lat' dir='ltr'>acquiescamus</span> <span class='ocrx_word' id='word_1_373' title='bbox 2176 608 2232 640; x_wconf 88' lang='lat' dir='ltr'>de-</span> 
     </span>
     <span class='ocr_line' id='line_1_56' title="bbox 1261 649 2232 691; baseline 0.002 -10"><span class='ocrx_word' id='word_1_374' title='bbox 1261 650 1392 689; x_wconf 85' lang='lat' dir='ltr'>siderio,</span> <span class='ocrx_word' id='word_1_375' title='bbox 1416 651 1444 682; x_wconf 89' lang='lat' dir='ltr'>si</span> <span class='ocrx_word' id='word_1_376' title='bbox 1467 655 1577 682; x_wconf 83' lang='lat' dir='ltr'>tamen</span> <span class='ocrx_word' id='word_1_377' title='bbox 1602 661 1658 681; x_wconf 89' lang='lat' dir='ltr'>nos</span> <span class='ocrx_word' id='word_1_378' title='bbox 1682 649 1809 687; x_wconf 87' lang='lat' dir='ltr'>titillat,</span> <span class='ocrx_word' id='word_1_379' title='bbox 1840 650 1960 681; x_wconf 87' lang='lat' dir='ltr'>sufficit</span> <span class='ocrx_word' id='word_1_380' title='bbox 1981 650 2021 681; x_wconf 91' lang='lat' dir='ltr'>ad</span> <span class='ocrx_word' id='word_1_381' title='bbox 2044 660 2116 682; x_wconf 89' lang='lat' dir='ltr'>reos</span> <span class='ocrx_word' id='word_1_382' title='bbox 2139 661 2232 691; x_wconf 87' lang='lat' dir='ltr'>pera.-</span> 
     </span>
     <span class='ocr_line' id='line_1_57' title="bbox 1260 692 2238 734; baseline 0.002 -10"><span class='ocrx_word' id='word_1_383' title='bbox 1260 693 1392 733; x_wconf 84' lang='lat' dir='ltr'>gondos.</span> <span class='ocrx_word' id='word_1_384' title='bbox 1428 693 1467 724; x_wconf 88' lang='lat' dir='ltr'>Id</span> <span class='ocrx_word' id='word_1_385' title='bbox 1490 698 1527 724; x_wconf 86' lang='grc'>111</span> <span class='ocrx_word' id='word_1_386' title='bbox 1545 693 1664 725; x_wconf 86' lang='lat' dir='ltr'>clarius</span> <span class='ocrx_word' id='word_1_387' title='bbox 1684 692 1895 732; x_wconf 83' lang='lat' dir='ltr'>intelligatur,</span> <span class='ocrx_word' id='word_1_388' title='bbox 1918 693 2114 725; x_wconf 80' lang='lat' dir='ltr'>tentationes</span> <span class='ocrx_word' id='word_1_389' title='bbox 2133 704 2238 734; x_wconf 87' lang='lat' dir='ltr'>quae--</span> 
     </span>
     <span class='ocr_line' id='line_1_58' title="bbox 1260 735 2232 776; baseline 0.002 -10"><span class='ocrx_word' id='word_1_390' title='bbox 1260 735 1352 773; x_wconf 90' lang='lat' dir='ltr'>libet,</span> <span class='ocrx_word' id='word_1_391' title='bbox 1384 736 1518 768; x_wconf 86' lang='lat' dir='ltr'>totidem</span> <span class='ocrx_word' id='word_1_392' title='bbox 1547 741 1623 767; x_wconf 86' lang='lat' dir='ltr'>sunt</span> <span class='ocrx_word' id='word_1_393' title='bbox 1654 736 1745 776; x_wconf 87' lang='lat' dir='ltr'>quasi</span> <span class='ocrx_word' id='word_1_394' title='bbox 1774 735 1920 766; x_wconf 86' lang='lat' dir='ltr'>flabella:</span> <span class='ocrx_word' id='word_1_395' title='bbox 1950 736 1977 767; x_wconf 83' lang='lat' dir='ltr'>si</span> <span class='ocrx_word' id='word_1_396' title='bbox 2009 746 2067 768; x_wconf 90' lang='lat' dir='ltr'>nos</span> <span class='ocrx_word' id='word_1_397' title='bbox 2090 736 2129 767; x_wconf 86' lang='lat' dir='ltr'>ad</span> <span class='ocrx_word' id='word_1_398' title='bbox 2153 746 2232 768; x_wconf 89' lang='lat' dir='ltr'>con-</span> 
     </span>
     <span class='ocr_line' id='line_1_59' title="bbox 1260 778 2232 819; baseline 0.002 -9"><span class='ocrx_word' id='word_1_399' title='bbox 1260 788 1392 811; x_wconf 88' lang='lat' dir='ltr'>sensum</span> <span class='ocrx_word' id='word_1_400' title='bbox 1411 790 1512 819; x_wconf 87' lang='lat' dir='ltr'>usque</span> <span class='ocrx_word' id='word_1_401' title='bbox 1529 779 1697 819; x_wconf 85' lang='lat' dir='ltr'>abripiant,</span> <span class='ocrx_word' id='word_1_402' title='bbox 1717 778 1801 819; x_wconf 88' lang='lat' dir='ltr'>ignis</span> <span class='ocrx_word' id='word_1_403' title='bbox 1818 782 1866 809; x_wconf 88' lang='lat' dir='ltr'>est</span> <span class='ocrx_word' id='word_1_404' title='bbox 1880 788 2050 810; x_wconf 85' lang='lat' dir='ltr'>accensus:</span> <span class='ocrx_word' id='word_1_405' title='bbox 2071 779 2097 810; x_wconf 88' lang='lat' dir='ltr'>si</span> <span class='ocrx_word' id='word_1_406' title='bbox 2121 783 2232 812; x_wconf 86' lang='lat' dir='ltr'>autem</span> 
     </span>
     <span class='ocr_line' id='line_1_60' title="bbox 1259 821 2233 862; baseline 0.001 -10"><span class='ocrx_word' id='word_1_407' title='bbox 1259 831 1315 853; x_wconf 89' lang='lat' dir='ltr'>eor</span> <span class='ocrx_word' id='word_1_408' title='bbox 1344 822 1519 862; x_wconf 89' lang='lat' dir='ltr'>impellunt</span> <span class='ocrx_word' id='word_1_409' title='bbox 1549 821 1589 853; x_wconf 86' lang='lat' dir='ltr'>ad</span> <span class='ocrx_word' id='word_1_410' title='bbox 1611 831 1728 861; x_wconf 84' lang='lat' dir='ltr'>pravos</span> <span class='ocrx_word' id='word_1_411' title='bbox 1761 821 1941 861; x_wconf 87' lang='lat' dir='ltr'>appetitus,</span> <span class='ocrx_word' id='word_1_412' title='bbox 1970 822 2233 862; x_wconf 84' lang='lat' dir='ltr'>concupiscentia</span> 
     </span>
     <span class='ocr_line' id='line_1_61' title="bbox 1260 863 2232 904; baseline 0.002 -9"><span class='ocrx_word' id='word_1_413' title='bbox 1260 865 1293 895; x_wconf 92' lang='lat' dir='ltr'>in</span> <span class='ocrx_word' id='word_1_414' title='bbox 1316 864 1380 896; x_wconf 90' lang='lat' dir='ltr'>illis</span> <span class='ocrx_word' id='word_1_415' title='bbox 1409 865 1558 896; x_wconf 87' lang='lat' dir='ltr'>scintillis</span> <span class='ocrx_word' id='word_1_416' title='bbox 1588 876 1621 896; x_wconf 87' lang='lat' dir='ltr'>sc</span> <span class='ocrx_word' id='word_1_417' title='bbox 1652 863 1758 904; x_wconf 86' lang='lat' dir='ltr'>prodit</span> <span class='ocrx_word' id='word_1_418' title='bbox 1785 864 1934 904; x_wconf 84' lang='lat' dir='ltr'>quamvis</span> <span class='ocrx_word' id='word_1_419' title='bbox 1959 875 2063 904; x_wconf 85' lang='lat' dir='ltr'>neque</span> <span class='ocrx_word' id='word_1_420' title='bbox 2082 865 2232 897; x_wconf 89' lang='lat' dir='ltr'>ardorem</span> 
     </span>
     <span class='ocr_line' id='line_1_62' title="bbox 1260 907 2230 948; baseline 0.003 -11"><span class='ocrx_word' id='word_1_421' title='bbox 1260 907 1390 947; x_wconf 88' lang='lat' dir='ltr'>plenum</span> <span class='ocrx_word' id='word_1_422' title='bbox 1410 908 1577 948; x_wconf 81' lang='lat' dir='ltr'>concipiat,</span> <span class='ocrx_word' id='word_1_423' title='bbox 1599 917 1701 947; x_wconf 86' lang='lat' dir='ltr'>neque</span> <span class='ocrx_word' id='word_1_424' title='bbox 1720 911 1866 947; x_wconf 84' lang='lat' dir='ltr'>emergat</span> <span class='ocrx_word' id='word_1_425' title='bbox 1884 907 1918 937; x_wconf 91' lang='lat' dir='ltr'>in</span> <span class='ocrx_word' id='word_1_426' title='bbox 1938 908 2111 939; x_wconf 87' lang='lat' dir='ltr'>flammam.</span> <span class='ocrx_word' id='word_1_427' title='bbox 2145 907 2230 940; x_wconf 83' lang='lat' dir='ltr'>Gon-</span> 
     </span>
     <span class='ocr_line' id='line_1_63' title="bbox 1259 950 2231 991; baseline 0 -9"><span class='ocrx_word' id='word_1_428' title='bbox 1259 951 1456 990; x_wconf 88' lang='lat' dir='ltr'>cupiscentia</span> <span class='ocrx_word' id='word_1_429' title='bbox 1478 961 1554 991; x_wconf 87' lang='lat' dir='ltr'>ergo</span> <span class='ocrx_word' id='word_1_430' title='bbox 1579 959 1745 989; x_wconf 83' lang='lat' dir='ltr'>nunquam</span> <span class='ocrx_word' id='word_1_431' title='bbox 1769 954 1817 980; x_wconf 85' lang='lat' dir='ltr'>est</span> <span class='ocrx_word' id='word_1_432' title='bbox 1841 950 1910 980; x_wconf 87' lang='lat' dir='ltr'>sine</span> <span class='ocrx_word' id='word_1_433' title='bbox 1930 950 2058 989; x_wconf 86' lang='lat' dir='ltr'>affectu,</span> <span class='ocrx_word' id='word_1_434' title='bbox 2082 951 2231 991; x_wconf 87' lang='lat' dir='ltr'>quamvis</span> 
     </span>
     <span class='ocr_line' id='line_1_64' title="bbox 1259 992 2233 1034; baseline 0.001 -10"><span class='ocrx_word' id='word_1_435' title='bbox 1259 1004 1325 1024; x_wconf 86' lang='lat' dir='ltr'>non</span> <span class='ocrx_word' id='word_1_436' title='bbox 1359 1004 1492 1034; x_wconf 85' lang='lat' dir='ltr'>prorsus</span> <span class='ocrx_word' id='word_1_437' title='bbox 1533 993 1721 1024; x_wconf 82' lang='lat' dir='ltr'>succumbat</span> <span class='ocrx_word' id='word_1_438' title='bbox 1756 992 1916 1024; x_wconf 87' lang='lat' dir='ltr'>voluntas.</span> <span class='ocrx_word' id='word_1_439' title='bbox 1963 992 2057 1025; x_wconf 87' lang='lat' dir='ltr'>Unde</span> <span class='ocrx_word' id='word_1_440' title='bbox 2097 998 2233 1034; x_wconf 84' lang='lat' dir='ltr'>apparet</span> 
     </span>
     <span class='ocr_line' id='line_1_65' title="bbox 1259 1035 2230 1078; baseline 0.001 -11"><span class='ocrx_word' id='word_1_441' title='bbox 1259 1046 1354 1076; x_wconf 84' lang='lat' dir='ltr'>quam</span> <span class='ocrx_word' id='word_1_442' title='bbox 1378 1041 1492 1067; x_wconf 82' lang='lat' dir='ltr'>exacta</span> <span class='ocrx_word' id='word_1_443' title='bbox 1515 1036 1656 1067; x_wconf 88' lang='lat' dir='ltr'>iustitiae</span> <span class='ocrx_word' id='word_1_444' title='bbox 1680 1035 1832 1075; x_wconf 84' lang='lat' dir='ltr'>perfectio</span> <span class='ocrx_word' id='word_1_445' title='bbox 1855 1035 2022 1067; x_wconf 86' lang='lat' dir='ltr'>afferenda</span> <span class='ocrx_word' id='word_1_446' title='bbox 2045 1036 2087 1067; x_wconf 91' lang='lat' dir='ltr'>sit</span> <span class='ocrx_word' id='word_1_447' title='bbox 2109 1041 2144 1068; x_wconf 92' lang='lat' dir='ltr'>ut</span> <span class='ocrx_word' id='word_1_448' title='bbox 2165 1036 2230 1078; x_wconf 84' lang='lat' dir='ltr'>legi</span> 
     </span>
     <span class='ocr_line' id='line_1_66' title="bbox 1259 1078 2229 1118; baseline 0.004 -11"><span class='ocrx_word' id='word_1_449' title='bbox 1259 1080 1406 1116; x_wconf 78' lang='lat' dir='ltr'>satisfiat,</span> <span class='ocrx_word' id='word_1_450' title='bbox 1442 1079 1569 1118; x_wconf 85' lang='lat' dir='ltr'>quando</span> <span class='ocrx_word' id='word_1_451' title='bbox 1603 1089 1667 1110; x_wconf 91' lang='lat' dir='ltr'>non</span> <span class='ocrx_word' id='word_1_452' title='bbox 1702 1082 1829 1109; x_wconf 87' lang='lat' dir='ltr'>tantum</span> <span class='ocrx_word' id='word_1_453' title='bbox 1859 1078 1952 1109; x_wconf 87' lang='lat' dir='ltr'>nobis</span> <span class='ocrx_word' id='word_1_454' title='bbox 1985 1078 2160 1110; x_wconf 84' lang='lat' dir='ltr'>mandatur</span> <span class='ocrx_word' id='word_1_455' title='bbox 2187 1090 2229 1111; x_wconf 87' lang='lat' dir='ltr'>ne</span> 
     </span>
     <span class='ocr_line' id='line_1_67' title="bbox 1259 1120 2229 1162; baseline 0 -10"><span class='ocrx_word' id='word_1_456' title='bbox 1259 1121 1336 1162; x_wconf 91' lang='lat' dir='ltr'>quid</span> <span class='ocrx_word' id='word_1_457' title='bbox 1365 1122 1503 1153; x_wconf 86' lang='lat' dir='ltr'>velimus</span> <span class='ocrx_word' id='word_1_458' title='bbox 1527 1122 1589 1153; x_wconf 85' lang='lat' dir='ltr'>nisi</span> <span class='ocrx_word' id='word_1_459' title='bbox 1612 1120 1694 1161; x_wconf 85' lang='lat' dir='ltr'>quod</span> <span class='ocrx_word' id='word_1_460' title='bbox 1718 1126 1842 1152; x_wconf 75' lang='lat' dir='ltr'>lectum</span> <span class='ocrx_word' id='word_1_461' title='bbox 1874 1126 1924 1152; x_wconf 87' lang='lat' dir='ltr'>est</span> <span class='ocrx_word' id='word_1_462' title='bbox 1954 1131 1990 1153; x_wconf 88' lang='lat' dir='ltr'>ae</span> <span class='ocrx_word' id='word_1_463' title='bbox 2015 1122 2085 1153; x_wconf 92' lang='lat' dir='ltr'>Deo</span> <span class='ocrx_word' id='word_1_464' title='bbox 2114 1122 2229 1162; x_wconf 86' lang='lat' dir='ltr'>placet,</span> 
     </span>
     <span class='ocr_line' id='line_1_68' title="bbox 1259 1164 2230 1204; baseline 0 -8"><span class='ocrx_word' id='word_1_465' title='bbox 1259 1164 1315 1196; x_wconf 83' lang='lat' dir='ltr'>sed</span> <span class='ocrx_word' id='word_1_466' title='bbox 1334 1165 1430 1195; x_wconf 85' lang='lat' dir='ltr'>etiam</span> <span class='ocrx_word' id='word_1_467' title='bbox 1453 1175 1490 1196; x_wconf 91' lang='lat' dir='ltr'>ne</span> <span class='ocrx_word' id='word_1_468' title='bbox 1510 1165 1580 1204; x_wconf 87' lang='lat' dir='ltr'>quis</span> <span class='ocrx_word' id='word_1_469' title='bbox 1600 1164 1747 1204; x_wconf 78' lang='lat' dir='ltr'>impunis</span> <span class='ocrx_word' id='word_1_470' title='bbox 1766 1164 1930 1204; x_wconf 87' lang='lat' dir='ltr'>appetitus</span> <span class='ocrx_word' id='word_1_471' title='bbox 1953 1165 2077 1196; x_wconf 88' lang='lat' dir='ltr'>animos</span> <span class='ocrx_word' id='word_1_472' title='bbox 2101 1170 2230 1196; x_wconf 86' lang='lat' dir='ltr'>nostros</span> 
     </span>
     <span class='ocr_line' id='line_1_69' title="bbox 1259 1207 2230 1247; baseline 0.002 -9"><span class='ocrx_word' id='word_1_473' title='bbox 1259 1208 1379 1238; x_wconf 83' lang='lat' dir='ltr'>incitet.</span> <span class='ocrx_word' id='word_1_474' title='bbox 1413 1207 1480 1239; x_wconf 91' lang='lat' dir='ltr'>Nec</span> <span class='ocrx_word' id='word_1_475' title='bbox 1502 1218 1578 1238; x_wconf 88' lang='lat' dir='ltr'>vero</span> <span class='ocrx_word' id='word_1_476' title='bbox 1598 1212 1763 1246; x_wconf 87' lang='lat' dir='ltr'>tantopere</span> <span class='ocrx_word' id='word_1_477' title='bbox 1787 1212 2002 1247; x_wconf 81' lang='lat' dir='ltr'>exaggeraret</span> <span class='ocrx_word' id='word_1_478' title='bbox 2025 1208 2147 1239; x_wconf 86' lang='lat' dir='ltr'>Paulus</span> <span class='ocrx_word' id='word_1_479' title='bbox 2169 1207 2230 1240; x_wconf 90' lang='lat' dir='ltr'>hoc</span> 
     </span>
     <span class='ocr_line' id='line_1_70' title="bbox 1260 1249 2229 1291; baseline 0 -9"><span class='ocrx_word' id='word_1_480' title='bbox 1260 1250 1411 1287; x_wconf 85' lang='lat' dir='ltr'>verbum,</span> <span class='ocrx_word' id='word_1_481' title='bbox 1440 1251 1467 1281; x_wconf 87' lang='grc'>51</span> <span class='ocrx_word' id='word_1_482' title='bbox 1498 1250 1550 1281; x_wconf 85' lang='lat' dir='ltr'>lex</span> <span class='ocrx_word' id='word_1_483' title='bbox 1574 1250 1698 1281; x_wconf 88' lang='lat' dir='ltr'>nullam</span> <span class='ocrx_word' id='word_1_484' title='bbox 1732 1249 1903 1281; x_wconf 89' lang='lat' dir='ltr'>damnaret</span> <span class='ocrx_word' id='word_1_485' title='bbox 1925 1250 2229 1291; x_wconf 83' lang='lat' dir='ltr'>concupiscentiam,</span> 
     </span>
     <span class='ocr_line' id='line_1_71' title="bbox 1261 1293 2232 1333; baseline 0 -9"><span class='ocrx_word' id='word_1_486' title='bbox 1261 1293 1321 1325; x_wconf 88' lang='lat' dir='ltr'>nisi</span> <span class='ocrx_word' id='word_1_487' title='bbox 1345 1303 1428 1333; x_wconf 88' lang='lat' dir='ltr'>quae</span> <span class='ocrx_word' id='word_1_488' title='bbox 1451 1293 1595 1323; x_wconf 86' lang='lat' dir='ltr'>animum</span> <span class='ocrx_word' id='word_1_489' title='bbox 1620 1293 1760 1323; x_wconf 85' lang='lat' dir='ltr'>hominis</span> <span class='ocrx_word' id='word_1_490' title='bbox 1784 1293 1829 1324; x_wconf 85' lang='lat' dir='ltr'>sic</span> <span class='ocrx_word' id='word_1_491' title='bbox 1851 1298 1987 1332; x_wconf 88' lang='lat' dir='ltr'>occupat</span> <span class='ocrx_word' id='word_1_492' title='bbox 2010 1293 2098 1324; x_wconf 90' lang='lat' dir='ltr'>utin</span> <span class='ocrx_word' id='word_1_493' title='bbox 2117 1303 2154 1324; x_wconf 90' lang='lat' dir='ltr'>eo</span> <span class='ocrx_word' id='word_1_494' title='bbox 2174 1293 2232 1324; x_wconf 89' lang='lat' dir='ltr'>do-</span> 
     </span>
     <span class='ocr_line' id='line_1_72' title="bbox 1261 1336 2231 1376; baseline 0 -9"><span class='ocrx_word' id='word_1_495' title='bbox 1261 1336 1411 1367; x_wconf 88' lang='lat' dir='ltr'>minetur.</span> <span class='ocrx_word' id='word_1_496' title='bbox 1458 1336 1541 1366; x_wconf 87' lang='lat' dir='ltr'>Nam</span> <span class='ocrx_word' id='word_1_497' title='bbox 1566 1347 1583 1366; x_wconf 90' lang='lat' dir='ltr'>a</span> <span class='ocrx_word' id='word_1_498' title='bbox 1604 1336 1746 1375; x_wconf 87' lang='lat' dir='ltr'>profanis</span> <span class='ocrx_word' id='word_1_499' title='bbox 1776 1346 1902 1376; x_wconf 88' lang='lat' dir='ltr'>quoque</span> <span class='ocrx_word' id='word_1_500' title='bbox 1922 1336 2142 1376; x_wconf 87' lang='lat' dir='ltr'>philosophis,</span> <span class='ocrx_word' id='word_1_501' title='bbox 2165 1336 2231 1368; x_wconf 89' lang='lat' dir='ltr'>imo</span> 
     </span>
     <span class='ocr_line' id='line_1_73' title="bbox 1261 1378 2232 1419; baseline 0.001 -10"><span class='ocrx_word' id='word_1_502' title='bbox 1261 1390 1280 1410; x_wconf 85' lang='lat' dir='ltr'>a</span> <span class='ocrx_word' id='word_1_503' title='bbox 1304 1379 1440 1409; x_wconf 88' lang='lat' dir='ltr'>terrenis</span> <span class='ocrx_word' id='word_1_504' title='bbox 1471 1378 1707 1418; x_wconf 83' lang='lat' dir='ltr'>legislatoribus</span> <span class='ocrx_word' id='word_1_505' title='bbox 1733 1388 1861 1418; x_wconf 82' lang='lat' dir='ltr'>semper</span> <span class='ocrx_word' id='word_1_506' title='bbox 1891 1378 2098 1410; x_wconf 87' lang='lat' dir='ltr'>damnabitur</span> <span class='ocrx_word' id='word_1_507' title='bbox 2131 1379 2232 1419; x_wconf 82' lang='lat' dir='ltr'>impia</span> 
     </span>
     <span class='ocr_line' id='line_1_74' title="bbox 1260 1421 2231 1462; baseline 0.001 -10"><span class='ocrx_word' id='word_1_508' title='bbox 1260 1422 1418 1452; x_wconf 83' lang='lat' dir='ltr'>voluntas.</span> <span class='ocrx_word' id='word_1_509' title='bbox 1444 1422 1568 1452; x_wconf 84' lang='lat' dir='ltr'>Paulus</span> <span class='ocrx_word' id='word_1_510' title='bbox 1592 1426 1698 1452; x_wconf 84' lang='lat' dir='ltr'>autem</span> <span class='ocrx_word' id='word_1_511' title='bbox 1718 1421 1804 1459; x_wconf 77' lang='lat' dir='ltr'>dicit,</span> <span class='ocrx_word' id='word_1_512' title='bbox 1828 1421 1904 1452; x_wconf 91' lang='lat' dir='ltr'>dum</span> <span class='ocrx_word' id='word_1_513' title='bbox 1927 1422 1981 1452; x_wconf 87' lang='lat' dir='ltr'>lex</span> <span class='ocrx_word' id='word_1_514' title='bbox 2004 1422 2231 1462; x_wconf 87' lang='lat' dir='ltr'>concupiscen-</span> 
     </span>
     <span class='ocr_line' id='line_1_75' title="bbox 1261 1464 2232 1505; baseline 0.001 -10"><span class='ocrx_word' id='word_1_515' title='bbox 1261 1465 1323 1495; x_wconf 87' lang='lat' dir='ltr'>tiae</span> <span class='ocrx_word' id='word_1_516' title='bbox 1347 1464 1490 1499; x_wconf 77' lang='grc'>011515111,</span> <span class='ocrx_word' id='word_1_517' title='bbox 1515 1469 1682 1504; x_wconf 89' lang='lat' dir='ltr'>peccatum</span> <span class='ocrx_word' id='word_1_518' title='bbox 1713 1465 1783 1495; x_wconf 87' lang='lat' dir='ltr'>fieri</span> <span class='ocrx_word' id='word_1_519' title='bbox 1815 1475 1914 1504; x_wconf 86' lang='lat' dir='ltr'>supra</span> <span class='ocrx_word' id='word_1_520' title='bbox 1939 1464 2071 1496; x_wconf 90' lang='lat' dir='ltr'>modum</span> <span class='ocrx_word' id='word_1_521' title='bbox 2096 1474 2232 1505; x_wconf 83' lang='lat' dir='ltr'>peccans</span> 
     </span>
     <span class='ocr_line' id='line_1_76' title="bbox 1262 1507 2233 1548; baseline 0 -10"><span class='ocrx_word' id='word_1_522' title='bbox 1262 1507 1368 1548; x_wconf 85' lang='lat' dir='ltr'>(Rom.</span> <span class='ocrx_word' id='word_1_523' title='bbox 1394 1508 1422 1543; x_wconf 89' lang='lat'>7,</span> <span class='ocrx_word' id='word_1_524' title='bbox 1452 1507 1511 1548; x_wconf 81' lang='lat'>13).</span> <span class='ocrx_word' id='word_1_525' title='bbox 1547 1507 1616 1537; x_wconf 89' lang='lat' dir='ltr'>Iam</span> <span class='ocrx_word' id='word_1_526' title='bbox 1640 1518 1702 1547; x_wconf 93' lang='lat' dir='ltr'>quo</span> <span class='ocrx_word' id='word_1_527' title='bbox 1726 1512 1871 1547; x_wconf 87' lang='lat' dir='ltr'>tempore</span> <span class='ocrx_word' id='word_1_528' title='bbox 1894 1518 1928 1538; x_wconf 83' lang='lat' dir='ltr'>se</span> <span class='ocrx_word' id='word_1_529' title='bbox 1947 1508 2089 1539; x_wconf 86' lang='lat' dir='ltr'>nescisse</span> <span class='ocrx_word' id='word_1_530' title='bbox 2112 1508 2233 1539; x_wconf 81' lang='lat' dir='ltr'>fatetur</span> 
     </span>
     <span class='ocr_line' id='line_1_77' title="bbox 1261 1549 2232 1590; baseline 0 -9"><span class='ocrx_word' id='word_1_531' title='bbox 1261 1550 1337 1590; x_wconf 87' lang='lat' dir='ltr'>quid</span> <span class='ocrx_word' id='word_1_532' title='bbox 1371 1554 1455 1581; x_wconf 88' lang='lat' dir='ltr'>esset</span> <span class='ocrx_word' id='word_1_533' title='bbox 1488 1550 1754 1589; x_wconf 85' lang='lat' dir='ltr'>concupiscentia,</span> <span class='ocrx_word' id='word_1_534' title='bbox 1789 1550 1942 1582; x_wconf 89' lang='lat' dir='ltr'>credibile</span> <span class='ocrx_word' id='word_1_535' title='bbox 1977 1561 2042 1581; x_wconf 89' lang='lat' dir='ltr'>non</span> <span class='ocrx_word' id='word_1_536' title='bbox 2076 1555 2124 1582; x_wconf 87' lang='lat' dir='ltr'>est</span> <span class='ocrx_word' id='word_1_537' title='bbox 2153 1549 2232 1582; x_wconf 89' lang='lat' dir='ltr'>adeo</span> 
     </span>
     <span class='ocr_line' id='line_1_78' title="bbox 1263 1592 2233 1632; baseline 0.001 -9"><span class='ocrx_word' id='word_1_538' title='bbox 1263 1592 1429 1624; x_wconf 84' lang='lat' dir='ltr'>socordem</span> <span class='ocrx_word' id='word_1_539' title='bbox 1463 1593 1561 1624; x_wconf 82' lang='lat' dir='ltr'>fuisse</span> <span class='ocrx_word' id='word_1_540' title='bbox 1595 1598 1627 1624; x_wconf 90' lang='lat' dir='ltr'>et</span> <span class='ocrx_word' id='word_1_541' title='bbox 1660 1594 1843 1632; x_wconf 81' lang='lat' dir='ltr'>stupidum,</span> <span class='ocrx_word' id='word_1_542' title='bbox 1879 1600 1915 1624; x_wconf 85' lang='lat' dir='ltr'>ut</span> <span class='ocrx_word' id='word_1_543' title='bbox 1952 1593 2034 1625; x_wconf 79' lang='lat' dir='ltr'>velle</span> <span class='ocrx_word' id='word_1_544' title='bbox 2064 1593 2233 1625; x_wconf 88' lang='lat' dir='ltr'>hominem</span> 
     </span>
     <span class='ocr_line' id='line_1_79' title="bbox 1263 1635 2233 1677; baseline 0.001 -11"><span class='ocrx_word' id='word_1_545' title='bbox 1263 1635 1424 1673; x_wconf 86' lang='lat' dir='ltr'>occidere,</span> <span class='ocrx_word' id='word_1_546' title='bbox 1456 1635 1506 1667; x_wconf 91' lang='lat' dir='ltr'>vel</span> <span class='ocrx_word' id='word_1_547' title='bbox 1537 1635 1666 1667; x_wconf 88' lang='lat' dir='ltr'>libidine</span> <span class='ocrx_word' id='word_1_548' title='bbox 1700 1636 1777 1667; x_wconf 86' lang='lat' dir='ltr'>ferri</span> <span class='ocrx_word' id='word_1_549' title='bbox 1806 1636 1845 1667; x_wconf 88' lang='lat' dir='ltr'>ad</span> <span class='ocrx_word' id='word_1_550' title='bbox 1880 1636 2094 1677; x_wconf 86' lang='lat' dir='ltr'>stuprandam</span> <span class='ocrx_word' id='word_1_551' title='bbox 2123 1636 2233 1668; x_wconf 87' lang='lat' dir='ltr'>fratris</span> 
     </span>
     <span class='ocr_line' id='line_1_80' title="bbox 1264 1677 2233 1718; baseline 0.001 -9"><span class='ocrx_word' id='word_1_552' title='bbox 1264 1689 1416 1716; x_wconf 82' lang='lat' dir='ltr'>uxorem,</span> <span class='ocrx_word' id='word_1_553' title='bbox 1441 1689 1498 1718; x_wconf 86' lang='lat' dir='ltr'>pro</span> <span class='ocrx_word' id='word_1_554' title='bbox 1522 1677 1622 1709; x_wconf 89' lang='lat' dir='ltr'>nihilo</span> <span class='ocrx_word' id='word_1_555' title='bbox 1647 1678 1786 1710; x_wconf 85' lang='lat' dir='ltr'>duceret.</span> <span class='ocrx_word' id='word_1_556' title='bbox 1832 1678 1929 1718; x_wconf 78' lang='lat' dir='ltr'>Quod</span> <span class='ocrx_word' id='word_1_557' title='bbox 1953 1679 1980 1710; x_wconf 87' lang='grc'>51</span> <span class='ocrx_word' id='word_1_558' title='bbox 2003 1679 2142 1710; x_wconf 84' lang='lat' dir='ltr'>Paulum</span> <span class='ocrx_word' id='word_1_559' title='bbox 2166 1689 2233 1710; x_wconf 89' lang='lat' dir='ltr'>non</span> 
     </span>
     <span class='ocr_line' id='line_1_81' title="bbox 1265 1721 2233 1762; baseline 0.001 -11"><span class='ocrx_word' id='word_1_560' title='bbox 1265 1722 1358 1752; x_wconf 87' lang='lat' dir='ltr'>latuit</span> <span class='ocrx_word' id='word_1_561' title='bbox 1377 1721 1455 1761; x_wconf 88' lang='lat' dir='ltr'>quin</span> <span class='ocrx_word' id='word_1_562' title='bbox 1476 1721 1588 1752; x_wconf 80' lang='lat' dir='ltr'>vitiosa</span> <span class='ocrx_word' id='word_1_563' title='bbox 1609 1726 1694 1753; x_wconf 86' lang='lat' dir='ltr'>esset</span> <span class='ocrx_word' id='word_1_564' title='bbox 1713 1722 1868 1762; x_wconf 86' lang='lat' dir='ltr'>peccandi</span> <span class='ocrx_word' id='word_1_565' title='bbox 1885 1722 2054 1754; x_wconf 82' lang='lat' dir='ltr'>voluntas:</span> <span class='ocrx_word' id='word_1_566' title='bbox 2079 1722 2233 1762; x_wconf 85' lang='lat' dir='ltr'>sequitur,</span> 
     </span>
     <span class='ocr_line' id='line_1_82' title="bbox 1264 1764 2234 1805; baseline 0.001 -10"><span class='ocrx_word' id='word_1_567' title='bbox 1264 1764 1573 1804; x_wconf 81' lang='lat' dir='ltr'>concupiscentiam,</span> <span class='ocrx_word' id='word_1_568' title='bbox 1603 1765 1636 1794; x_wconf 93' lang='lat' dir='ltr'>in</span> <span class='ocrx_word' id='word_1_569' title='bbox 1660 1775 1721 1804; x_wconf 85' lang='lat' dir='ltr'>qua</span> <span class='ocrx_word' id='word_1_570' title='bbox 1745 1765 1870 1796; x_wconf 84' lang='lat' dir='ltr'>nullam</span> <span class='ocrx_word' id='word_1_571' title='bbox 1899 1765 2027 1805; x_wconf 90' lang='lat' dir='ltr'>culpam</span> <span class='ocrx_word' id='word_1_572' title='bbox 2051 1764 2234 1805; x_wconf 86' lang='lat' dir='ltr'>deprehen-</span> 
     </span>
     <span class='ocr_line' id='line_1_83' title="bbox 1265 1807 2234 1848; baseline 0.002 -11"><span class='ocrx_word' id='word_1_573' title='bbox 1265 1807 1373 1844; x_wconf 87' lang='lat' dir='ltr'>debat,</span> <span class='ocrx_word' id='word_1_574' title='bbox 1404 1807 1552 1838; x_wconf 90' lang='lat' dir='ltr'>morbum</span> <span class='ocrx_word' id='word_1_575' title='bbox 1577 1807 1675 1838; x_wconf 86' lang='lat' dir='ltr'>fuisse</span> <span class='ocrx_word' id='word_1_576' title='bbox 1698 1808 1801 1848; x_wconf 85' lang='lat' dir='ltr'>magis</span> <span class='ocrx_word' id='word_1_577' title='bbox 1830 1808 2002 1839; x_wconf 90' lang='lat' dir='ltr'>occultum.</span> <span class='ocrx_word' id='word_1_578' title='bbox 2046 1808 2134 1839; x_wconf 87' lang='lat' dir='ltr'>Hinc</span> <span class='ocrx_word' id='word_1_579' title='bbox 2157 1817 2234 1839; x_wconf 88' lang='lat' dir='ltr'>vero</span> 
     </span>
     <span class='ocr_line' id='line_1_84' title="bbox 1264 1849 2234 1891; baseline 0.001 -11"><span class='ocrx_word' id='word_1_580' title='bbox 1264 1850 1459 1890; x_wconf 78' lang='lat' dir='ltr'>perspicitur</span> <span class='ocrx_word' id='word_1_581' title='bbox 1498 1850 1613 1889; x_wconf 89' lang='lat' dir='ltr'>quibus</span> <span class='ocrx_word' id='word_1_582' title='bbox 1654 1851 1838 1891; x_wconf 87' lang='lat' dir='ltr'>praestigiis</span> <span class='ocrx_word' id='word_1_583' title='bbox 1885 1851 2095 1882; x_wconf 86' lang='lat' dir='ltr'>fascinaverit</span> <span class='ocrx_word' id='word_1_584' title='bbox 2131 1849 2234 1882; x_wconf 84' lang='lat' dir='ltr'>Satan</span> 
     </span>
     <span class='ocr_line' id='line_1_85' title="bbox 1265 1892 2235 1934; baseline 0 -10"><span class='ocrx_word' id='word_1_585' title='bbox 1265 1892 1391 1924; x_wconf 85' lang='lat' dir='ltr'>scholas</span> <span class='ocrx_word' id='word_1_586' title='bbox 1413 1903 1525 1923; x_wconf 86' lang='lat' dir='ltr'>omnes</span> <span class='ocrx_word' id='word_1_587' title='bbox 1549 1893 1693 1933; x_wconf 82' lang='lat' dir='ltr'>papales,</span> <span class='ocrx_word' id='word_1_588' title='bbox 1724 1894 1758 1924; x_wconf 91' lang='lat' dir='ltr'>in</span> <span class='ocrx_word' id='word_1_589' title='bbox 1781 1894 1899 1933; x_wconf 92' lang='lat' dir='ltr'>quibus</span> <span class='ocrx_word' id='word_1_590' title='bbox 1930 1899 2084 1934; x_wconf 87' lang='lat' dir='ltr'>personat</span> <span class='ocrx_word' id='word_1_591' title='bbox 2105 1893 2235 1924; x_wconf 81' lang='lat' dir='ltr'>axioma</span> 
     </span>
     <span class='ocr_line' id='line_1_86' title="bbox 1264 1935 2236 1977; baseline 0.003 -12"><span class='ocrx_word' id='word_1_592' title='bbox 1264 1935 1364 1966; x_wconf 86' lang='lat' dir='ltr'>istud:</span> <span class='ocrx_word' id='word_1_593' title='bbox 1397 1935 1699 1975; x_wconf 82' lang='lat' dir='ltr'>Concupiscentiam</span> <span class='ocrx_word' id='word_1_594' title='bbox 1724 1937 1755 1967; x_wconf 89' lang='lat' dir='ltr'>in</span> <span class='ocrx_word' id='word_1_595' title='bbox 1780 1936 1952 1977; x_wconf 85' lang='lat' dir='ltr'>baptizatis</span> <span class='ocrx_word' id='word_1_596' title='bbox 1979 1947 2044 1967; x_wconf 90' lang='lat' dir='ltr'>non</span> <span class='ocrx_word' id='word_1_597' title='bbox 2067 1946 2138 1968; x_wconf 87' lang='lat' dir='ltr'>esse</span> <span class='ocrx_word' id='word_1_598' title='bbox 2161 1946 2236 1977; x_wconf 88' lang='lat' dir='ltr'>pec-</span> 
     </span>
     <span class='ocr_line' id='line_1_87' title="bbox 1265 1978 2234 2017; baseline 0 -7"><span class='ocrx_word' id='word_1_599' title='bbox 1265 1983 1391 2010; x_wconf 88' lang='lat' dir='ltr'>catum:</span> <span class='ocrx_word' id='word_1_600' title='bbox 1415 1978 1491 2017; x_wconf 86' lang='lat' dir='ltr'>quia</span> <span class='ocrx_word' id='word_1_601' title='bbox 1513 1979 1665 2009; x_wconf 83' lang='lat' dir='ltr'>stimulus</span> <span class='ocrx_word' id='word_1_602' title='bbox 1689 1983 1736 2010; x_wconf 88' lang='lat' dir='ltr'>est</span> <span class='ocrx_word' id='word_1_603' title='bbox 1760 1978 1800 2010; x_wconf 90' lang='lat' dir='ltr'>ad</span> <span class='ocrx_word' id='word_1_604' title='bbox 1824 1979 2038 2010; x_wconf 80' lang='lat' dir='ltr'>exercendam</span> <span class='ocrx_word' id='word_1_605' title='bbox 2067 1979 2234 2011; x_wconf 85' lang='lat' dir='ltr'>virtutem.</span> 
     </span>
     <span class='ocr_line' id='line_1_88' title="bbox 1265 2020 2237 2061; baseline 0.001 -10"><span class='ocrx_word' id='word_1_606' title='bbox 1265 2020 1367 2060; x_wconf 81' lang='lat' dir='ltr'>Quasi</span> <span class='ocrx_word' id='word_1_607' title='bbox 1392 2031 1467 2051; x_wconf 87' lang='lat' dir='ltr'>vcro</span> <span class='ocrx_word' id='word_1_608' title='bbox 1492 2031 1554 2052; x_wconf 87' lang='lat' dir='ltr'>non</span> <span class='ocrx_word' id='word_1_609' title='bbox 1578 2026 1687 2061; x_wconf 88' lang='lat' dir='ltr'>aperte</span> <span class='ocrx_word' id='word_1_610' title='bbox 1711 2022 1832 2054; x_wconf 88' lang='lat' dir='ltr'>Paulus</span> <span class='ocrx_word' id='word_1_611' title='bbox 1863 2022 2063 2054; x_wconf 85' lang='lat' dir='ltr'>damnationi</span> <span class='ocrx_word' id='word_1_612' title='bbox 2086 2021 2237 2054; x_wconf 85' lang='lat' dir='ltr'>subiiciat</span> 
     </span>
     <span class='ocr_line' id='line_1_89' title="bbox 1264 2064 2237 2111; baseline 0 -16"><span class='ocrx_word' id='word_1_613' title='bbox 1264 2064 1574 2111; x_wconf 80' lang='lat' dir='ltr'>concupiscentiam,</span> <span class='ocrx_word' id='word_1_614' title='bbox 1608 2074 1689 2104; x_wconf 84' lang='lat' dir='ltr'>quae</span> <span class='ocrx_word' id='word_1_615' title='bbox 1723 2065 1789 2096; x_wconf 88' lang='lat' dir='ltr'>suis</span> <span class='ocrx_word' id='word_1_616' title='bbox 1823 2064 1982 2097; x_wconf 88' lang='lat' dir='ltr'>illecebris</span> <span class='ocrx_word' id='word_1_617' title='bbox 2011 2075 2069 2096; x_wconf 87' lang='lat' dir='ltr'>nos</span> <span class='ocrx_word' id='word_1_618' title='bbox 2103 2065 2237 2103; x_wconf 83' lang='lat' dir='ltr'>inescat,</span> 
     </span>
     <span class='ocr_line' id='line_1_90' title="bbox 1265 2108 1900 2147; baseline 0.003 -10"><span class='ocrx_word' id='word_1_619' title='bbox 1265 2116 1412 2147; x_wconf 85' lang='lat' dir='ltr'>quamvis</span> <span class='ocrx_word' id='word_1_620' title='bbox 1436 2117 1500 2138; x_wconf 90' lang='lat' dir='ltr'>non</span> <span class='ocrx_word' id='word_1_621' title='bbox 1519 2117 1652 2138; x_wconf 81' lang='lat' dir='ltr'>omnino</span> <span class='ocrx_word' id='word_1_622' title='bbox 1676 2108 1900 2140; x_wconf 86' lang='lat' dir='ltr'>assentiamur.</span> 
     </span>
    </p>
   </div>
  </div>
 </body>
</html>
