2304 3034
93 197 153 229 533

92 291 280 330 sanguinem
317 290 476 322 funderet:
518 288 597 320 tales
633 288 777 319 victimas
812 298 896 319 nunc
928 288 1045 319 iterum

90 339 173 366 totas
195 334 330 364 cremari
354 333 440 364 iubet
462 332 559 363 Deus.
596 330 647 361 Ita
670 330 722 362 hic
745 330 832 361 locus
856 331 937 361 nihil
958 331 1046 362 aliud

90 381 138 407 est
172 386 266 414 quam
302 376 435 406 aliorum
468 373 682 408 confirmatio,
718 373 772 403 ubi
811 373 915 403 simile
951 372 1047 404 datur

89 417 286 449 mandatum.
341 417 433 449 Unde
466 414 626 455 apostolus
654 414 768 456 (Hebr.
798 416 852 452 13,
890 415 941 456 10)
972 426 1046 447 con-

89 461 183 491 cinna
214 460 367 491 allusione
395 458 513 498 colligit
543 457 697 488 abolitum
721 468 791 488 esse
814 458 957 489 ciborum
982 457 1045 489 dis-

89 503 229 535 crimen:
258 502 333 533 dicit
360 501 443 532 enim
474 509 561 530 nunc
590 504 700 540 patere
723 500 815 531 nobis
838 500 976 531 interius
1000 500 1045 531 al-

89 550 167 583 tare,
191 544 273 584 quod
296 544 354 575 sub
377 543 445 583 lege
468 546 536 573 erat
559 541 792 579 absconditum,
824 542 956 582 ideoque
981 553 1045 573 non

89 587 227 628 amplius
251 587 333 618 vesei
355 584 510 625 legalibus
533 584 714 621 sacrifieiis,
746 585 809 615 imo
833 585 909 625 quia
932 585 1045 617 unicus

88 629 234 661 sacerdos
256 633 362 659 noster
389 627 578 667 sanguinem
608 637 702 658 suum
732 627 765 658 in
789 627 965 659 sacrarium
996 628 1042 658 in-

88 672 171 709 tulit,
196 676 319 703 tantum
343 670 433 701 nobis
456 674 587 706 restare,
610 673 647 700 ut
668 674 739 709 post
761 670 868 710 ipsum
889 680 1044 701 exeamus

87 719 178 746 extra
201 719 310 745 castra.

396 880 458 911 EX
482 880 631 912 LEVIT.
656 881 732 913 VII.

169 968 196 998 1.
220 966 288 997 Ista
312 967 411 996 autem
433 968 476 997 est
498 965 548 996 lex
570 965 685 997 hostiae
705 977 763 1006 pro
786 967 907 998 delicto:
929 968 1042 998 saucti-

81 1010 181 1049 ficatio
201 1008 475 1047 sathificatiorzum
497 1010 549 1039 est.
587 1008 615 1039 2.
644 1010 708 1048 Quo
731 1010 765 1040 in
790 1010 851 1041 loco
870 1010 1043 1041 mactabunt

82 1053 210 1084 hostiam
231 1051 412 1087 holocausti7
442 1050 615 1082 mactabunt
636 1051 768 1082 bostiam
785 1062 845 1092 pro
867 1052 987 1089 delicto,
1017 1055 1043 1083 et

81 1095 259 1136 sanquinem
287 1093 354 1124 eius
383 1095 505 1134 sparyet
533 1103 625 1133 super
654 1094 750 1126 altare
778 1105 838 1134 per
869 1095 1040 1126 circuitum.

82 1137 110 1169 3.
137 1137 244 1168 Totum
266 1145 336 1166 vero
360 1136 483 1175 adipem
506 1137 573 1167 eius
596 1137 696 1176 offeret
718 1147 756 1168 eac
779 1148 823 1175 ea,
851 1138 993 1175 caudam,
1017 1140 1043 1169 et

81 1180 200 1219 adipem
224 1179 403 1219 operientem
433 1179 585 1210 intestina.
635 1179 662 1210 4.
694 1178 786 1211 Duos
808 1190 924 1220 quoque
946 1190 1041 1217 renes,

35 1256 40 1259 ,
80 1225 106 1254 et
125 1222 246 1261 adipem
270 1220 324 1260 qui
353 1224 397 1252 est
424 1231 519 1261 super
549 1221 618 1252 illos
647 1222 701 1261 qui
729 1225 773 1253 est
791 1233 886 1262 prope
916 1223 988 1258 ilia,
1017 1225 1043 1254 et

77 1264 187 1304 fibram
198 1273 289 1303 supe-r
311 1263 402 1303 iecur,
425 1273 493 1294 cum
504 1264 629 1295 renibus
647 1264 813 1296 removebit.
838 1266 866 1296 5.
887 1265 1042 1296 Adolebit-

79 1317 136 1347 que
158 1307 213 1338 illa
234 1306 376 1338 sacerdos
397 1316 491 1345 super
519 1307 616 1338 altare
640 1306 819 1338 oblationem
842 1309 971 1348 iynitam
996 1309 1043 1340 Ie-

79 1350 186 1381 hovae.-
207 1349 314 1380 oblatio
331 1359 391 1388 pro
414 1349 520 1381 delicto
542 1352 594 1381 est.

168 1437 192 1465 l.
216 1433 282 1465 Ista
304 1437 405 1465 autem
425 1437 468 1465 est
490 1434 545 1465 lex.
572 1434 685 1474 Nuper
707 1435 871 1467 confessus
894 1446 965 1467 sum
990 1446 1041 1467 me

79 1488 143 1509 non
169 1477 247 1508 satis
273 1482 381 1507 tenere
407 1477 564 1517 quomodo
588 1478 668 1508 istae
693 1477 775 1509 duae
798 1488 893 1509 voces
916 1485 986 1511 &mn
1010 1484 1040 1509 et

80 1527 154 1553 Dim<
177 1521 261 1551 inter
283 1529 316 1550 se
340 1519 501 1557 differant,
526 1520 661 1560 ideoque
685 1526 838 1560 sequutus
861 1532 931 1551 sum
956 1521 1039 1561 quod

81 1562 175 1603 vulgo
206 1567 371 1602 receptum
395 1567 473 1599 erat,
505 1567 540 1592 ut
564 1562 702 1594 dicerem
727 1563 865 1594 hostiam
890 1574 947 1603 pro
969 1575 1039 1604 pec-

80 1611 165 1642 cato,
188 1605 238 1636 vel
263 1615 320 1644 pro
344 1604 468 1636 delicto.
516 1605 586 1636 Etsi
617 1611 723 1636 autem
754 1606 805 1637 hie
836 1607 867 1637 in
899 1606 1040 1637 secunda

80 1647 183 1687 specie
206 1646 342 1678 eundem
367 1649 464 1678 ritum
488 1658 583 1687 quem
608 1649 640 1678 in
669 1649 768 1688 priori
793 1650 916 1680 servari
941 1650 1039 1689 iubet,

80 1690 232 1730 quaedam
253 1695 361 1721 tamon
374 1690 528 1730 exprimit
547 1701 629 1730 quae
644 1702 746 1731 nuper
765 1692 926 1730 omiserat,
946 1692 1040 1723 sicuti

81 1732 119 1763 de
147 1733 329 1772 aspersione
359 1733 526 1774 sanguinis
557 1744 613 1773 per
647 1733 758 1764 altaris
791 1734 969 1772 circuitum¹
1002 1735 1040 1765 de

81 1774 236 1806 oblatione
250 1775 362 1816 adipis,
382 1780 413 1806 et
432 1786 556 1813 renum,
576 1781 607 1806 et
621 1776 788 1813 similibus5
809 1787 944 1816 quorum
965 1782 1040 1809 ante

79 1817 160 1848 faeta
183 1828 242 1849 non
266 1817 374 1850 fuerat
397 1819 525 1849 mentio.
550 1818 688 1849 Summa
711 1819 775 1850 huc
795 1819 907 1857 tendit,
932 1826 968 1851 ut
987 1831 1039 1851 eo-

79 1859 149 1890 dem
169 1861 231 1891 ritu
250 1869 280 1891 et
299 1861 393 1892 modo
416 1866 481 1891 tam
502 1871 560 1901 pro
583 1866 712 1901 peccato
732 1872 827 1902 quam
848 1872 905 1902 pro
925 1862 1039 1894 delicto

77 1903 263 1941 sacrificent,
288 1915 390 1945 neque
414 1903 578 1934 tantillum
601 1903 773 1935 deflectant
797 1915 815 1935 a.
838 1906 951 1946 regula
977 1905 1039 1937 sibi

79 1944 203 1976 tradita.

330 2116 392 2147 EX
416 2115 576 2147 EODEM
601 2116 779 2148 CAPITE.

164 2199 211 2230 11.
236 2200 318 2231 Haec
347 2203 447 2232 autem
475 2204 517 2232 est
539 2201 588 2233 lea:
617 2202 765 2241 sacrificii
782 2203 1037 2242 prosperitatum,

79 2241 157 2279 quod
184 2242 281 2280 offeret
304 2243 440 2274 Iebovae.
488 2244 536 2274 12.
570 2244 604 2275 Si
629 2255 689 2283 pro
716 2246 893 2285 yrcttiarum
923 2247 1038 2277 actione

79 2282 215 2314 obtulerit
245 2285 336 2323 illud⁷
365 2289 434 2318 turw
464 2287 565 2326 offeret
590 2297 650 2326 pro
683 2288 834 2326 sacrificio
859 2289 1038 2328 ¹oratiarum

81 2325 223 2364 actionis,
248 2327 404 2366 placentas
439 2329 671 2367 iufermeutatas
694 2333 831 2361 versatas
854 2332 886 2361 in
909 2330 982 2368 oleo,
1012 2334 1038 2362 ct

79 2367 192 2406 layana
220 2369 429 2408 infermentata
458 2375 548 2403 uncta
577 2372 654 2410 olco,
692 2375 719 2403 et
747 2373 883 2404 similam
912 2374 1038 2413 frictam
1064 2387 1065 2390 ¹

79 2419 143 2440 uua
171 2419 238 2441 cum
265 2412 407 2451 placentis
437 2414 502 2446 illis
530 2416 659 2446 versatis
693 2416 726 2446 in
757 2416 826 2447 oleo.
879 2416 927 2446 13.
961 2415 1037 2447 Cum

74 2452 224 2491 placentis
241 2455 336 2492 pariis
356 2455 530 2494 fermentati
548 2458 649 2497 offeret
671 2458 848 2489 oblationem
869 2468 959 2489 suam
975 2469 1037 2498 pro

79 2494 230 2533 sacrificio
260 2498 433 2535 gratiarum
467 2501 596 2531 fictionis
619 2501 862 2540 prosperitatum
894 2511 1034 2532 suarum.

82 2536 129 2566 14.
157 2536 320 2577 Offeretqae
341 2550 377 2570 ex
398 2551 429 2572 eo
451 2552 546 2573 urium
568 2553 691 2583 panem,
724 2554 760 2573 eu·
782 2545 863 2575 omni
889 2544 1037 2574 oblatione

79 2578 255 2626 oblationem
268 2580 402 2613 Ieltovae.
436 2585 484 2615 15.
507 2585 587 2616 Caro
606 2588 708 2616 autem
729 2585 845 2618 hostiae
860 2587 1037 2627 ⁴oratiarum

79 2623 208 2652 actionis
224 2625 461 2662 prosperitatum
479 2628 553 2665 eius,
578 2629 611 2658 in
630 2628 679 2659 die
697 2628 858 2660 oblationis
876 2630 943 2660 eius
961 2639 1037 2661 com-

783 194 1034 227 SECUNDUM
1058 196 1376 231 PRAEOEPTUM.

2004 205 2069 236 534

1100 290 1215 321 edetur:
1247 302 1306 322 uon
1333 292 1481 332 relinquet
1508 304 1545 324 ez
1574 304 1605 325 eo
1628 305 1723 334 usque
1744 305 1841 326 mane.
1898 298 1946 328 16.
1979 298 2068 336 Quod

1099 332 1128 362 si
1151 335 1259 370 votum,
1282 335 1329 366 vel
1351 338 1552 374 spontaneum
1572 336 1667 376 fuerit
1689 338 1877 376 sacrificium
1903 340 2066 371 oblationis

1099 375 1174 412 eius,
1197 376 1248 406 die
1271 387 1327 416 quo
1351 378 1402 408 ille
1425 378 1563 409 obtulerit
1583 379 1776 418 sacrificium
1798 391 1898 420 suum,
1932 383 2067 414 comede-

1099 418 1167 454 tur,
1191 420 1219 448 et
1241 420 1377 458 sequenti
1399 420 1449 451 (lie
1471 422 1638 452 comedetur
1659 423 1739 461 quod
1751 424 1942 462 superfuerit
1963 435 2001 455 ea·
2023 435 2064 455 eo.

1102 459 1148 489 17.
1177 460 1263 499 Quod
1281 472 1348 493 vero
1371 463 1558 502 superfuerit
1574 464 1610 494 dc
1632 474 1724 495 carue
1747 466 1895 503 sacrificii
1910 467 1958 498 dte
1976 468 2066 498 tertia

1098 501 1166 540 iyni
1189 504 1388 535 comburetur.
1436 505 1484 536 18.
1511 506 1547 536 Si
1569 508 1669 537 autem
1692 508 1868 539 comedendo
1891 510 2065 541 comedatur

1099 543 1220 582 aliquid
1231 545 1268 575 de
1290 556 1378 577 carne
1391 548 1538 587 sacrificii
1546 550 1793 588 prosperitatum
1815 551 1883 581 eius
1894 551 1944 582 (lie
1963 553 2064 589 tertia,

1098 596 1158 617 reon
1177 587 1310 626 placebit
1333 590 1460 627 offerens
1478 591 1565 628 illud,
1586 602 1680 631 neque
1702 593 1905 631 imputabitur
1928 594 1991 631 illi,
2012 595 2064 625 ab-

1098 629 1244 660 ominatio
1266 631 1338 661 erit:
1368 635 1394 662 et
1422 633 1529 663 anima
1557 635 1712 666 comedens
1739 645 1778 666 ex
1810 645 1841 666 eo
1870 636 2063 675 iniquitatem

1097 680 1188 702 suam
1211 672 1354 710 portabit.

1391 841 1455 873 EX
1479 843 1628 875 LEVIT.
1654 845 1768 877 XXII.

1181 925 1231 956 29.
1259 926 1359 965 Quum
1382 937 1450 957 vcro
1471 929 1720 967 sacrificaveritis
1738 931 1928 970 sacrificium
1943 933 2065 972 qratia-

1095 977 1166 998 rum
1189 969 1318 999 actionis
1342 969 1483 1007 Iehovae,
1516 971 1549 1001 iu
1571 974 1804 1010 acceptationem
1825 974 1920 1005 vestri
1942 974 2064 1013 sacrifi-

1095 1010 1213 1042 cabitis.
1259 1011 1308 1042 30.
1333 1011 1396 1042 Die
1425 1012 1495 1051 ipsa
1518 1014 1703 1045 comedetur:
1731 1027 1789 1047 aon
1812 1017 1991 1055 relinquetis
2012 1027 2064 1048 us-

1095 1063 1152 1092 que
1173 1063 1264 1085 mane
1284 1064 1322 1085 esc
1342 1064 1391 1085 eo:
1419 1065 1470 1095 eye
1494 1055 1616 1087 Ieliova.

1402 1199 1466 1230 EX
1492 1200 1640 1232 LEVI'P.
1660 1201 1756 1232 XIX.

1181 1266 1209 1297 5.
1235 1266 1276 1296 Et
1297 1267 1420 1305 quando
1439 1268 1689 1307 sacrificaveritis
1700 1270 1889 1308 sacrificium
1902 1272 2062 1310 prosperi-

1094 1310 1190 1339 tatum
1224 1308 1369 1347 Ichovae,
1404 1310 1437 1340 iu
1466 1312 1699 1351 acceptationem
1727 1313 1819 1343 vestri
1847 1313 2063 1352 sacrificabitis

1093 1350 1180 1382 illud.
1219 1352 1248 1382 6.
1269 1351 1331 1383 Die
1352 1362 1410 1392 quo
1431 1353 1681 1393 sacrificaveritis
1704 1355 1881 1393 comedetur,
1905 1358 1931 1386 ct
1948 1357 2064 1395 postri-

1093 1393 1160 1424 clie:
1191 1394 1274 1433 quod
1303 1397 1404 1426 autem
1426 1396 1615 1435 superfuerit
1642 1407 1740 1435 usque
1762 1397 1804 1428 ad
1826 1398 1906 1428 diem
1929 1399 2062 1436 tertium,

1095 1436 1159 1475 iqui
1192 1436 1392 1468 comburetur.
1445 1438 1472 1469 7.
1508 1439 1596 1478 Quod
1626 1440 1654 1470 si
1682 1440 1858 1471 comedendo
1887 1441 2064 1472 comedatur

1093 1479 1144 1509 die
1166 1480 1260 1515 tertio,
1284 1480 1455 1519 profanum
1478 1482 1549 1517 crit,
1579 1492 1673 1521 neque
1699 1482 1838 1520 placebit.
1884 1483 1911 1514 8.
1937 1484 1979 1514 Et
2008 1485 2063 1523 qui

1093 1522 1253 1552 comederit
1271 1523 1360 1560 illud,
1378 1533 1512 1562 poenam
1531 1525 1708 1563 iniquitatis
1725 1536 1800 1556 suae
1815 1526 1964 1564 portabit:
1987 1528 2062 1565 quia

1093 1565 1284 1595 sanctitatem
1308 1565 1436 1597 Ieliovae
1454 1566 1582 1606 polluit:
1604 1570 1630 1598 et
1653 1568 1806 1599 excidatur
1826 1568 1932 1598 anima
1951 1570 2022 1607 ipsa
2046 1580 2061 1599 e

1089 1607 1217 1646 populis
1238 1608 1314 1638 suis.

1182 1692 1229 1722 11.
1256 1692 1342 1723 Haec
1359 1695 1460 1724 autem
1478 1696 1521 1724 est
1540 1694 1589 1725 lex
1607 1696 1765 1734 sacrificii.
1791 1695 1858 1726 Cur
1877 1696 1936 1726 hoe
1954 1706 2059 1736 genus

1094 1735 1240 1766 sacrificii
1272 1735 1413 1766 voearim
1438 1737 1698 1776 prosperitatum,
1731 1738 1805 1769 alibi
1830 1740 1985 1769 rationem
2011 1744 2058 1769 at·

1094 1777 1163 1808 tuli.
1210 1777 1383 1809 Caeterum
1414 1789 1477 1809 non
1510 1779 1603 1810 modo
1633 1781 1666 1810 in
1691 1781 1818 1820 signum
1850 1781 2059 1820 gratitudinis

1093 1819 1201 1850 oblata
1222 1820 1328 1857 fuisse,
1353 1820 1408 1851 sed
1433 1832 1532 1861 quum
1555 1822 1615 1853 Dei
1641 1833 1732 1863 opem
1760 1823 1986 1862 implorarent,
2016 1835 2058 1855 ex

1094 1862 1153 1894 hoe
1189 1863 1256 1893 loco
1294 1869 1325 1893 et
1361 1863 1431 1894 aliis
1466 1869 1563 1904 patet.
1623 1865 1728 1896 Medis
1765 1871 1870 1896 tamen
1909 1867 2058 1897 omnibus

1094 1906 1199 1936 testati
1231 1909 1307 1936 sunt
1334 1916 1367 1936 se
1399 1916 1572 1947 agnoscere
1596 1908 1702 1938 Deum
1728 1908 1884 1938 bonorum
1912 1909 2057 1939 omnium

1094 1952 1254 1979 autorem:
1283 1948 1350 1979 sive
1369 1947 1408 1979 ob
1426 1949 1554 1989 insigne
1573 1950 1701 1990 aliquod
1723 1951 1914 1981 beneficium
1935 1952 2058 1991 gratias

1094 1991 1248 2031 agebant:
1272 1991 1341 2021 sive
1365 1991 1517 2030 petebant
1541 1992 1610 2024 eius
1629 2003 1687 2032 ope
1711 1993 1868 2024 liberaris
1886 1994 2057 2033 periculis:

1093 2034 1161 2064 sive
1192 2034 1225 2063 in
1255 2044 1373 2074 genere
1408 2035 1641 2073 profitebantur
1670 2046 1760 2066 suam
1791 2036 1958 2075 pietatem,
1989 2037 2058 2067 sive

1093 2081 1170 2107 vota
1193 2076 1377 2113 solvebant,
1408 2087 1490 2116 quae
1514 2077 1703 2117 simpliciter
1726 2083 1758 2108 et
1781 2078 1849 2108 sine
1872 2079 2057 2110 conditione

1092 2119 1223 2149 fuerunt
1246 2123 1444 2158 nuncupata:
1478 2130 1551 2150 nam
1584 2121 1646 2151 voti
1677 2120 1899 2151 conditionalis
1929 2121 2057 2161 solutio,

1092 2162 1269 2202 gratiarum
1294 2161 1375 2192 actio
1399 2166 1476 2193 orat.
1502 2162 1602 2193 Porro
1626 2164 1699 2203 quia
1723 2164 1826 2194 Deum
1852 2163 1885 2194 in
1908 2165 2057 2196 omnibus

1092 2204 1199 2234 debito
1223 2204 1310 2234 cultu
1331 2205 1617 2244 prosequebantur,
1641 2206 1848 2246 gratitudinis
1868 2216 1945 2237 suae
1964 2208 2055 2238 testi-

1092 2247 1236 2277 monium
1274 2245 1441 2277 dederunt.
1495 2247 1582 2279 Hinc
1618 2249 1735 2278 merito
1772 2259 1887 2278 nomen
1924 2249 2056 2289 imposi-

1092 2294 1159 2319 tum
1184 2289 1361 2320 sacrificiis:
1388 2290 1461 2328 quia
1486 2290 1535 2320 vel
1560 2290 1599 2321 ab
1623 2301 1659 2321 eo
1683 2290 1834 2330 optabant
1857 2290 1965 2322 felices
1984 2303 2056 2323 suc-

1092 2342 1213 2370 cessus,
1245 2331 1294 2361 vel
1319 2342 1397 2371 quos
1420 2332 1483 2362 iam
1508 2332 1614 2373 adepti
1639 2338 1739 2371 erant,
1773 2333 1841 2364 eius
1863 2335 1986 2374 gratiae
2010 2335 2055 2365 fe-

1092 2375 1204 2405 rebant
1232 2379 1392 2414 acceptos:
1429 2374 1476 2404 vel
1503 2375 1535 2405 in
1567 2376 1663 2406 rebus
1686 2375 1830 2407 adversis
1862 2376 2054 2408 levationem

1091 2417 1296 2457 flagitabant,
1329 2417 1376 2447 vel
1408 2416 1446 2447 de
1469 2417 1568 2448 salvis
1598 2422 1629 2448 et
1659 2418 1794 2458 integris
1828 2418 1888 2449 sibi
1912 2420 2055 2460 gratula—

1094 2459 1219 2490 bantur.
1266 2459 1364 2490 Ponit
1394 2464 1500 2490 tamen
1530 2460 1636 2491 Moses
1666 2461 1754 2500 quasi
1787 2462 1925 2500 speeiem
1956 2473 2053 2493 uuam

1091 2502 1129 2532 ab
1158 2502 1229 2532 aliis
1261 2502 1461 2540 distinctam,
1493 2503 1683 2534 sacrificium
1716 2513 1772 2542 pro
1803 2504 1979 2544 gratiarum
2005 2516 2055 2536 ae-

1091 2545 1190 2575 tione:
1233 2555 1347 2584 nempe
1381 2544 1434 2575 ubi
1469 2555 1507 2574 ex
1541 2546 1684 2585 professo
1719 2545 1758 2576 de
1792 2545 1911 2587 insigni
1946 2548 2054 2588 aliqua.

1090 2587 1278 2618 liberatione
1308 2587 1428 2627 gratias
1459 2587 1612 2627 agebant:
1649 2588 1731 2627 quod
1757 2598 1820 2619 non
1843 2600 1970 2630 semper
1996 2592 2054 2621 fie-

1094 2630 1155 2661 bat.
1201 2630 1239 2660 In
1273 2630 1330 2660 hac
1358 2629 1462 2670 speeie
1492 2630 1579 2660 iubet
1609 2630 1775 2670 placentas
1798 2631 1867 2663 sine
1895 2632 2055 2664 fermento

1801 2681 1849 2707 34*
