2304 3034
113 193 174 224 713

849 186 1015 219 NONUM
1038 186 1359 219 PRAECEPTUM.

2029 190 2091 221 714

748 383 792 428 N
795 382 979 429 ONUM
1008 382 1452 430 PRAEGEPTUM.

421 534 485 566 EX
508 532 653 565 EXODI
676 533 754 564 XX.

202 624 250 655 16.
283 621 352 654 Non
378 620 458 651 (lices
477 618 626 650 adversus
645 618 829 658 proximum
847 619 933 648 tunm
955 616 1074 655 falsum

115 666 317 700 testimonium
332 663 364 704 ¹).

449 805 513 836 EX
536 805 669 836 DEUT.
694 804 733 835 V.

197 894 245 925 20.
281 891 351 923 Non
383 891 465 922 dices
496 891 529 921 in
557 890 739 929 proscimmn
762 893 849 921 tunm
876 890 995 930 falsum
1018 893 1075 920 tes-

110 937 275 970 timonium.

194 1012 256 1043 Hic
278 1009 369 1041 Deus
392 1009 547 1049 cuiusque
570 1009 674 1040 famae
696 1012 728 1040 et
750 1008 980 1040 existimationi
1004 1017 1077 1039 con—

109 1055 200 1092 sulit,
223 1064 263 1084 ne
294 1052 364 1093 quis
387 1052 557 1083 calumniis
581 1056 612 1082 et
635 1052 726 1083 falsis
749 1051 937 1083 criminibus
960 1051 1075 1081 imme-

107 1098 170 1130 rito
192 1101 355 1137 gravetur.
400 1094 524 1125 Eadem
548 1100 656 1125 tamen
681 1100 728 1126 est
758 1094 959 1135 synecdoche
978 1103 1073 1132 quam

108 1137 340 1172 observandam
374 1148 443 1168 esse
477 1136 630 1167 admonui
664 1137 698 1167 in
730 1137 949 1177 superioribus
983 1146 1073 1175 prae-

109 1182 222 1223 ceptis:
252 1180 326 1220 quia
355 1180 414 1211 sub
445 1190 509 1210 uno
540 1180 643 1219 capite
673 1179 767 1219 plura
797 1180 887 1211 Deus
917 1178 1074 1218 complec-

108 1226 196 1256 titur.
241 1222 335 1262 Quod
358 1222 398 1253 ad
421 1222 522 1253 verba
540 1226 673 1261 spectat,
698 1223 773 1262 quia
798 1229 839 1259 w
859 1221 989 1262 proprie
1011 1226 1074 1252 tes-

108 1272 173 1299 tem
194 1266 368 1307 signifieat:
403 1265 442 1296 ad
460 1264 593 1295 verbum
612 1264 676 1304 legi
696 1269 816 1304 potest:
846 1265 919 1296 Non
943 1274 1074 1303 respon-

109 1310 196 1342 debis
227 1308 320 1340 testis
352 1307 453 1338 falsus
486 1311 600 1338 contra
633 1308 817 1347 proximum
852 1312 961 1338 tuum:
996 1311 1074 1337 tunc

107 1363 185 1384 vero
208 1349 429 1383 subaudienda
450 1350 511 1380 erit
542 1350 701 1390 particula
724 1350 784 1387 Ut,
816 1360 912 1390 quam
941 1349 1072 1380 inserui.

107 1394 241 1435 Frigide
264 1394 350 1424 enim
375 1398 543 1432 exponunt
562 1392 703 1423 Hebraei
728 1393 861 1423 vocandi
882 1402 975 1423 casu:
1000 1391 1073 1422 Non

108 1437 248 1478 loquaris
267 1447 285 1467 0
304 1436 395 1467 testis
418 1435 567 1465 mendax.
597 1435 790 1474 Quanquam
816 1440 923 1466 autem
946 1434 1074 1465 videtur

107 1484 234 1512 tantum
254 1479 343 1510 Deus
362 1478 548 1518 praecipere
566 1489 606 1508 ne
625 1479 694 1517 quis
714 1478 918 1518 opprimendi
937 1477 1074 1508 insontis

108 1532 203 1555 causa
222 1522 253 1553 in
273 1522 376 1552 forum
397 1520 544 1560 prodeat,
570 1526 602 1551 et
628 1520 753 1560 publice
776 1526 889 1552 contra
912 1531 984 1550 eum
1010 1526 1074 1550 tes-

108 1570 211 1596 tetur:
235 1569 358 1596 certum
384 1568 492 1594 tamen
520 1568 569 1594 est
588 1562 685 1594 falsas
703 1573 814 1594 omnes
833 1563 1074 1594 criminationes

108 1607 259 1639 interdici
282 1605 447 1643 fidelibus,
478 1616 535 1636 nec
559 1611 684 1636 tantum
709 1616 790 1645 quae
817 1610 1017 1646 sparguntur
1040 1606 1073 1634 in

108 1650 256 1690 compitis
286 1654 318 1680 et
340 1648 481 1680 circulis:
513 1647 568 1679 sed
598 1659 679 1688 quae
711 1649 743 1679 in
771 1649 906 1689 privatis
933 1647 1073 1685 aedibus,

109 1693 302 1732 secretisque
321 1691 449 1731 angulis
469 1691 641 1731 agitantur.
668 1690 855 1721 Absurdum
875 1692 959 1722 enim
980 1694 1073 1726 esset,

108 1745 205 1776 quum
229 1739 303 1765 ante
325 1733 503 1765 ostenderit
523 1734 612 1764 Deus
635 1733 695 1764 sibi
719 1744 814 1765 curae
838 1743 907 1764 esse
930 1733 1073 1763 omnium

108 1778 263 1814 fortunas,
278 1777 406 1814 famam,
422 1786 503 1816 quae
516 1776 611 1817 longe
624 1777 795 1816 pretiosior
808 1781 864 1813 est,
882 1776 1073 1816 neglexisse.

109 1821 309 1860 Quocunque
332 1820 440 1858 itaque
461 1818 554 1849 modo
573 1820 739 1858 proximos
760 1819 934 1855 laedamus,
954 1818 1074 1848 iniuste

108 1874 161 1894 eos
190 1861 389 1898 infamando,
427 1871 533 1892 coram
568 1862 636 1892 Deo
668 1871 838 1892 censemur
868 1861 940 1892 falsi
964 1865 1072 1892 testes.

107 1905 178 1936 Iam
198 1916 230 1938 .a
266 1904 481 1944 prohibitione
520 1903 559 1934 ad
596 1912 802 1944 praeceptum
843 1904 1073 1934 affirmativum

109 1948 202 1979 debet
224 1947 382 1978 transitus
405 1946 484 1977 fieri.
529 1946 642 1986 Neque
668 1948 753 1977 enim
778 1948 855 1977 satis
884 1947 981 1977 fuerit
1011 1946 1073 1976 lin-

108 2000 205 2030 guam
226 1989 375 2021 fraenare
398 1999 439 2020 ne
462 1989 706 2026 maledicamus,
731 1989 793 2019 nisi
816 1989 949 2020 humani
972 1989 1073 2019 simus

110 2038 145 2064 et
176 2033 268 2072 aequi
301 2042 378 2072 erga
410 2032 591 2072 proximos,
626 2031 818 2071 candidique
852 2032 1008 2063 factorum
1043 2035 1074 2062 et

113 2075 269 2106 dictorum
298 2075 507 2114 interpretes:
542 2085 601 2106 nec
630 2074 720 2105 falsis
746 2074 888 2114 probris,
915 2079 1073 2114 quantum

112 2116 148 2147 in
180 2117 272 2148 nobis
305 2122 367 2154 est,
402 2118 529 2148 onerari
564 2118 718 2148 sinamus.
764 2116 857 2148 Adde
889 2116 972 2156 quod
1006 2126 1073 2147 non

114 2163 238 2190 tantum
253 2160 388 2191 crimina
402 2163 489 2190 vetat
502 2159 592 2191 Deus
608 2161 731 2200 fingere
743 2159 898 2190 adversus
912 2159 1072 2196 innoxios,

114 2201 170 2232 sed
192 2202 285 2232 etiam
304 2201 421 2242 probra
439 2208 471 2233 et
488 2202 636 2233 sinistros
655 2212 818 2233 sermones
836 2202 956 2233 iactare
975 2201 1074 2232 male-

115 2243 255 2275 volentia
286 2245 335 2275 vel
365 2245 445 2276 odio.
490 2244 620 2285 Dignus
654 2245 716 2275 erit
748 2245 882 2276 fortasse
916 2245 1073 2284 quispiam

115 2285 169 2325 qui
197 2285 280 2316 male
302 2286 425 2324 audiat,
456 2292 487 2318 et
509 2287 568 2318 hoc
588 2287 639 2318 vel
663 2287 744 2318 illud
770 2287 891 2319 crimen
920 2297 996 2318 vere
1019 2298 1074 2317 ex-

113 2326 349 2368 probrabimus:
380 2340 490 2361 verum
520 2330 547 2360 si
576 2330 756 2361 convicium
785 2329 917 2360 ebulliat
946 2340 987 2360 ex
1011 2330 1074 2360 ira—

116 2369 250 2402 cundiae
278 2370 414 2409 fervore,
443 2372 494 2404 vel
524 2373 684 2404 accusatio
714 2383 756 2403 ex
785 2372 927 2413 maligno
958 2372 1075 2403 affectu

116 2418 282 2443 nascatur:
304 2412 421 2444 frustra
438 2416 672 2451 excusabimus,
696 2415 823 2446 nonnisi
842 2425 921 2446 vera
939 2415 1076 2445 crimina

115 2465 180 2502 nos·
192 2454 370 2494 protulisse.
393 2455 476 2495 Quia
494 2457 549 2489 ubi
568 2457 646 2489 dicit
663 2457 794 2489 Solomo
816 2456 927 2498 (Prov.
952 2457 1001 2496 10,
1022 2456 1075 2499 12)

115 2501 284 2529 caritatem
302 2497 425 2536 operire
443 2500 545 2531 multa
565 2504 704 2540 peccata,
728 2500 836 2531 odium
862 2510 936 2532 vero
957 2500 1075 2540 probra

200 2589 228 2621 1)
245 2588 282 2614 In
299 2590 434 2622 maryine:
452 2591 513 2624 Vel,
530 2600 583 2618 non
596 2593 715 2626 loqueris
728 2595 822 2618 contra
836 2593 988 2626 proximum
999 2597 1073 2619 tuum

113 2626 145 2650 ut
162 2624 240 2649 testis
258 2623 396 2648 mendacii.

1127 533 1292 572 detegere:
1312 537 1465 573 tanquam
1490 533 1595 565 fidelis
1619 534 1715 564 11111115
1738 534 1900 574 praecepti
1922 534 2093 574 interpres,

1127 576 1287 616 significat
1310 586 1374 606 non
1398 576 1492 607 aliter
1510 587 1527 607 a
1546 576 1686 608 falsitate
1706 586 1764 607 nos
1787 587 1855 608 0550
1879 587 1976 616 puros
1996 587 2092 617 quam

1127 618 1152 648 si
1177 618 1266 649 salva
1289 619 1446 658 proximis
1470 629 1527 650 sua
1550 619 1746 650 existimatio
1769 628 1826 659 per
1855 629 1913 650 nos
1944 624 2091 650 maneat:

1128 661 1201 700 quia
1221 660 1246 691 si
1277 660 1475 692 obtrectandi
1499 662 1597 692 libido
1625 662 1791 693 caritatem
1810 661 1924 698 violat,
1947 661 2009 702 legi
2030 661 2093 693 Dei

1127 703 1327 734 adversatur.
1372 703 1412 733 In
1447 715 1574 735 summa
1608 703 1783 735 tenendum
1817 708 1865 735 est
1902 704 1953 735 his
1985 704 2092 736 verbis

1128 746 1266 776 fraenari
1281 755 1408 776 omnem
1424 746 1553 786 linguae
1569 746 1788 783 virulentiam,
1807 757 1888 786 quae
1901 746 1940 777 ad
1956 746 2093 778 dedecus

1128 788 1281 819 fratribus
1305 788 1542 828 aspergendum
1566 789 1684 819 tendit:
1709 799 1837 819 omnem
1856 799 1982 829 quoque
2000 793 2093 829 petu-

1128 830 1261 861 lantiam
1285 842 1348 870 qua
1371 831 1528 862 laceratur
1551 831 1667 862 bonum
1693 842 1802 862 00111111
1825 842 1957 863 110111011;
1982 842 2093 863 01111105

1128 873 1376 904 obtrectationes
1406 884 1487 913 quae
1510 874 1561 905 vel
1588 885 1628 904 ex
1658 874 1778 911 livore,
1812 874 1863 905 vel
1897 884 1936 905 ex
1969 874 2093 906 invidia

1128 920 1160 946 ct
1190 916 1420 953 aemulatione,
1454 916 1504 947 vel
1535 916 1598 947 alio
1626 916 1767 956 quolibet
1799 927 1951 956 perverso
1974 917 2092 948 affectu

1128 964 1269 989 manant.
1304 959 1452 999 Longius
1475 959 1572 990 etiam
1597 959 1745 999 progredi
1768 962 1903 998 oportet,
1926 970 1968 990 ne
1988 959 2092 999 suspi-

1129 1001 1202 1031 ciosi
1226 1001 1334 1037 simus,
1360 1001 1410 1031 vcl
1433 1001 1531 1031 etiam
1557 1001 1652 1031 nimis
1675 1002 1792 1032 curiosi
1816 1002 1849 1032 in
1874 1002 1960 1032 vitiis
1983 1001 2092 1033 obser-

1128 1043 1258 1074 vandis:
1287 1044 1362 1083 quia
1385 1044 1481 1075 nimis
1505 1044 1602 1074 anxia
1634 1044 1798 1083 inquisitio
1832 1044 2091 1075 malevolentiam

1128 1086 1251 1125 prodit,
1294 1086 1342 1116 vel
1375 1091 1460 1116 certe
1494 1087 1738 1127 malignitatem.
1786 1086 1869 1117 Nam
1903 1086 1930 1117 si
1964 1086 2092 1118 dilectio

1127 1138 1191 1158 non
1215 1133 1263 1159 est
1287 1129 1453 1168 suspicax,
1485 1130 1538 1168 qui
1563 1129 1601 1159 de
1625 1128 1726 1159 nihilo
1750 1129 1801 1160 vel
1824 1128 1949 1160 levibus
1972 1130 2093 1160 coniec-

1127 1171 1206 1201 turis
1240 1171 1424 1211 proximum
1459 1171 1607 1209 damnat,
1640 1171 1692 1202 vel
1727 1171 1765 1202 de
1799 1182 1836 1202 eo
1869 1171 1953 1202 male
1982 1172 2091 1208 sentit,

1127 1213 1224 1244 11111115
1247 1214 1408 1253 praecepti
1432 1213 1518 1244 haud
1542 1213 1637 1245 dubie
1660 1218 1879 1254 transgressor
1902 1218 1959 1245 est.
2004 1214 2092 1245 Hinc

1127 1257 1286 1295 sequitur,
1318 1255 1513 1287 claudendas
1549 1267 1617 1287 esse
1641 1266 1734 1287 aures
1768 1256 1855 1288 falsis
1889 1257 2092 1288 obtrectatio-

1127 1298 1234 1329 nibus:
1276 1299 1351 1338 quia
1385 1299 1518 1338 perinde
1553 1299 1585 1329 in
1620 1300 1753 1329 fratrem
1796 1299 1933 1330 iniurius
1964 1303 2014 1330 est
2037 1299 2093 1339 qui

1127 1342 1273 1372 sinistros
1297 1341 1335 1372 de
1357 1351 1394 1372 eo
1417 1352 1582 1372 sermones
1605 1341 1718 1381 cupide
1741 1341 1897 1379 admittit,
1919 1342 2013 1373 sicuti
2037 1341 2092 1381 qui

1127 1384 1270 1423 linguam
1313 1384 1432 1414 exserit
1465 1384 1505 1414 ad
1542 1383 1809 1415 maledicendum.
1854 1385 1956 1415 Porro
1990 1394 2089 1424 quam

1128 1427 1307 1457 neccssaria
1337 1427 1379 1457 sit
1410 1426 1488 1458 haec
1518 1426 1679 1463 doctrina,
1711 1428 1842 1466 quisque
1872 1437 1930 1458 suo
1959 1426 2090 1467 ingenio

1127 1471 1282 1500 aestimet.
1322 1469 1387 1499 Vix
1410 1469 1495 1500 enim
1520 1470 1716 1500 centesimus
1740 1470 1917 1510 reperietur
1940 1470 1993 1509 qui
2016 1469 2091 1500 alio-

1127 1522 1200 1542 rum
1237 1511 1341 1542 famae
1376 1512 1421 1542 ita
1457 1512 1633 1543 clementer
1667 1516 1792 1551 parcat,
1822 1516 1860 1542 ut
1889 1512 1949 1543 sibi
1983 1512 2091 1551 cupiat

1127 1555 1222 1585 etiam
1252 1555 1285 1584 in
1315 1555 1493 1585 manifestis
1518 1555 1608 1585 vitiis
1637 1555 1773 1595 ignosci:
1805 1555 1870 1585 imo
1899 1555 2090 1585 obtrectatio

1127 1597 1184 1627 zeli
1208 1601 1241 1627 et
1263 1597 1444 1627 severitatis
1474 1602 1644 1637 praetextu
1674 1607 1767 1636 saepe
1797 1596 1957 1628 laudatur.
2002 1597 2090 1627 Hinc

1127 1641 1163 1670 fit
1188 1644 1222 1670 ut
1245 1640 1362 1670 sanctis
1386 1650 1510 1679 quoque
1533 1650 1566 1671 se
1590 1640 1733 1671 insinuet
1756 1640 1814 1671 hoc
1837 1640 1970 1675 vitium,
1995 1646 2090 1678 atque

1127 1682 1259 1722 obrepat
1290 1682 1421 1713 virtutis
1453 1683 1592 1713 nomine.
1638 1683 1689 1713 Ad
1723 1682 1817 1719 haec,
1849 1682 1927 1713 facit
1959 1682 2090 1719 linguae

1126 1725 1305 1762 lubricitas,
1329 1730 1363 1755 ut
1386 1725 1455 1755 leve
1484 1730 1634 1764 putemus
1658 1725 1825 1761 delictum,
1849 1724 1966 1755 lethale
1996 1724 2090 1755 dede-

1129 1768 1211 1798 coris
1242 1767 1360 1798 vulnus
1386 1767 1477 1798 fratri
1505 1768 1667 1808 infligere,
1697 1768 1748 1798 cui
1777 1775 1884 1798 tamen
1915 1766 2016 1807 pluris
2042 1770 2091 1797 est

1129 1821 1186 1841 sua
1221 1810 1398 1841 aestimatio
1433 1820 1527 1849 quam
1566 1811 1641 1841 vita.
1688 1809 1824 1841 Summa
1861 1814 1921 1847 est,
1957 1815 1991 1840 ut
2025 1819 2090 1839 non

1127 1853 1235 1884 minus
1258 1853 1291 1882 in
1321 1852 1458 1883 candore
1481 1859 1512 1883 et
1540 1852 1739 1884 obtrectandi
1770 1852 1967 1883 abstinentia,
1995 1861 2090 1892 quam

1128 1896 1161 1926 in
1184 1895 1256 1926 aliis
1279 1895 1392 1926 officiis
1411 1895 1580 1926 caritatem
1605 1900 1745 1927 nostram
1768 1899 1930 1926 testemur.

1336 2089 1585 2122 EXPOSI'PIO
1610 2089 1878 2121 PRAECEPTI.

1414 2149 1477 2181 EX
1500 2149 1650 2181 EXODI
1672 2149 1803 2180 XXIII.

1214 2236 1240 2265 1.
1280 2234 1351 2265 Non
1372 2235 1525 2273 suscipies
1547 2245 1645 2266 vocem
1662 2234 1824 2271 mendacii,
1844 2243 1937 2273 neque
1955 2233 2090 2264 adiicias

1126 2288 1254 2309 manum
1282 2280 1367 2308 tuam
1394 2278 1492 2317 impio
1526 2281 1559 2308 nt
1583 2277 1629 2308 sis
1657 2277 1741 2308 testis
1769 2276 1909 2308 mendax.
1955 2275 1983 2306 2.
2019 2275 2089 2306 Non

1127 2321 1190 2352 eris
1206 2322 1276 2360 post
1298 2320 1406 2351 multos
1429 2320 1469 2350 acl
1491 2320 1585 2358 mala,
1608 2330 1701 2359 neque
1719 2318 1912 2358 respondebis
1934 2318 1966 2349 in
1984 2327 2088 2357 causa,

1127 2366 1160 2395 ut
1182 2363 1309 2395 declines·
1326 2365 1398 2402 post
1419 2362 1530 2394 multos
1552 2362 1594 2394 ad
1610 2362 1853 2402 pervertendum.

1383 2506 1447 2537 EX
1470 2505 1633 2537 EODEM
1656 2505 1831 2537 OAPITE.

1212 2576 1239 2606 7.
1265 2575 1295 2606 A
1320 2584 1455 2605 sermone
1478 2574 1631 2605 mendacii
1653 2573 1736 2614 longe
1758 2573 1876 2604 aberis.-
1906 2582 1957 2605 nec
1976 2573 2090 2604 occides

1124 2619 1308 2651 innocentem
1343 2619 1369 2647 et
1390 2616 1520 2647 iustum:
1552 2617 1627 2656 qnia
1655 2626 1714 2647 non
1746 2615 1916 2654 iustificabo
1948 2616 2088 2655 impium.
