2304 3034
204 206 266 238 319

204 306 314 332 tamen
333 298 462 330 accedit.
507 297 557 327 Ita
578 295 724 326 videmus
742 295 949 327 distinctione
968 294 1067 326 fuisse
1085 307 1164 336 opus

204 344 289 374 inter
320 342 439 388 lepram
471 344 503 370 et
531 338 683 370 scabiem:
714 337 986 377 quemadmodum
1016 338 1109 369 hodie
1138 339 1165 370 si

205 386 244 416 de
277 383 440 424 prurigine
470 380 677 412 iudicandum
708 382 766 418 sit,
797 379 892 421 (quae
922 381 1019 420 vulgo
1050 380 1165 412 dicitnr

205 429 334 459 morbus
368 425 469 455 sancti
499 424 633 455 Menam
651 423 670 465 ¹)
704 423 897 462 spectandae
938 428 1033 453 erunt
1072 431 1166 454 notae

204 469 318 510 quibus
337 478 355 498 ιι
373 467 463 506 lepra
482 466 598 497 differt
630 465 724 505 Quod
739 476 814 496 veto
835 466 874 496 ad
895 465 1040 496 diversas
1060 466 1166 505 leprae

204 512 326 552 species
356 511 486 545 attinet,
517 510 621 540 tatem
651 519 701 540 me
732 519 795 539 non
826 519 896 539 esse
924 508 1099 546 medicum,
1131 514 1166 539 ut

204 554 363 587 subtiliter
383 552 421 582 de
440 535 504 582 illis
523 551 693 591 disputem,
718 557 747 582 et
768 551 808 582 ab
826 556 942 582 exacta
960 534 1166 590 inquisitione

203 596 348 629 consulto
367 594 510 625 abstineo
529 595 604 634 quia
627 594 706 624 mihi
729 604 918 634 persuasum
939 600 995 630 est,
1021 594 1167 624 morbum

204 639 242 670 de
272 648 334 686 quo
364 637 415 669 hic
441 638 549 678 agitur
573 637 725 676 peculiari
747 637 841 667 modo
864 636 930 677 (qui
954 636 1048 667 hodie
1076 637 1167 667 nobis

203 681 386 722 incognitus
420 680 480 728 est)
514 686 695 720 grassatum
730 680 828 710 fuisse
868 678 953 718 apud
994 679 1165 710 Israelitas.

204 725 318 763 Quaen
322 734 373 754 am
396 723 481 754 enim
506 721 591 763 apud
615 733 672 753 nos
692 723 753 753 erit
771 722 911 762 cognitio
931 722 1044 752 domus
1064 722 1167 762 leple-

202 767 277 799 sae?
303 767 347 797 Et
366 765 529 806 probabile
550 770 607 802 est,
628 776 726 804 quum
746 766 867 796 scirent
886 765 1010 804 profani
1033 766 1166 812 scripto-

202 820 255 841 res
273 809 333 840 hac
353 809 425 840 tabe
444 808 590 838 laborare
610 808 763 847 populum
791 807 966 843 Iudaicum,
992 807 1068 837 hinc
1087 808 1166 837 arri-

202 854 310 893 puisse
329 851 508 882 mentiendi
528 851 703 887 licentiam,
723 855 760 881 ut
778 851 940 890 fingerent
963 860 1075 881 omnes
1096 861 1166 889 pos·

203 901 288 927 teros
307 894 459 925 Abrahae
480 894 576 924 fuisse
599 894 767 931 scabiosos,
791 899 823 923 et
847 894 879 924 vi
899 893 1050 932 expulsos
1070 893 1167 923 fuisse

203 939 242 970 ab
256 940 414 978 Aegypto,
440 948 479 967 ne
498 937 638 976 reliquos
658 937 836 967 inficerent.
862 935 963 967 Cuius
987 936 1167 966 calumniae

204 986 347 1012 vetustos
382 980 480 1010 fuisse
514 986 642 1010 autores
674 990 713 1009 ex
747 979 886 1018 Iosepho
919 984 1065 1018 apparet,
1101 983 1166 1008 tam

204 1024 284 1055 libro
314 1023 333 1054 9
364 1022 621 1062 Antiquitatum,
658 1033 755 1062 quam
790 1022 945 1052 adversus
975 1021 1166 1061 Appionem,

203 1065 314 1098 eadem
338 1071 446 1096 tamen
475 1076 494 1095 a
525 1064 675 1096 Cornelio
699 1065 809 1095 Tacito
840 1070 871 1095 et
894 1064 1021 1094 Iustino
1050 1064 1166 1103 repeti-

204 1114 264 1140 tur.
311 1108 507 1147 Quanquam
531 1118 594 1138 non
618 1107 736 1145 dubito,
761 1107 950 1148 Aegyptios.
978 1107 1166 1147 superbissi-

204 1162 289 1183 mam
320 1156 463 1192 gcntem,
497 1155 534 1181 ut
567 1149 731 1182 dedecoris
762 1151 809 1181 sui
847 1156 877 1180 ot
901 1149 1062 1180 vindictae
1085 1149 1167 1180 divi-

204 1195 292 1226 nitus
316 1194 457 1225 inflictae
481 1194 667 1224 memoriam
689 1192 842 1229 delerent,
867 1193 975 1223 fucum
995 1192 1117 1227 fecisse,
1137 1198 1168 1222 et

204 1248 312 1270 crasso
335 1236 502 1268 mendacio
522 1236 655 1267 vertisse
675 1236 707 1266 in
728 1237 880 1276 populum
902 1236 1068 1266 innoxium
1083 1234 1166 1274 quod

204 1280 283 1321 ipsis
306 1279 494 1320 contigerat,
518 1290 616 1318 quum
642 1279 779 1318 pustulis
802 1284 833 1310 et
847 1279 1006 1309 ulceribus
1026 1278 1167 1317 percussi

204 1327 290 1355 sunt.
315 1322 380 1353 Sed
400 1322 581 1353 videbimus
600 1328 709 1361 postea
728 1323 812 1352 inter
833 1322 895 1352 Dei
918 1321 1167 1356 maledictiones,

201 1377 274 1398 eum
304 1365 416 1396 iisdem
445 1365 557 1405 poenis
592 1375 670 1404 quas
701 1364 739 1395 de
774 1364 944 1405 Aegyptiis
977 1368 1168 1403 sumpserat,

202 1409 378 1449 castigasse
408 1408 520 1448 populi
554 1408 603 1438 sui
640 1408 777 1438 scelera:
817 1407 982 1438 Pei-eutiet
1016 1413 1046 1436 te
1082 1406 1168 1436 Deus

202 1452 311 1483 ulcere
333 1452 488 1491 Aegypti,
516 1451 615 1487 sanie,
645 1450 767 1487 ardore,
791 1456 849 1482 etc.
896 1449 990 1481 Unde
1012 1449 1167 1489 probabili

203 1495 328 1526 ratione
340 1494 512 1534 colligitur,
537 1494 643 1524 Deum
658 1493 878 1533 singularibus
900 1493 1056 1531 exemplis
1075 1491 1167 1532 (quae

204 1537 299 1568 hodie
330 1537 421 1568 nobis
452 1536 639 1567 abscondita
673 1536 761 1577 sunt)
795 1536 897 1566 ultum
930 1535 1028 1566 fuisse
1058 1534 1167 1574 populi

204 1580 323 1612 veteris
347 1580 483 1611 seelera:
509 1580 591 1610 sicut
614 1585 724 1619 postea
743 1579 847 1609 exorti
866 1584 942 1609 sunt
961 1578 1036 1608 novi
1055 1577 1167 1611 morbi,

205 1634 224 1654 a
253 1622 368 1662 quibus
398 1623 552 1653 immunis
583 1623 641 1652 fnit
668 1622 852 1661 antiquitas.
905 1621 1000 1652 Certe
1031 1620 1114 1651 clara
1137 1625 1170 1650 et

204 1665 306 1697 solida
329 1665 454 1696 ratione
477 1665 597 1696 refellit
618 1665 775 1704 Iosephus
807 1665 894 1695 illius
917 1664 1087 1694 commenti
1112 1673 1168 1693 va—

203 1709 355 1746 nitatem,
384 1707 468 1748 quod
499 1708 608 1739 Moses
635 1718 707 1739 cum
736 1707 831 1738 turba
862 1707 1009 1738 exsulum
1040 1706 1169 1746 fugatus

204 1751 303 1782 fuerit
324 1762 364 1782 ex
385 1753 543 1791 Aegypto,
567 1761 607 1781 ne
630 1750 734 1781 morbi
758 1751 807 1781 sui
828 1749 899 1781 tabe
918 1749 1081 1789 regionem
1100 1759 1167 1778 cor-

203 1798 409 1834 rumperent:
435 1794 510 1833 quia
529 1793 556 1824 si
576 1793 649 1825 huic
669 1793 754 1824 malo
774 1794 893 1833 passim
914 1793 1049 1823 fuissent
1072 1791 1170 1822 obno-

203 1837 259 1874 xii,
284 1847 450 1876 nunquam
470 1835 510 1867 de
529 1837 607 1876 ipsis
627 1847 643 1867 e
662 1837 823 1868 communi
848 1836 999 1867 societate
1025 1834 1171 1865 arcendis

204 1886 272 1910 tam
292 1890 423 1910 severas
443 1879 569 1910 tulisset
588 1879 684 1919 leges.
717 1879 862 1909 Primum
883 1878 971 1909 iubet
984 1877 1170 1916 Deus,quo·

205 1923 266 1954 ties
285 1923 416 1953 suborta
429 1922 524 1952 fuerit
538 1922 677 1961 suspicio
694 1922 810 1962 leprae,
827 1922 990 1952 hominem
1010 1931 1044 1951 se
1058 1920 1174 1950 offerre

205 1965 378 1997 sacerdoti:
402 1965 429 1996 si
452 1965 535 2004 quod
559 1964 712 1996 indicium
738 1965 844 2005 leprae
868 1964 1062 2003 apparuerit,
1087 1963 1174 1993 iubet

205 2008 330 2040 occludi
353 2007 391 2038 ad
417 2014 543 2047 tempus
567 2007 607 2038 ad
631 2014 752 2047 septem
777 2007 860 2045 dies,
885 2007 984 2037 donec
1007 2017 1046 2037 ex
1071 2006 1173 2036 morbi

206 2061 380 2091 progressu
404 2056 561 2091 appareat
584 2051 705 2090 lepram
726 2061 795 2081 csse
818 2049 1038 2080 incurabilem.
1080 2048 1173 2086 Quod

207 2094 297 2124 Deus
327 2093 519 2129 sacerdotes,
550 2098 581 2124 et
611 2093 739 2133 quidem
771 2093 901 2124 nonnisi
929 2103 968 2123 ex
999 2092 1101 2131 primo
1124 2101 1173 2121 or-

208 2137 298 2173 dine,
328 2136 451 2167 iudices
475 2136 650 2172 constituit,
686 2136 878 2167 documento
902 2140 951 2165 est
972 2133 1173 2174 spiritualem

207 2179 268 2210 Dei
300 2179 423 2210 cultum
454 2179 568 2218 respici
599 2180 702 2219 magis
731 2190 826 2218 quam
857 2178 962 2209 carnis
992 2177 1173 2207 sanitatem.

210 2221 245 2253 Si
269 2222 340 2262 quis
358 2227 450 2262 roget
475 2232 583 2253 annon
612 2222 818 2262 contagiosus
852 2221 894 2252 sit
923 2221 1053 2251 morbus
1077 2220 1174 2258 lepra,

208 2264 343 2304 ideoque
377 2265 526 2304 expediat
561 2275 672 2295 omnes
706 2265 760 2304 qui
794 2274 831 2295 ea
865 2263 939 2294 tacti
968 2268 1043 2293 sunt
1066 2262 1174 2302 prohi-

209 2308 277 2339 beri
302 2307 340 2338 ab
365 2308 530 2338 hominum
562 2307 814 2338 consuetudine:
850 2306 949 2337 fateor
983 2305 1013 2335 id
1048 2304 1175 2344 quidem

210 2361 279 2381 esse
302 2360 431 2381 verum:
455 2350 511 2380 sed
536 2360 617 2390 nego
640 2351 737 2381 finem
758 2350 844 2380 hunc
863 2348 1032 2389 praecipue
1054 2354 1173 2386 specta-

211 2399 279 2423 tum
304 2403 381 2423 esse.
425 2376 595 2424 Successn23
604 2394 689 2423 enim
714 2392 867 2440 temporis
892 2396 1038 2440 poterant
1061 2390 1178 2420 rectius

212 2446 402 2475 cognoscere
430 2435 546 2466 medici
576 2447 616 2466 ex
648 2442 715 2467 arte
739 2441 771 2466 et
793 2435 942 2466 scientia:
973 2433 1059 2472 atqui
1089 2432 1177 2463 Deus

213 2478 288 2509 solis
312 2478 534 2509 sacerdotibus
557 2478 701 2509 iniunxit
724 2479 782 2509 has
806 2483 928 2517 partes,
959 2481 990 2506 et
1014 2475 1176 2505 discretio-

214 2521 262 2552 nis
286 2521 430 2561 regulam
455 2521 596 2552 tradidit.
639 2521 706 2552 Nec
730 2520 881 2560 praefecit
903 2518 1061 2558 quoslibet
1085 2518 1179 2548 Levi-

214 2570 280 2600 tas,
311 2563 366 2594 sed
401 2569 527 2594 tantum
552 2564 635 2595 filios
660 2564 794 2595 Ahar-on
821 2563 873 2603 qui
903 2561 1049 2602 primarii
1077 2566 1178 2598 erant,

300 2657 328 2689 1)
346 2657 433 2682 Menai
454 2657 526 2683 1563.
546 2657 653 2683 Menani
673 2656 746 2683 1617.
769 2656 878 2683 Gallae.-
898 2655 984 2680 Maeu.

930 203 1115 235 PRIMUM
1137 203 1455 235 PRAECEPTUM.

2119 201 2182 235 320

1218 308 1279 337 quo
1309 298 1411 328 maior
1444 302 1527 328 esset
1564 296 1672 327 iudicii
1703 297 1868 326 autoritas.
1924 295 2037 335 Itaque
2074 306 2182 327 crasso

1217 351 1333 377 errore,
1369 340 1417 371 vel
1441 340 1547 380 potius
1573 339 1789 378 impudentia,
1822 339 1904 369 hanc
1927 338 2182 370 iurisdictionem

1217 383 1256 413 ad
1288 393 1321 414 se
1350 388 1521 413 traxtrunt
1551 382 1686 412 sacrifici
1716 381 1855 421 papales.
1901 380 2046 411 Summis
2078 391 2183 412 sacer—

1218 426 1344 456 dotibus
1380 424 1557 466 (inquiunt)
1592 425 1650 454 sub
1685 424 1754 463 lege
1792 423 1985 471 peimissum
2022 424 2083 454 fuit
2119 423 2183 455 dis-

1217 479 1348 499 cerneic
1372 469 1492 507 lepram
1517 478 1534 497 a
1558 468 1659 506 lepra:
1690 477 1766 506 ergo
1789 466 1871 496 idem
1898 466 1977 496 iuris
2001 465 2041 496 ad
2064 468 2186 505 episco-

1219 522 1274 550 pos
1298 511 1488 541 translatum
1514 515 1571 540 est.
1615 510 1768 548 Apertius
1793 508 1908 539 deinde
1927 508 2051 539 ludunt.
2087 508 2186 540 Sedet

1218 553 1372 588 officialis,
1398 553 1535 583 vicarius
1559 552 1714 591 episcopi,
1747 558 1900 591 tanquam
1926 551 2090 591 legitimus
2112 561 2185 591 cog-

1220 597 1318 627 nitor:
1355 595 1493 626 medicos
1527 601 1556 625 et
1591 595 1762 630 chirurgos
1795 594 1947 631 accersit,
1978 604 2019 624 ex
2050 604 2185 643 quorum

1220 639 1381 678 responsis
1412 638 1602 677 pronunciat
1632 636 1716 685 quod
1739 636 1797 667 sibi
1830 637 1949 667 fatetur
1978 647 2048 667 esse
2079 637 2186 677 incog-

1220 683 1332 712 nitum.
1389 681 1441 711 En
1476 690 1569 719 quam
1601 680 1680 710 scite
1711 680 1808 710 ritum
1839 680 1974 717 leoalem
2005 679 2044 709 ad
2076 686 2187 710 nostra

1219 730 1364 763 tempora
1401 722 1650 754 accommodent
1707 723 1808 753 Porio
1848 721 1973 753 fmdius
2012 721 2187 753 ludibrium

1220 772 1267 797 est
1299 766 1382 806 quod
1411 765 1449 796 ad
1479 765 1644 805 gregarios
1672 766 1832 805 quoslibet
1859 765 1920 795 alio
1950 775 2046 796 sensu
2074 771 2187 795 exten-

1220 810 1300 839 dunt
1331 808 1413 848 quod
1446 808 1597 838 dim-unt
1631 808 1663 838 in
1699 808 1783 838 solos
1807 809 1973 847 episcopos
1996 814 2186 847 competere.

1220 852 1303 882 Nam
1337 852 1412 891 quia
1446 856 1611 890 peccatum
1646 861 1708 890 quo
1743 850 1890 881 laborant
1923 860 2051 884 omnes.
2094 851 2187 889 spiri-

1221 895 1318 925 tualis
1351 900 1399 924 est
1432 893 1537 932 lepra,
1568 893 1644 924 hinc
1678 893 1836 934 colligunt
1870 903 1888 923 a
1922 899 2013 924 coetu
2044 892 2189 923 fidelium

1219 948 1329 968 omnes
1347 935 1483 972 excludi,
1504 935 1603 967 donec
1622 936 1824 967 absolutione
1843 936 1990 967 mundati
2013 946 2050 967 ac
2070 935 2189 975 recepti

1219 981 1348 1016 fuerint,
1379 979 1460 1018 quod
1485 989 1601 1009 munus
1625 979 1778 1010 sacrificis
1802 978 1999 1019 quibuslibet
2021 988 2190 1009 commune

1219 1034 1288 1053 esse
1313 1022 1435 1053 volunt..
1482 1021 1664 1052 Subiiciunt
1693 1027 1803 1061 postea
1831 1033 1893 1052 non
1917 1031 2009 1061 posse
2038 1021 2116 1051 ferri
2138 1021 2187 1052 iu-

1221 1066 1338 1096 dicium
1374 1065 1434 1095 nisi
1458 1074 1553 1095 causa
1587 1065 1732 1105 cognita:
1768 1064 1853 1095 unde
1884 1064 2013 1095 tandem
2043 1064 2189 1094 inferunt

1221 1108 1340 1147 requiri
1373 1107 1616 1138 confessionem.
1667 1107 1767 1147 Atqui
1799 1109 1825 1138 si
1856 1108 2004 1147 placeant
2033 1106 2188 1147 argutiae,

1220 1152 1327 1191 potius
1356 1151 1389 1180 in
1420 1151 1614 1180 contrariam
1639 1156 1762 1189 partem
1787 1151 1869 1181 ratio
1894 1161 1951 1181 nos
1976 1150 2078 1181 ducet.
2124 1149 2188 1180 Ne-

1221 1204 1282 1232 que
1327 1193 1411 1223 cnim
1458 1192 1495 1222 de
1539 1192 1649 1223 morbo
1692 1193 1815 1223 occulto
1861 1192 2043 1224 sacerdotes
2084 1192 2190 1223 voluit

1222 1237 1310 1267 Dens
1341 1245 1547 1275 cognoscere,
1583 1235 1638 1266 sed
1670 1243 1837 1275 postquam
1870 1236 2042 1266 manifesta
2070 1235 2189 1266 indicia

1221 1284 1428 1310 emerserant.
1475 1278 1562 1308 Hinc
1585 1284 1736 1318 sequetur
1755 1286 1959 1319 praepostere
1979 1278 2064 1308 trahi
2082 1278 2115 1308 in
2140 1278 2188 1308 iu-

1222 1322 1341 1352 dicium
1365 1321 1487 1351 occulta
1512 1327 1649 1359 peccata,
1681 1327 1713 1351 et
1736 1328 1848 1352 contra
1871 1322 1921 1352 ins
1945 1327 1977 1351 et
2000 1321 2048 1352 fas
2072 1320 2111 1351 ad
2135 1330 2187 1350 eo-

1222 1376 1292 1395 rum
1318 1364 1550 1394 confessionem
1576 1365 1708 1395 miseros
1728 1364 1874 1395 homines
1894 1363 1989 1404 adigi.
2015 1364 2190 1394 Caeterum

1221 1407 1346 1438 cawllis
1371 1407 1477 1437 valere
1501 1406 1604 1443 iussis,
1629 1407 1768 1437 tenenda
1791 1413 1841 1438 est
1861 1407 2010 1447 analogia
2029 1407 2113 1437 inter
2132 1416 2190 1437 nos

1222 1456 1253 1481 et
1276 1455 1417 1481 veterem
1443 1449 1605 1489 populum.
1650 1449 1764 1480 Vetuit
1794 1451 1883 1481 Deus
1914 1450 1991 1480 olim
2021 1455 2190 1480 externam

1222 1493 1326 1523 carnis
1350 1492 1586 1523 immunditiem
1613 1492 1740 1523 tolerari
1762 1493 1795 1523 in
1820 1493 1946 1533 populo.
1992 1492 2115 1523 Christi
2135 1491 2190 1522 ad-

1223 1544 1321 1566 ventu
1356 1536 1494 1566 cessavit
1529 1534 1712 1566 umbratilis
1747 1536 1860 1575 figura.
1917 1536 2004 1576 Ergo
2039 1535 2191 1566 docemur

1222 1579 1331 1610 sordes
1350 1589 1469 1614 omnes,
1493 1577 1607 1617 quibus
1627 1579 1845 1618 corrumpitur
1857 1579 1980 1618 puritas
1999 1578 2105 1608 cultus
2119 1577 2190 1615 Dei,

1223 1633 1285 1651 non
1317 1631 1385 1651 esse
1415 1621 1587 1651 tolerantia
1615 1621 1701 1651 inter
1730 1632 1787 1652 nos
1818 1621 1979 1652 fovendas.
2032 1621 2075 1651 Et
2103 1625 2191 1651 certe

1225 1665 1298 1695 huic
1332 1664 1552 1694 caeremoniae
1586 1664 1760 1712 respondet
1790 1664 2097 1701 excommunicatio,
2128 1672 2193 1702 qua.

1223 1712 1380 1746 pingatur
1403 1707 1544 1743 ecclesizn
1570 1717 1609 1736 ne
1633 1708 1750 1746 passim
1776 1714 1965 1747 grassentur
1981 1705 2192 1755 corruptelae,

1224 1750 1249 1780 si
1274 1749 1408 1789 improbi
1433 1756 1465 1779 et
1488 1749 1636 1780 sceleiati
1660 1750 1762 1780 locum
1787 1750 1821 1780 in
1845 1761 1883 1781 ea
1906 1750 2085 1789 promiscue
2119 1759 2193 1780 eum

1225 1793 1315 1823 bonis
1334 1798 1498 1832 occupent
1544 1792 1612 1822 Iam
1643 1793 1725 1831 qnod
1751 1793 1859 1824 morbo
1879 1792 1985 1824 adhuc
2004 1793 2138 1823 obscuro
2161 1795 2194 1822 et

1226 1835 1321 1865 dubio
1344 1836 1431 1865 iubet
1456 1836 1543 1866 Dens
1569 1835 1749 1866 morbidum
1782 1836 1942 1866 hominem
1973 1842 2096 1875 septem
2126 1834 2193 1865 die-

1225 1878 1282 1908 bns
1306 1877 1440 1915 includi,
1473 1878 1725 1908 moderationem
1749 1878 1953 1909 commendat
1975 1889 2024 1915 ne,
2060 1877 2113 1917 qui
2137 1876 2192 1908 ad-

1226 1921 1287 1951 buc
1312 1921 1463 1951 sanabilis
1486 1926 1542 1957 est,
1569 1929 1642 1951 ante
1667 1928 1791 1960 ternpus
1815 1921 1997 1952 damnetur.
2038 1921 2084 1951 Et
2105 1926 2192 1951 certe

1227 1964 1302 1993 haec
1332 1964 1436 1994 media
1466 1964 1548 1994 ratio
1578 1964 1782 1994 observanda
1816 1970 1865 1995 est
1889 1975 1928 1994 ne
1958 1963 2056 1994 iudex
2086 1963 2193 2003 ignos-

1225 2007 1326 2037 cendo
1350 2007 1444 2037 nimis
1468 2007 1509 2037 sit
1529 2008 1681 2037 remissus
1705 2018 1741 2037 ac
1765 2007 1900 2044 solutus,
1925 2013 1957 2038 et
1979 2012 2087 2037 tamen
2106 2006 2194 2046 rigo-

1227 2060 1293 2079 rem
1317 2051 1477 2088 aequitate
1501 2056 1672 2088 temperet:
1699 2051 1888 2088 praesertim
1909 2059 1986 2080 vero
2005 2060 2044 2080 ne
2064 2054 2193 2079 senten-

1227 2093 1302 2122 tiam
1338 2093 1524 2131 praccipitet
1558 2092 1654 2122 nimis
1687 2092 1879 2122 festinando.
1937 2092 1999 2124 Ubi
2036 2091 2194 2123 vertimus

1227 2134 1383 2164 mundum
1406 2135 1455 2165 vel
1479 2133 1682 2165 immundum
1708 2134 1877 2171 iudicabit,
1903 2135 2051 2166 hebraice
2075 2134 2195 2173 legitur

1229 2177 1396 2208 mundabit
1420 2178 1469 2208 vcl
1499 2176 1714 2208 immundabit
1744 2188 1817 2207 eum
1844 2178 2008 2208 sacerdos.
2040 2186 2102 2216 quo
2128 2186 2193 2207 me—

1228 2220 1288 2249 lius
1311 2221 1453 2251 sancitur
1472 2220 1577 2251 indicii
1602 2220 1754 2259 gravitas,
1780 2231 1842 2250 non
1867 2231 1958 2251 secus
1981 2230 2017 2251 ac
2040 2219 2067 2250 si
2086 2230 2104 2250 a
2124 2218 2193 2250 Deo

1228 2263 1295 2310 ipso
1318 2264 1497 2302 profectum
1520 2268 1612 2293 esset.
1656 2263 1698 2292 Et
1721 2268 1807 2293 certe
1831 2262 1921 2293 nulla
1944 2262 2122 2293 medicinae
2142 2272 2194 2302 pe-

1230 2305 1301 2335 ritia
1335 2305 1454 2336 dictare
1490 2306 1593 2345 potnit
1627 2305 1764 2344 septimo
1796 2305 1846 2335 die
1875 2305 2086 2336 incurabilem
2124 2315 2194 2336 esse

1230 2348 1359 2386 lepram,
1384 2348 1421 2378 de
1445 2360 1506 2388 qua
1531 2354 1597 2379 tam
1622 2349 1738 2386 exiguo
1757 2355 1831 2378 ante
1851 2354 1994 2388 tempore
2014 2348 2195 2379 dubitatum

1231 2391 1344 2426 fuerat,
1380 2392 1440 2422 nisi
1475 2392 1563 2422 Deus
1591 2390 1829 2421 immunditiem
1866 2391 2023 2431 singulari
2055 2390 2195 2430 quodam

1230 2432 1322 2463 modo
1345 2433 1523 2474 detegeret,
1552 2444 1588 2465 ac
1618 2432 1821 2464 sacerdotum
1852 2434 1959 2465 oculos
1982 2438 2110 2474 regeret
2139 2444 2195 2465 suo

1229 2482 1353 2515 spiritu.

1313 2518 1363 2549 29.
1390 2519 1425 2550 St
1447 2519 1512 2550 viro
1534 2522 1587 2549 aut
1609 2519 1742 2550 mulieri.
1768 2518 1831 2549 Hic
1854 2529 1919 2550 non
1943 2519 2050 2559 agitur
2071 2518 2109 2550 de
2132 2518 2196 2550 cal-

1232 2560 1317 2596 vitie,
1342 2573 1421 2600 quac
1445 2570 1481 2592 ut
1505 2562 1680 2602 plurimum
1703 2561 1738 2592 in
1762 2562 1852 2592 senio
1873 2562 2046 2602 contingit:
2070 2561 2125 2592 sed
2145 2561 2197 2592 de-

1231 2603 1340 2642 pilatio
1364 2615 1443 2643 qnae
1466 2606 1610 2636 nascitur
1633 2615 1672 2635 ex
1702 2604 1808 2644 lepra⁷
1831 2604 1869 2634 ab
1893 2605 1965 2635 aliis
1988 2604 2195 2636 discernitur:

1231 2656 1365 2685 quarum
1390 2649 1448 2678 etsi
1470 2649 1560 2688 origo
1583 2654 1613 2679 et
1632 2658 1730 2679 causa
1747 2652 1795 2677 est
1814 2657 1853 2677 ex
1873 2647 1981 2688 aliqua
1998 2647 2196 2687 intemperie,
