2304 3034
79 201 141 233 653

401 290 466 322 EX
487 287 658 320 NUMER.
682 286 723 317 V.

170 378 219 409 11.
255 376 412 416 Loquutus
444 376 487 405 est
516 371 630 403 Ieliova
662 371 704 402 ad
739 370 860 409 Mosen,
902 371 1041 402 dicendo:

84 422 135 453 12.
160 420 322 458 Alloquere
342 418 426 458 filios
447 414 565 451 Israel,
597 416 623 445 et
644 414 730 445 dicas
749 413 830 444 illis:
877 414 976 453 Quum
998 413 1043 443 di-

83 463 204 496 ‘i-erterit
225 471 304 492 uxor
324 459 512 498 cuiuspiam,
540 459 567 487 et
588 457 809 495 praevaricata
837 456 934 495 fuerit
951 465 1043 494 prae-

83 505 283 538 varicatione:
329 502 376 533 13.
406 500 448 531 Et
475 499 581 530 coierit
608 498 726 538 aliquis
751 509 819 530 cum
842 509 876 530 ea
899 499 977 529 coitu
1000 508 1043 528 se-

84 549 194 584 minis,
225 544 430 577 absconditum
460 544 560 573 autem
586 541 683 580 fuerit
710 541 748 572 ab
777 541 872 572 oculis
900 541 963 571 viri
992 540 1043 571 sui

84 594 113 622 et
138 588 305 624 delituerit,
337 587 464 626 ipsaque
488 584 609 623 polluta
636 584 744 622 fuerit:
771 584 856 614 testis
887 593 955 614 vero
983 592 1043 613 non
1069 582 1070 605 l

83 632 181 673 fuerit
191 633 293 662 contra
307 638 382 665 eam,
405 637 498 665 neque
510 627 580 665 ipsa
598 626 694 664 fuerit
710 626 907 665 deprehensa,
933 625 981 656 14.
1001 624 1046 655 Et

84 673 244 707 transierit
274 681 367 710 super
399 680 467 700 eum
495 669 626 708 spiritus
654 668 835 708 eelotypiae,
867 668 1043 706 zelatusque

84 718 178 758 fuerit
199 723 322 746 uxorem
344 722 442 750 suam,
463 714 489 742 et
510 712 581 749 ipsa
598 711 719 750 polluta
739 711 850 750 fuerit:
871 710 918 741 vel
938 713 1041 741 trans-

85 760 155 791 ierit
175 766 266 796 super
287 765 355 786 eum
377 754 510 794 spiritus
531 753 712 793 zelotypiae,
742 753 916 793 zelatusque
947 752 1044 792 faerit

85 810 206 833 uxo-rem
229 807 334 835 suam,
364 800 391 828 et
412 797 484 836 ipsa
506 806 564 826 non
586 796 683 836 fuerit
700 796 834 834 polluta:
882 796 930 826 15.
957 795 1044 825 Tunc

85 843 211 875 adducet
238 841 286 871 vir
314 849 438 870 uxorem
465 848 555 869 suam
584 839 625 869 ad
654 839 851 875 sacerdotem,
885 841 911 869 et
940 838 1044 877 afferet

85 885 260 917 oblationem
292 883 358 913 cius
390 891 458 913 cum
491 881 548 912 illa
562 905 569 918 ‚
609 891 714 919 nempe
745 881 893 911 decimam
921 882 1043 919 partem

83 927 160 968 epha
180 925 305 965 farinae
327 924 520 955 hordeaceae:
542 933 603 954 non
614 923 722 962 fundet
738 933 833 962 super
850 933 915 954 eam
934 923 1042 959 oleum,

84 978 178 1009 neque
194 969 287 1006 ponet
305 976 398 1005 super
415 977 481 997 eam
499 965 577 1001 thus,
600 966 675 1004 quia
694 965 802 997 oblatio
824 965 1044 1005 eelotypiarum

84 1014 141 1049 est,
171 1010 280 1042 oblatio
306 1009 471 1039 memoriae
496 1018 641 1039 revocans
663 1008 695 1038 in
717 1009 899 1039 memoriam
927 1008 1044 1046 iniqui-

83 1056 180 1086 tatem.
235 1052 283 1082 16.
318 1051 361 1082 Et
392 1051 643 1090 appropinquare
673 1051 765 1088 faciet
798 1061 865 1081 eam
894 1050 1045 1087 sacerdoS,

82 1097 248 1134 statuetque
270 1104 337 1125 eam
358 1103 461 1125 coram
483 1093 605 1124 Ielcova.
653 1093 700 1123 17.
727 1092 876 1131 Tolletque
904 1093 1046 1124 sacerdos

83 1147 195 1177 aquam
223 1139 360 1168 sanctam
388 1136 421 1166 in
449 1145 521 1166 vase
550 1138 689 1173 testaceo,
720 1135 756 1166 de
773 1136 900 1174 pulvere
929 1145 1045 1174 quoque
1070 1161 1071 1167 ,

83 1181 137 1221 qui
166 1179 262 1219 fuerit
284 1179 318 1209 in
336 1179 514 1217 pavimento
537 1178 726 1209 tabernaculi
746 1178 825 1209 tollet
846 1178 996 1215 sacerdos,
1020 1179 1046 1208 et

81 1223 177 1254 mittet
203 1222 235 1252 in
269 1231 383 1260 aquam
415 1220 511 1251 illam.
569 1220 617 1251 18.
655 1220 734 1251 Tum
766 1223 876 1252 statuet
904 1220 1045 1251 sacerdos

82 1265 241 1297 mulierem
270 1273 371 1295 coram
399 1262 524 1300 Ieliova,
558 1265 585 1294 et
615 1263 811 1302 discooperiet
839 1265 931 1301 caput
960 1262 1044 1293 illius

81 1307 238 1344 mulieris,
259 1308 410 1345 ponetque
440 1315 532 1344 super
560 1315 673 1336 manus
694 1306 761 1337 eius
783 1305 959 1336 oblationem
981 1315 1042 1335 me-

82 1350 206 1385 moriae,
229 1359 307 1388 quae
329 1348 438 1379 oblatio
467 1348 691 1388 eelotypiarum
720 1350 778 1379 est:
802 1351 827 1379 et
855 1347 888 1378 in
916 1357 1044 1378 manum

82 1392 249 1424 sacerdotis
275 1393 362 1422 erunt
389 1400 488 1430 aquae
521 1400 648 1421 amarae
679 1390 864 1422 maledictae.
919 1390 966 1421 19.
1002 1389 1045 1420 Et

83 1434 240 1466 adiurabit
262 1443 328 1465 eam
357 1433 514 1470 sacerdos,
545 1433 681 1471 dicetque
703 1433 766 1464 illi.-
801 1433 837 1464 Si
859 1443 917 1464 non
940 1433 1044 1464 coierit

82 1477 242 1517 quispiam
263 1479 372 1512 tecum,
404 1478 430 1506 et
450 1476 479 1506 si
502 1485 559 1506 non
583 1475 783 1507 declinaveris
815 1475 857 1506 ad
878 1475 1044 1506 immundi-

83 1520 159 1550 tiam
181 1519 236 1549 sub
258 1519 324 1549 viro
347 1520 411 1555 tuo,
441 1518 557 1548 munda
578 1521 638 1549 esto
661 1518 699 1548 ab
722 1519 813 1557 aquis
836 1519 903 1548 istis
926 1518 1045 1548 amaris

82 1562 265 1593 maledictis.-
308 1560 358 1592 20.
384 1560 420 1591 Si
442 1570 510 1591 vero
532 1560 733 1592 declinaveris
754 1561 809 1592 sub
831 1561 896 1592 viro
918 1563 984 1598 tuo,
1018 1563 1045 1591 et

78 1604 200 1643 polluta
219 1603 334 1643 fueris,
360 1603 534 1642 dederitque
563 1603 681 1642 aliquis
711 1604 743 1634 in
772 1606 799 1634 te
821 1614 922 1634 semen
951 1613 1044 1634 suum

80 1649 203 1687 praeter
224 1647 326 1677 vir-um
348 1648 443 1676 tuum.
489 1645 538 1676 21.
563 1645 754 1686 (Adiurabit,
776 1647 912 1685 inquam,
936 1646 1044 1677 mulie-

82 1699 147 1720 rem
169 1689 258 1720 illam
279 1689 420 1720 sacerdos
441 1688 636 1719 adiuratione
656 1689 889 1725 maledictionis,
920 1691 946 1720 et
968 1689 1045 1720 dicet

83 1731 236 1773 mulieri):
264 1731 325 1762 Det
351 1734 377 1762 te
400 1730 514 1762 Ielzova
544 1731 578 1762 in
603 1731 841 1763 maledictionem
869 1734 895 1762 et
917 1731 1045 1762 adiura—

83 1774 192 1805 tionem
227 1774 258 1804 in
290 1773 386 1805 medio
413 1773 522 1813 populi
554 1774 615 1810 tui,
656 1784 749 1813 quum
783 1774 898 1805 dederit
931 1773 1044 1805 Ieliova

82 1816 185 1856 femur
212 1818 300 1847 tuum
340 1817 464 1853 cadens,
497 1819 523 1847 et
555 1819 676 1847 uterum
709 1819 795 1847 tuum
827 1819 1041 1848 tumescentem.

84 1859 134 1890 22.
165 1858 444 1899 Inyrcdianturque
474 1868 573 1898 aquae
601 1859 777 1890 maledictae
804 1860 880 1890 istae
909 1860 942 1890 in
969 1859 1043 1889 inte-

83 1902 170 1932 riara
191 1903 254 1941 tua,
278 1904 311 1932 ut
332 1904 492 1932 tumescere
512 1902 633 1940 faciant
654 1904 791 1939 uterum,
820 1905 847 1933 et
869 1902 976 1933 cadere
995 1901 1043 1940 fa-

85 1944 167 1975 ciant
197 1944 306 1983 femur.
362 1943 404 1974 Et
435 1944 513 1975 dicet
544 1944 657 1975 mulier
691 1944 759 1976 illa.-
800 1945 910 1981 Amen,
945 1954 1042 1975 amen.

86 1985 136 2017 23.
159 1985 202 2017 Et
230 1986 338 2017 scribet
365 1986 592 2017 maledictiones
620 1987 698 2018 istas
724 1988 866 2018 sacerdos
895 1987 927 2017 in
956 1987 1043 2024 libro,

87 2030 113 2059 et
139 2028 244 2060 delebit
266 2031 373 2067 postea
403 2029 477 2060 illas
503 2038 569 2059 cum
599 2030 689 2068 aquis
710 2030 845 2061 amaris:
889 2029 938 2060 24.
965 2030 1044 2060 Tum

88 2071 127 2102 ad
143 2071 313 2110 potandum
334 2071 418 2103 dabit
438 2071 561 2102 mulieri
588 2082 687 2111 aquas
709 2082 836 2103 amaras
856 2072 1043 2109 maledictas,
1069 2101 1070 2105 ,

89 2114 114 2143 et
137 2113 344 2153 ingredientur
373 2115 406 2145 in
435 2124 503 2145 eam
524 2124 622 2153 aquae
644 2115 822 2146 maledictae
851 2115 884 2145 in
906 2125 1042 2145 amaras.

90 2154 138 2186 25.
163 2155 272 2187 Postea
293 2157 392 2196 capiet
412 2157 551 2188 sacerdos
568 2168 582 2187 e
601 2168 695 2188 manu
706 2157 847 2188 mulieris
868 2157 1044 2188 oblationem

89 2197 312 2238 eelotypiarum,
334 2202 360 2230 et
381 2199 506 2230 elevabit
520 2199 607 2230 illam
629 2210 730 2231 coram
743 2200 865 2237 Iehow,
888 2200 1046 2239 offeretque

92 2250 157 2271 eam
178 2251 268 2281 super
290 2242 394 2273 altare.
430 2242 479 2273 26.
506 2242 600 2273 Tollet
621 2243 711 2273 etiam
733 2242 873 2273 sacerdos
891 2242 1044 2282 pugillum
1069 2279 1070 2282 Ἴ

86 2282 208 2322 plenum
229 2285 265 2315 de
287 2284 431 2316 oblatione
452 2285 630 2315 memoriam
653 2286 728 2321 eius,
758 2285 944 2323 adolebitque
967 2285 1044 2315 illud

91 2335 183 2364 super
213 2326 316 2364 altare,
351 2330 377 2358 et
407 2330 509 2366 postea
543 2328 584 2358 ad
611 2328 781 2366 potandum
814 2327 900 2358 dabit
921 2328 1045 2358 mulieri
1069 2355 1070 2364 ,

92 2377 203 2405 aquas:
245 2368 292 2400 27.
323 2370 375 2400 Ad
398 2370 582 2408 potandum,
612 2370 749 2408 inquam,
779 2370 862 2400 dabit
891 2371 918 2400 ei
946 2380 1045 2409 aazias

90 2410 180 2440 ilias:
201 2413 226 2440 et
248 2412 312 2448 erit,
333 2413 361 2442 si
378 2412 499 2451 polluta
519 2413 629 2452 fuerit,
657 2413 931 2452 praevaricataque
951 2413 1046 2451 fuerit

86 2452 348 2492 praevaricatione
370 2455 402 2485 in
424 2455 526 2485 virum
548 2465 656 2493 suum,
684 2458 752 2485 tunc
781 2456 988 2494 inyrcdicntar
1011 2455 1044 2485 in

90 2494 178 2525 illam
200 2504 295 2532 aquae
316 2497 491 2528 maledictae
517 2508 622 2529 versae
651 2498 684 2528 in
713 2498 969 2535 amaritudinem,
999 2498 1045 2528 in-

91 2539 287 2575 tumescetquc
314 2541 417 2570 uterus
446 2541 524 2576 cius,
549 2543 575 2571 et
595 2541 677 2571 cadet
697 2540 799 2579 femur
820 2541 903 2571 cius:
932 2543 957 2570 et
986 2540 1045 2570 erit

91 2579 204 2610 mulier
235 2579 292 2611 illa
323 2581 357 2611 in
388 2583 625 2614 ‘'maledic-tionem
659 2583 693 2613 in
723 2583 821 2614 medio
845 2583 955 2622 populi
984 2583 1042 2613 sui.

93 2622 141 2653 28.
177 2622 262 2660 (guod
289 2623 317 2653 si
345 2633 401 2654 non
428 2626 522 2663 fuerit
546 2625 664 2665 polluta
693 2625 818 2662 mulier,
848 2626 900 2656 sed
927 2625 1043 2656 munda

786 193 1023 227 SEPTIMUM
1047 192 1364 225 PRAEOEPTUM.

1993 190 2055 221 654

1091 284 1195 324 fuerit,
1217 285 1335 316 munda
1356 286 1423 323 erit,
1457 284 1714 322 seminabiturque
1731 284 1852 315 semine.
1897 283 1946 315 29.
1971 283 2057 314 Haec

1094 330 1135 357 est
1157 328 1205 358 lex
1227 327 1456 367 eelotypiarum,
1480 337 1574 366 quum
1596 326 1752 358 diverterit
1779 327 1890 358 mulier
1911 325 1966 357 sub
1988 327 2056 357 viro

1093 380 1162 407 suo,
1196 372 1224 401 et
1250 370 1372 408 polluta
1402 370 1513 410 fuerit.-
1566 369 1615 400 30.
1649 368 1715 399 Aut
1746 369 1809 399 viri
1842 379 1935 407 super
1967 378 2055 407 quem

1094 412 1255 443 transierit
1275 413 1407 452 spiritus
1428 412 1599 452 zelotypiae,
1631 413 1657 442 et
1677 411 1794 442 celatas
1813 412 1908 450 fuerit
1930 421 2056 442 uasorem

1069 461 1070 467 ¹
1094 464 1192 491 suam,
1215 456 1413 494 statueritque
1434 454 1591 485 mulierem
1612 463 1713 485 coram
1738 453 1866 492 Ielzova‚
1896 463 1930 484 ac
1950 453 2055 492 fecerit

1095 497 1123 526 ei
1144 498 1287 527 sacerdos
1308 498 1472 528 secundum
1494 506 1609 528 omnem
1630 496 1722 535 leyem
1744 496 1829 526 lianc.
1874 496 1923 526 31.
1947 495 1991 526 Et
2008 498 2054 526 in-

1094 549 1201 570 nocens
1219 539 1276 570 erit
1294 540 1342 570 cir
1363 540 1414 571 ille
1435 540 1473 570 ab
1495 540 1663 578 iniquitate,
1685 538 1796 569 mulier
1816 549 1884 569 vcro
1906 538 1962 569 illa
1979 548 2053 577 por-

1094 581 1169 612 tabit
1190 582 1380 620 iniquitatem
1403 592 1502 613 suam.

1182 666 1228 697 11.
1253 666 1414 706 Loquutus
1435 668 1477 697 est
1498 665 1611 696 Ieliova
1634 666 1675 697 ad
1699 665 1814 696 Mosen.
1860 664 2053 705 Quanquam

1095 708 1224 739 videtur
1254 708 1454 740 caeremonia
1483 708 1561 739 haec
1590 718 1664 748 pars
1695 719 1764 739 esse
1794 707 1900 738 cultus
1923 707 2054 747 legalis:

1095 751 1169 791 quia
1192 756 1299 782 tamen
1322 751 1362 782 ad
1385 750 1642 781 observationem
1667 750 1794 790 septimi
1818 749 1963 781 mandati
1983 761 2053 790 per-

1095 795 1185 831 tinet,
1209 794 1241 824 in
1266 794 1352 825 hunc
1374 793 1477 824 locum
1502 793 1630 823 differre
1654 793 1758 824 visum
1781 801 1839 824 est.
1883 792 1974 823 Finis
1998 798 2055 831 est,

1095 846 1135 866 ne
1158 836 1359 876 impunitatis
1382 836 1497 866 fiducia
1521 835 1670 866 mulieres
1693 846 1726 866 se
1760 835 1799 865 ad
1822 835 2055 874 impudicitiam

1096 879 1304 919 prostituant,
1334 878 1383 909 vel
1414 888 1453 909 ne
1474 877 1631 917 zelotypia
1654 877 1820 908 dissidium
1845 884 1992 918 generet,
2024 882 2055 913 et

1095 922 1237 952 animum
1261 921 1369 952 mariti
1392 919 1560 951 alienando
1584 920 1622 950 ab
1646 931 1753 958 uxore,
1784 920 1950 951 vinculum
1975 920 2056 951 casti

1096 964 1212 994 amoris
1236 964 1352 995 solvat:
1384 964 1457 1003 quia
1488 963 1548 993 hoe
1579 962 1670 993 modo
1701 964 1797 993 ianua
1828 963 1938 993 multis
1961 963 2057 994 scele-

1096 1006 1184 1037 ribus
1207 1007 1395 1046 aperiretur.
1441 1005 1542 1036 Porro
1565 1005 1624 1036 boc
1650 1005 1714 1035 ritu
1739 1010 1872 1036 testatus
1896 1010 1944 1036 est
1967 1005 2057 1036 Deus

1096 1059 1129 1079 se
1145 1049 1218 1079 fidei
1239 1048 1414 1088 coniugalis
1427 1047 1604 1087 praesidem
1625 1058 1693 1078 esse
1713 1057 1748 1078 ac
1767 1048 1937 1078 vindicem.
1961 1048 2056 1079 Unde

1096 1097 1227 1130 apparet
1250 1102 1345 1130 quam
1368 1091 1442 1121 boni
1461 1089 1566 1121 odoris
1588 1090 1778 1120 sacrificium
1798 1090 1840 1121 sit
1858 1100 1963 1121 coram
1988 1091 2057 1130 ipso

1096 1134 1268 1164 mulierum
1300 1137 1473 1173 nuptarum
1506 1133 1653 1163 castitas:
1688 1133 1740 1163 cui
1772 1132 1923 1172 dignatur
1951 1139 2055 1163 custo-

1097 1176 1168 1206 dem
1186 1187 1218 1207 se
1242 1176 1396 1215 profiteri.
1442 1174 1534 1206 Unde
1564 1184 1628 1205 non
1657 1174 1727 1205 leve
1750 1175 1874 1205 maritis
1897 1175 2057 1213 solatium,

1097 1219 1149 1249 ubi
1174 1218 1263 1249 Deus
1286 1218 1427 1250 occultae
1452 1216 1574 1248 fraudis
1604 1217 1817 1257 cognitionem
1850 1217 1999 1257 suscipit,
2030 1218 2057 1248 si

1096 1262 1178 1292 forte
1207 1271 1323 1291 uxores
1353 1260 1472 1300 perfide
1501 1270 1534 1291 se
1563 1260 1730 1299 gesserint.
1777 1259 1899 1290 Verum
1930 1260 2058 1300 singula

1096 1303 1207 1335 ordine
1241 1308 1378 1334 tractare
1411 1302 1568 1342 expediet.
1625 1301 1733 1340 Quum
1766 1302 1860 1332 initio
1894 1302 1984 1333 dicit:
2020 1302 2057 1334 Si

1096 1347 1212 1377 mulier
1241 1345 1335 1376 fidem
1367 1345 1547 1383 violaverit,
1579 1349 1612 1376 et
1633 1345 1754 1376 crimen
1789 1344 1896 1383 lateat,
1930 1345 2059 1376 videtur

1096 1389 1250 1428 implicita
1269 1399 1337 1419 esse
1356 1387 1554 1419 absurditas:
1578 1397 1614 1418 ac
1633 1388 1660 1417 si
1680 1387 1738 1418 hoc
1761 1387 1854 1418 modo
1877 1387 1983 1418 nullas
2004 1398 2057 1418 vo-

1097 1437 1181 1463 caret
1206 1432 1239 1461 in
1260 1431 1411 1462 iudicium
1435 1430 1498 1461 nisi
1521 1430 1699 1461 convictas:
1731 1430 1818 1469 atqui
1839 1440 1873 1461 16
1896 1435 2058 1470 comperta

1097 1484 1331 1514 supervacuum
1355 1477 1439 1504 esset
1461 1483 1606 1504 examen.
1653 1472 1776 1503 Verum
1802 1472 1880 1504 haec
1904 1473 2057 1504 conditio:

1097 1516 1357 1556 &transgressa
1388 1515 1493 1553 fuerit,
1528 1526 1593 1546 non
1627 1515 1788 1555 significat
1820 1515 1988 1546 mulierem
2023 1516 2056 1546 111

1097 1559 1254 1591 adulterio
1282 1558 1377 1589 fuisse
1408 1557 1659 1598 deprehensam,
1689 1557 1744 1588 sed
1768 1558 1904 1588 refertur
1926 1558 1965 1588 ad
1989 1559 2056 1598 opi-

1096 1603 1224 1633 nionem
1259 1601 1381 1632 mariti:
1416 1600 1550 1640 ideoque
1584 1600 1627 1632 sie
1663 1600 1777 1631 resolvi
1802 1600 1919 1631 debent
1942 1601 2056 1631 verba:

1097 1644 1133 1676 Si
1158 1645 1227 1684 quis
1250 1643 1414 1674 existimet
1441 1653 1574 1674 uxorem
1598 1653 1688 1674 suam
1713 1643 1826 1674 coiisse
1849 1653 1919 1674 cum
1940 1643 2054 1679 alieno,

1096 1698 1154 1719 nec
1177 1687 1272 1718 aliter
1301 1686 1402 1726 possit
1424 1686 1524 1717 levari
1546 1686 1584 1717 ab
1608 1685 1771 1717 anxietate
1794 1696 1855 1725 qua
1879 1690 2055 1725 torquetur,

1095 1730 1248 1761 iudicium
1282 1728 1365 1769 quod
1399 1727 1583 1759 hominibus
1613 1728 1756 1759 ablatum
1787 1732 1844 1765 est,
1879 1727 1917 1758 ad
1948 1728 2054 1758 Deum

1094 1773 1200 1812 ipsum
1224 1772 1353 1802 deferat.
1399 1771 1540 1802 Videtur
1569 1775 1675 1802 tamen
1706 1770 1851 1801 consulto
1875 1770 1964 1801 Deus
1993 1770 2054 1801 cri-

1094 1827 1167 1846 men
1192 1814 1344 1855 posuisse,
1367 1824 1406 1845 ne
1427 1814 1611 1854 promiscue
1634 1813 1739 1844 mariti
1763 1813 1915 1844 dedecore
1946 1823 2054 1853 asper-

1093 1864 1207 1898 gerent
1228 1857 1376 1888 innoxias
1398 1867 1524 1888 uxores.
1557 1856 1685 1887 Scimus
1708 1856 1824 1886 multos
1848 1859 1965 1886 temere
1985 1866 2054 1886 esse

1094 1900 1286 1940 suspicaces:
1312 1899 1366 1930 ubi
1389 1904 1496 1930 autem
1520 1899 1617 1930 semel
1641 1899 1784 1929 animum
1815 1898 1980 1938 occupavit
2002 1908 2052 1928 ze-

1095 1943 1228 1984 lotypia,
1263 1942 1371 1972 nullus
1404 1946 1549 1981 superest
1577 1940 1789 1972 moderationi
1820 1941 1868 1971 vel
1899 1940 2053 1980 aequitati

1095 1987 1190 2017 locus.
1236 1984 1345 2024 Quare
1372 1984 1584 2015 inhumanum
1616 1984 1740 2019 fuisset,
1775 1984 1907 2014 morosis
1941 1986 1974 2013 et
1996 1983 2054 2013 im-

1095 2029 1240 2069 portunis
1273 2027 1396 2058 maritis
1429 2027 1616 2067 permittere
1648 2032 1683 2057 ut
1711 2026 1749 2057 ob
1778 2026 1866 2056 leves
1896 2025 2054 2065 quaslibet

1095 2071 1300 2111 suspiciones,
1324 2079 1442 2100 uxores
1464 2080 1538 2100 suas
1562 2069 1728 2100 traherent
1754 2068 1793 2099 ad
1816 2067 1967 2098 horribile
1991 2068 2052 2098 Dei

1095 2114 1257 2145 iudicium.
1302 2112 1371 2143 Iam
1394 2112 1420 2143 si
1442 2111 1559 2152 impius
1582 2122 1618 2142 ac
1643 2111 1781 2143 crudelis
1803 2116 1884 2141 esset
1906 2110 2051 2148 maritus,

1095 2161 1222 2188 tantum
1253 2155 1398 2186 licentiae
1427 2154 1502 2185 dare
1532 2154 1652 2194 absque
1682 2154 1747 2185 ullo
1771 2153 1910 2189 delectu,
1941 2153 2052 2195 suisset

1097 2199 1186 2239 quasi
1209 2198 1350 2237 gladium
1374 2197 1493 2228 furioso
1514 2198 1546 2228 in
1571 2207 1702 2228 manum
1725 2196 1897 2235 porrigere,
1935 2194 2054 2226 Subin-

1096 2242 1179 2273 dicat
1203 2251 1277 2281 crgo
1302 2239 1400 2276 Deus,
1434 2239 1610 2279 prudenter
1633 2237 1898 2271 considerandum
1921 2248 1990 2268 esse
2014 2248 2054 2268 ne

1096 2283 1243 2315 sacerdos
1266 2282 1502 2322 quaerimonias
1525 2293 1636 2313 omnes
1660 2282 1753 2312 nimis
1781 2280 1872 2311 facile
1895 2280 2052 2311 admittat.

1096 2326 1287 2365 Quanquam
1304 2325 1393 2355 Deus
1417 2330 1525 2364 postea
1549 2336 1582 2355 so
1601 2324 1717 2355 clarius
1739 2323 1888 2362 exprimit
1908 2323 1937 2352 in
1953 2323 2054 2354 altera

1096 2376 1184 2409 parte
1209 2368 1435 2398 disiunctivae:
1466 2366 1503 2398 Si
1526 2367 1684 2407 zelotypia
1707 2376 1856 2396 accensus
1880 2365 1975 2395 fuerit
1994 2366 2052 2403 vir,

1096 2422 1151 2443 nec
1177 2415 1283 2441 tamen
1306 2410 1428 2449 polluta
1450 2410 1546 2440 fuerit
1566 2410 1689 2440 mulier.

1180 2453 1227 2484 15.
1255 2452 1340 2483 Tunc
1362 2453 1497 2483 adducet.
1528 2452 1656 2483 Oblatio
1676 2451 1782 2481 hacca
1796 2450 1926 2489 reliquis
1945 2449 2053 2481 differt

1095 2506 1228 2536 quarum
1259 2499 1334 2525 ante
1363 2495 1445 2526 facta
1468 2495 1527 2525 fuit
1557 2495 1687 2525 mentio:
1711 2493 1784 2532 quia
1813 2494 2052 2524 contestationis

1095 2544 1141 2569 est
1176 2538 1296 2577 species
1331 2548 1393 2577 qua
1434 2548 1466 2568 sc
1501 2536 1718 2568 maledictioni
1760 2535 1886 2565 subiicit
1926 2535 2050 2566 mulier.

1095 2582 1180 2612 Pura
1214 2581 1313 2620 igitur
1346 2580 1448 2610 farina
1481 2580 1599 2619 absquo
1630 2579 1722 2609 thure
1753 2582 1784 2607 ct
1813 2577 1882 2607 oleo
1911 2578 2052 2617 offertur,

1094 2624 1167 2663 quia
1191 2623 1402 2654 exsecrationi
1427 2633 1491 2653 uon
1515 2621 1685 2662 quadraret
1708 2619 1819 2650 litandi
1848 2620 1936 2651 ritus.
1982 2620 2051 2651 Iam
