<?xml version="1.0" encoding="UTF-8"?>
<!DOCTYPE html PUBLIC "-//W3C//DTD XHTML 1.0 Transitional//EN"
    "http://www.w3.org/TR/xhtml1/DTD/xhtml1-transitional.dtd">
<html xmlns="http://www.w3.org/1999/xhtml" xml:lang="en" lang="en">
 <head>
  <title>
</title>
<meta http-equiv="Content-Type" content="text/html;charset=utf-8" />
  <meta name='ocr-system' content='tesseract 3.04.00' />
  <meta name='ocr-capabilities' content='ocr_page ocr_carea ocr_par ocr_line ocrx_word'/>
</head>
<body>
  <div class='ocr_page' id='page_1' title='image "./ioanniscalviniop24calv_0072.png"; bbox 0 0 2304 3034; ppageno 0'>
   <div class='ocr_carea' id='block_1_1' title="bbox 103 154 162 185">
    <p class='ocr_par' dir='ltr' id='par_1_1' title="bbox 103 154 162 185">
     <span class='ocr_line' id='line_1_1' title="bbox 103 154 162 185; baseline 0 0"><span class='ocrx_word' id='word_1_1' title='bbox 103 154 162 185; x_wconf 70' lang='lat'>123</span> 
     </span>
    </p>
   </div>
   <div class='ocr_carea' id='block_1_2' title="bbox 101 243 1098 288">
    <p class='ocr_par' dir='ltr' id='par_1_2' title="bbox 101 243 1098 288">
     <span class='ocr_line' id='line_1_2' title="bbox 101 243 1098 288; baseline -0.001 -10"><span class='ocrx_word' id='word_1_2' title='bbox 101 258 195 288; x_wconf 88' lang='lat' dir='ltr'>opem</span> <span class='ocrx_word' id='word_1_3' title='bbox 220 246 290 281; x_wconf 83' lang='lat' dir='ltr'>Dei,</span> <span class='ocrx_word' id='word_1_4' title='bbox 314 256 375 284; x_wconf 87' lang='lat' dir='ltr'>qua</span> <span class='ocrx_word' id='word_1_5' title='bbox 400 255 433 274; x_wconf 90' lang='lat' dir='ltr'>se</span> <span class='ocrx_word' id='word_1_6' title='bbox 457 245 582 283; x_wconf 70' lang='lat' dir='ltr'>protegi</span> <span class='ocrx_word' id='word_1_7' title='bbox 607 243 783 280; x_wconf 80' lang='lat' dir='ltr'>confidunt.</span> <span class='ocrx_word' id='word_1_8' title='bbox 809 245 978 276; x_wconf 81' lang='lat' dir='ltr'><strong>evanidam</strong></span> <span class='ocrx_word' id='word_1_9' title='bbox 1002 246 1070 277; x_wconf 86' lang='lat' dir='ltr'>fore</span> <span class='ocrx_word' id='word_1_10' title='bbox 1095 256 1098 266; x_wconf 71' lang='grc'><em>’</em></span> 
     </span>
    </p>
   </div>
   <div class='ocr_carea' id='block_1_3' title="bbox 102 286 1075 1399">
    <p class='ocr_par' dir='ltr' id='par_1_3' title="bbox 102 286 1072 499">
     <span class='ocr_line' id='line_1_3' title="bbox 102 286 1071 328; baseline -0.001 -7"><span class='ocrx_word' id='word_1_11' title='bbox 102 298 156 321; x_wconf 86' lang='lat' dir='ltr'>aut</span> <span class='ocrx_word' id='word_1_12' title='bbox 181 288 262 319; x_wconf 84' lang='lat' dir='ltr'>nihil</span> <span class='ocrx_word' id='word_1_13' title='bbox 286 286 498 328; x_wconf 76' lang='lat' dir='ltr'>profuturam.</span> <span class='ocrx_word' id='word_1_14' title='bbox 545 286 653 325; x_wconf 78' lang='lat' dir='ltr'>Quum</span> <span class='ocrx_word' id='word_1_15' title='bbox 685 292 792 318; x_wconf 87' lang='lat' dir='ltr'>autem</span> <span class='ocrx_word' id='word_1_16' title='bbox 821 287 912 319; x_wconf 90' lang='lat' dir='ltr'>dicit:</span> <span class='ocrx_word' id='word_1_17' title='bbox 944 289 1071 327; x_wconf 90' lang='lat' dir='ltr'>Videte,</span> 
     </span>
     <span class='ocr_line' id='line_1_4' title="bbox 102 329 1071 371; baseline -0.001 -8"><span class='ocrx_word' id='word_1_18' title='bbox 102 332 229 371; x_wconf 87' lang='lat' dir='ltr'>oblique</span> <span class='ocrx_word' id='word_1_19' title='bbox 252 341 305 361; x_wconf 85' lang='lat' dir='ltr'>eos</span> <span class='ocrx_word' id='word_1_20' title='bbox 325 330 525 370; x_wconf 77' lang='lat' dir='ltr'>perstringit,</span> <span class='ocrx_word' id='word_1_21' title='bbox 550 329 637 369; x_wconf 89' lang='lat' dir='ltr'>quod</span> <span class='ocrx_word' id='word_1_22' title='bbox 656 330 729 360; x_wconf 88' lang='lat' dir='ltr'>freti</span> <span class='ocrx_word' id='word_1_23' title='bbox 743 330 803 361; x_wconf 92' lang='lat' dir='ltr'>Dei</span> <span class='ocrx_word' id='word_1_24' title='bbox 824 330 944 361; x_wconf 80' lang='lat' dir='ltr'>auxilio</span> <span class='ocrx_word' id='word_1_25' title='bbox 964 332 1071 362; x_wconf 89' lang='lat' dir='ltr'>incon-</span> 
     </span>
     <span class='ocr_line' id='line_1_5' title="bbox 102 372 1072 412; baseline 0 -6"><span class='ocrx_word' id='word_1_26' title='bbox 102 375 241 407; x_wconf 78' lang='lat' dir='ltr'>siderate</span> <span class='ocrx_word' id='word_1_27' title='bbox 264 373 296 403; x_wconf 91' lang='lat' dir='ltr'>iu</span> <span class='ocrx_word' id='word_1_28' title='bbox 321 383 411 403; x_wconf 83' lang='lat' dir='ltr'>suam</span> <span class='ocrx_word' id='word_1_29' title='bbox 436 372 612 412; x_wconf 87' lang='lat' dir='ltr'>perniciem</span> <span class='ocrx_word' id='word_1_30' title='bbox 632 377 736 404; x_wconf 82' lang='lat' dir='ltr'>ruant.</span> <span class='ocrx_word' id='word_1_31' title='bbox 775 372 913 404; x_wconf 83' lang='lat' dir='ltr'>Summa</span> <span class='ocrx_word' id='word_1_32' title='bbox 935 379 993 411; x_wconf 85' lang='lat' dir='ltr'>est,</span> <span class='ocrx_word' id='word_1_33' title='bbox 1017 385 1072 406; x_wconf 86' lang='lat' dir='ltr'>eos</span> 
     </span>
     <span class='ocr_line' id='line_1_6' title="bbox 102 415 1072 456; baseline -0.001 -7"><span class='ocrx_word' id='word_1_34' title='bbox 102 418 162 449; x_wconf 84' lang='lat' dir='ltr'>sibi</span> <span class='ocrx_word' id='word_1_35' title='bbox 186 416 269 446; x_wconf 85' lang='lat' dir='ltr'>male</span> <span class='ocrx_word' id='word_1_36' title='bbox 299 415 466 446; x_wconf 90' lang='lat' dir='ltr'>consulere</span> <span class='ocrx_word' id='word_1_37' title='bbox 495 416 603 446; x_wconf 88' lang='lat' dir='ltr'>omnia</span> <span class='ocrx_word' id='word_1_38' title='bbox 633 415 803 452; x_wconf 81' lang='lat' dir='ltr'>tentando,</span> <span class='ocrx_word' id='word_1_39' title='bbox 836 416 996 456; x_wconf 78' lang='lat' dir='ltr'>stulteque</span> <span class='ocrx_word' id='word_1_40' title='bbox 1021 417 1072 448; x_wconf 90' lang='lat' dir='ltr'>vel</span> 
     </span>
     <span class='ocr_line' id='line_1_7' title="bbox 102 458 925 499; baseline 0 -9"><span class='ocrx_word' id='word_1_41' title='bbox 102 461 209 491; x_wconf 88' lang='lat' dir='ltr'>minus</span> <span class='ocrx_word' id='word_1_42' title='bbox 232 465 326 489; x_wconf 82' lang='lat' dir='ltr'>caute</span> <span class='ocrx_word' id='word_1_43' title='bbox 348 458 535 489; x_wconf 77' lang='lat' dir='ltr'>recumbere</span> <span class='ocrx_word' id='word_1_44' title='bbox 558 459 590 488; x_wconf 91' lang='lat' dir='ltr'>in</span> <span class='ocrx_word' id='word_1_45' title='bbox 614 458 676 489; x_wconf 90' lang='lat' dir='ltr'>Dei</span> <span class='ocrx_word' id='word_1_46' title='bbox 701 458 925 499; x_wconf 76' lang='lat' dir='ltr'>patrocinium.</span> 
     </span>
    </p>

    <p class='ocr_par' dir='ltr' id='par_1_4' title="bbox 103 500 1075 1399">
     <span class='ocr_line' id='line_1_8' title="bbox 189 500 1072 542; baseline 0.002 -11"><span class='ocrx_word' id='word_1_47' title='bbox 189 502 236 532; x_wconf 92' lang='lat'>11.</span> <span class='ocrx_word' id='word_1_48' title='bbox 271 500 340 532; x_wconf 83' lang='lat' dir='ltr'>Non</span> <span class='ocrx_word' id='word_1_49' title='bbox 364 501 418 532; x_wconf 75' lang='lat' dir='ltr'>sic.</span> <span class='ocrx_word' id='word_1_50' title='bbox 466 501 606 532; x_wconf 66' lang='lat' dir='ltr'>Simulat</span> <span class='ocrx_word' id='word_1_51' title='bbox 629 501 692 532; x_wconf 89' lang='lat' dir='ltr'>illis</span> <span class='ocrx_word' id='word_1_52' title='bbox 722 511 755 532; x_wconf 89' lang='lat' dir='ltr'>se</span> <span class='ocrx_word' id='word_1_53' title='bbox 779 501 855 532; x_wconf 85' lang='lat' dir='ltr'>dare</span> <span class='ocrx_word' id='word_1_54' title='bbox 875 502 958 542; x_wconf 90' lang='lat' dir='ltr'>qnod</span> <span class='ocrx_word' id='word_1_55' title='bbox 981 502 1072 533; x_wconf 88' lang='lat' dir='ltr'>initio</span> 
     </span>
     <span class='ocr_line' id='line_1_9' title="bbox 103 543 1072 585; baseline 0.001 -10"><span class='ocrx_word' id='word_1_56' title='bbox 103 546 362 585; x_wconf 80' lang='lat' dir='ltr'>postulaverant,</span> <span class='ocrx_word' id='word_1_57' title='bbox 397 550 492 583; x_wconf 85' lang='lat' dir='ltr'>atque</span> <span class='ocrx_word' id='word_1_58' title='bbox 526 544 570 574; x_wconf 83' lang='lat' dir='ltr'>ita</span> <span class='ocrx_word' id='word_1_59' title='bbox 594 543 831 575; x_wconf 75' lang='lat' dir='ltr'>inconstantiae</span> <span class='ocrx_word' id='word_1_60' title='bbox 854 555 908 575; x_wconf 92' lang='lat' dir='ltr'>eos</span> <span class='ocrx_word' id='word_1_61' title='bbox 938 545 1072 576; x_wconf 91' lang='lat' dir='ltr'>insimu-</span> 
     </span>
     <span class='ocr_line' id='line_1_10' title="bbox 103 586 1072 627; baseline 0 -9"><span class='ocrx_word' id='word_1_62' title='bbox 103 589 163 624; x_wconf 83' lang='lat' dir='ltr'>lat,</span> <span class='ocrx_word' id='word_1_63' title='bbox 193 586 277 626; x_wconf 91' lang='lat' dir='ltr'>quod</span> <span class='ocrx_word' id='word_1_64' title='bbox 308 597 371 616; x_wconf 87' lang='lat' dir='ltr'>non</span> <span class='ocrx_word' id='word_1_65' title='bbox 401 592 546 626; x_wconf 80' lang='lat' dir='ltr'>perstent</span> <span class='ocrx_word' id='word_1_66' title='bbox 569 587 601 617; x_wconf 91' lang='lat' dir='ltr'>in</span> <span class='ocrx_word' id='word_1_67' title='bbox 625 586 737 617; x_wconf 87' lang='lat' dir='ltr'>eadem</span> <span class='ocrx_word' id='word_1_68' title='bbox 761 589 938 618; x_wconf 82' lang='lat' dir='ltr'>sententia:</span> <span class='ocrx_word' id='word_1_69' title='bbox 972 598 1072 627; x_wconf 90' lang='lat' dir='ltr'>quum</span> 
     </span>
     <span class='ocr_line' id='line_1_11' title="bbox 103 629 1072 668; baseline 0 -7"><span class='ocrx_word' id='word_1_70' title='bbox 103 637 210 661; x_wconf 89' lang='lat' dir='ltr'>tamen</span> <span class='ocrx_word' id='word_1_71' title='bbox 234 636 357 660; x_wconf 84' lang='lat' dir='ltr'>certum</span> <span class='ocrx_word' id='word_1_72' title='bbox 382 630 423 660; x_wconf 86' lang='lat' dir='ltr'>sit</span> <span class='ocrx_word' id='word_1_73' title='bbox 448 629 531 659; x_wconf 88' lang='lat' dir='ltr'>hanc</span> <span class='ocrx_word' id='word_1_74' title='bbox 551 630 745 668; x_wconf 77' lang='lat' dir='ltr'>pertinaciae</span> <span class='ocrx_word' id='word_1_75' title='bbox 764 630 863 661; x_wconf 85' lang='lat' dir='ltr'>fuisse</span> <span class='ocrx_word' id='word_1_76' title='bbox 882 641 1013 661; x_wconf 84' lang='lat' dir='ltr'>eausam</span> <span class='ocrx_word' id='word_1_77' title='bbox 1033 631 1072 661; x_wconf 92' lang='lat' dir='ltr'>ad</span> 
     </span>
     <span class='ocr_line' id='line_1_12' title="bbox 103 672 1071 713; baseline 0 -9"><span class='ocrx_word' id='word_1_78' title='bbox 103 672 360 713; x_wconf 75' lang='lat' dir='ltr'>repugnandum,</span> <span class='ocrx_word' id='word_1_79' title='bbox 395 672 469 712; x_wconf 87' lang='lat' dir='ltr'>quia</span> <span class='ocrx_word' id='word_1_80' title='bbox 504 672 637 703; x_wconf 89' lang='lat' dir='ltr'>timebat</span> <span class='ocrx_word' id='word_1_81' title='bbox 671 684 711 703; x_wconf 88' lang='lat' dir='ltr'>ne</span> <span class='ocrx_word' id='word_1_82' title='bbox 745 677 831 703; x_wconf 87' lang='lat' dir='ltr'>totus</span> <span class='ocrx_word' id='word_1_83' title='bbox 867 673 1003 712; x_wconf 85' lang='lat' dir='ltr'>populus</span> <span class='ocrx_word' id='word_1_84' title='bbox 1033 684 1071 704; x_wconf 81' lang='lat' dir='ltr'>ex</span> 
     </span>
     <span class='ocr_line' id='line_1_13' title="bbox 104 714 1074 756; baseline 0 -9"><span class='ocrx_word' id='word_1_85' title='bbox 104 718 255 756; x_wconf 68' lang='lat' dir='ltr'>Aegypto</span> <span class='ocrx_word' id='word_1_86' title='bbox 280 716 443 755; x_wconf 72' lang='lat' dir='ltr'>migraret.</span> <span class='ocrx_word' id='word_1_87' title='bbox 487 714 592 746; x_wconf 68' lang='lat' dir='ltr'>Seivit</span> <span class='ocrx_word' id='word_1_88' title='bbox 623 726 717 756; x_wconf 80' lang='lat' dir='ltr'>ergo,</span> <span class='ocrx_word' id='word_1_89' title='bbox 747 715 831 755; x_wconf 84' lang='lat' dir='ltr'>quod</span> <span class='ocrx_word' id='word_1_90' title='bbox 856 715 918 746; x_wconf 93' lang='lat' dir='ltr'>Dei</span> <span class='ocrx_word' id='word_1_91' title='bbox 944 716 1074 747; x_wconf 86' lang='lat' dir='ltr'>nomine</span> 
     </span>
     <span class='ocr_line' id='line_1_14' title="bbox 103 757 1073 799; baseline -0.001 -9"><span class='ocrx_word' id='word_1_92' title='bbox 103 759 211 799; x_wconf 81' lang='lat' dir='ltr'>exegit</span> <span class='ocrx_word' id='word_1_93' title='bbox 246 758 362 789; x_wconf 85' lang='lat' dir='ltr'>Moses.</span> <span class='ocrx_word' id='word_1_94' title='bbox 398 757 436 788; x_wconf 88' lang='lat' dir='ltr'>ad</span> <span class='ocrx_word' id='word_1_95' title='bbox 472 758 623 797; x_wconf 86' lang='lat' dir='ltr'>parvulos</span> <span class='ocrx_word' id='word_1_96' title='bbox 657 769 783 798; x_wconf 87' lang='lat' dir='ltr'>quoque</span> <span class='ocrx_word' id='word_1_97' title='bbox 817 758 964 789; x_wconf 79' lang='lat' dir='ltr'>extendi:</span> <span class='ocrx_word' id='word_1_98' title='bbox 999 759 1073 799; x_wconf 86' lang='lat' dir='ltr'>quia</span> 
     </span>
     <span class='ocr_line' id='line_1_15' title="bbox 103 801 1074 841; baseline -0.001 -9"><span class='ocrx_word' id='word_1_99' title='bbox 103 802 222 841; x_wconf 80' lang='lat' dir='ltr'>alioqui</span> <span class='ocrx_word' id='word_1_100' title='bbox 254 811 318 831; x_wconf 89' lang='lat' dir='ltr'>non</span> <span class='ocrx_word' id='word_1_101' title='bbox 347 808 413 831; x_wconf 83' lang='lat' dir='ltr'>tam</span> <span class='ocrx_word' id='word_1_102' title='bbox 439 801 551 831; x_wconf 88' lang='lat' dir='ltr'>fuisset</span> <span class='ocrx_word' id='word_1_103' title='bbox 580 809 803 841; x_wconf 79' lang='lat' dir='ltr'>exasperatus.</span> <span class='ocrx_word' id='word_1_104' title='bbox 851 801 916 832; x_wconf 72' lang='lat' dir='ltr'>Sed</span> <span class='ocrx_word' id='word_1_105' title='bbox 940 807 977 832; x_wconf 92' lang='lat' dir='ltr'>ut</span> <span class='ocrx_word' id='word_1_106' title='bbox 1006 802 1074 833; x_wconf 87' lang='lat' dir='ltr'>cul-</span> 
     </span>
     <span class='ocr_line' id='line_1_16' title="bbox 103 843 1075 885; baseline 0 -10"><span class='ocrx_word' id='word_1_107' title='bbox 103 855 179 885; x_wconf 87' lang='lat' dir='ltr'>pam</span> <span class='ocrx_word' id='word_1_108' title='bbox 203 845 236 874; x_wconf 91' lang='lat' dir='ltr'>in</span> <span class='ocrx_word' id='word_1_109' title='bbox 261 854 312 874; x_wconf 83' lang='lat' dir='ltr'>eos</span> <span class='ocrx_word' id='word_1_110' title='bbox 337 843 476 879; x_wconf 82' lang='lat' dir='ltr'>derivet,</span> <span class='ocrx_word' id='word_1_111' title='bbox 501 843 582 874; x_wconf 87' lang='lat' dir='ltr'>falso</span> <span class='ocrx_word' id='word_1_112' title='bbox 612 849 644 874; x_wconf 88' lang='lat' dir='ltr'>et</span> <span class='ocrx_word' id='word_1_113' title='bbox 674 844 872 875; x_wconf 79' lang='lat' dir='ltr'>calumniose</span> <span class='ocrx_word' id='word_1_114' title='bbox 900 845 1075 884; x_wconf 80' lang='lat' dir='ltr'>exprobrat</span> 
     </span>
     <span class='ocr_line' id='line_1_17' title="bbox 105 887 1073 927; baseline 0 -9"><span class='ocrx_word' id='word_1_115' title='bbox 105 887 283 927; x_wconf 79' lang='lat' dir='ltr'>duplicasse</span> <span class='ocrx_word' id='word_1_116' title='bbox 307 887 416 926; x_wconf 86' lang='lat' dir='ltr'>iniqua</span> <span class='ocrx_word' id='word_1_117' title='bbox 439 887 609 926; x_wconf 84' lang='lat' dir='ltr'>postulata,</span> <span class='ocrx_word' id='word_1_118' title='bbox 630 898 664 918; x_wconf 90' lang='lat' dir='ltr'>se</span> <span class='ocrx_word' id='word_1_119' title='bbox 684 898 759 918; x_wconf 89' lang='lat' dir='ltr'>vero</span> <span class='ocrx_word' id='word_1_120' title='bbox 778 898 905 918; x_wconf 86' lang='lat' dir='ltr'>summa</span> <span class='ocrx_word' id='word_1_121' title='bbox 924 887 1073 918; x_wconf 87' lang='lat' dir='ltr'>humani-</span> 
     </span>
     <span class='ocr_line' id='line_1_18' title="bbox 104 929 1072 970; baseline 0 -9"><span class='ocrx_word' id='word_1_122' title='bbox 104 935 169 961; x_wconf 88' lang='lat' dir='ltr'>tate</span> <span class='ocrx_word' id='word_1_123' title='bbox 213 929 373 970; x_wconf 74' lang='lat' dir='ltr'>perfungi,</span> <span class='ocrx_word' id='word_1_124' title='bbox 406 929 489 969; x_wconf 89' lang='lat' dir='ltr'>quod</span> <span class='ocrx_word' id='word_1_125' title='bbox 525 930 628 969; x_wconf 89' lang='lat' dir='ltr'>primo</span> <span class='ocrx_word' id='word_1_126' title='bbox 669 940 780 960; x_wconf 90' lang='lat' dir='ltr'>eorum</span> <span class='ocrx_word' id='word_1_127' title='bbox 823 936 898 960; x_wconf 89' lang='lat' dir='ltr'>voto</span> <span class='ocrx_word' id='word_1_128' title='bbox 940 935 1072 961; x_wconf 84' lang='lat' dir='ltr'>annuat.</span> 
     </span>
     <span class='ocr_line' id='line_1_19' title="bbox 104 972 1074 1011; baseline -0.001 -6"><span class='ocrx_word' id='word_1_129' title='bbox 104 973 275 1005; x_wconf 83' lang='lat' dir='ltr'>Caeterum</span> <span class='ocrx_word' id='word_1_130' title='bbox 302 972 404 1002; x_wconf 87' lang='lat' dir='ltr'>uoluit</span> <span class='ocrx_word' id='word_1_131' title='bbox 429 978 536 1011; x_wconf 86' lang='lat' dir='ltr'>patres</span> <span class='ocrx_word' id='word_1_132' title='bbox 561 972 669 1003; x_wconf 82' lang='lat' dir='ltr'>liberis</span> <span class='ocrx_word' id='word_1_133' title='bbox 693 972 820 1010; x_wconf 87' lang='lat' dir='ltr'>orbare,</span> <span class='ocrx_word' id='word_1_134' title='bbox 853 973 909 1004; x_wconf 89' lang='lat' dir='ltr'>sed</span> <span class='ocrx_word' id='word_1_135' title='bbox 933 974 1074 1004; x_wconf 84' lang='lat' dir='ltr'>retinere</span> 
     </span>
     <span class='ocr_line' id='line_1_20' title="bbox 104 1015 1074 1056; baseline 0.001 -10"><span class='ocrx_word' id='word_1_136' title='bbox 104 1017 193 1056; x_wconf 79' lang='lat' dir='ltr'>quasi</span> <span class='ocrx_word' id='word_1_137' title='bbox 223 1015 366 1046; x_wconf 80' lang='lat' dir='ltr'>obsides:</span> <span class='ocrx_word' id='word_1_138' title='bbox 399 1015 551 1055; x_wconf 89' lang='lat' dir='ltr'>quoniam</span> <span class='ocrx_word' id='word_1_139' title='bbox 580 1026 756 1055; x_wconf 80' lang='lat' dir='ltr'>persuasus</span> <span class='ocrx_word' id='word_1_140' title='bbox 792 1020 862 1046; x_wconf 87' lang='lat' dir='ltr'>erat</span> <span class='ocrx_word' id='word_1_141' title='bbox 893 1020 959 1046; x_wconf 88' lang='lat' dir='ltr'>tam</span> <span class='ocrx_word' id='word_1_142' title='bbox 991 1017 1074 1047; x_wconf 86' lang='lat' dir='ltr'>caris</span> 
     </span>
     <span class='ocr_line' id='line_1_21' title="bbox 103 1058 1073 1099; baseline 0.001 -11"><span class='ocrx_word' id='word_1_143' title='bbox 103 1058 290 1099; x_wconf 77' lang='lat' dir='ltr'>pignoribus</span> <span class='ocrx_word' id='word_1_144' title='bbox 320 1068 487 1098; x_wconf 87' lang='lat' dir='ltr'>nunquam</span> <span class='ocrx_word' id='word_1_145' title='bbox 520 1063 635 1098; x_wconf 86' lang='lat' dir='ltr'>sponte</span> <span class='ocrx_word' id='word_1_146' title='bbox 666 1058 925 1090; x_wconf 85' lang='lat' dir='ltr'>renunciaturos.</span> <span class='ocrx_word' id='word_1_147' title='bbox 979 1058 1073 1098; x_wconf 79' lang='lat' dir='ltr'>Quod</span> 
     </span>
     <span class='ocr_line' id='line_1_22' title="bbox 103 1101 1072 1141; baseline 0 -9"><span class='ocrx_word' id='word_1_148' title='bbox 103 1101 231 1132; x_wconf 79' lang='lat' dir='ltr'>additur</span> <span class='ocrx_word' id='word_1_149' title='bbox 254 1101 288 1131; x_wconf 90' lang='lat' dir='ltr'>in</span> <span class='ocrx_word' id='word_1_150' title='bbox 308 1102 371 1131; x_wconf 89' lang='lat' dir='ltr'>fine</span> <span class='ocrx_word' id='word_1_151' title='bbox 393 1110 521 1131; x_wconf 84' lang='lat' dir='ltr'>versus:</span> <span class='ocrx_word' id='word_1_152' title='bbox 546 1101 652 1132; x_wconf 87' lang='lat' dir='ltr'>Eieeit</span> <span class='ocrx_word' id='word_1_153' title='bbox 675 1111 729 1132; x_wconf 89' lang='lat' dir='ltr'>eos</span> <span class='ocrx_word' id='word_1_154' title='bbox 753 1112 771 1132; x_wconf 90' lang='lat' dir='ltr'>a</span> <span class='ocrx_word' id='word_1_155' title='bbox 794 1106 968 1141; x_wconf 87' lang='lat' dir='ltr'>conspectu</span> <span class='ocrx_word' id='word_1_156' title='bbox 988 1102 1072 1132; x_wconf 85' lang='lat' dir='ltr'>Pha-</span> 
     </span>
     <span class='ocr_line' id='line_1_23' title="bbox 103 1143 1074 1184; baseline 0 -9"><span class='ocrx_word' id='word_1_157' title='bbox 103 1145 219 1181; x_wconf 83' lang='lat' dir='ltr'>raonis,</span> <span class='ocrx_word' id='word_1_158' title='bbox 252 1143 419 1174; x_wconf 86' lang='lat' dir='ltr'>indefinite</span> <span class='ocrx_word' id='word_1_159' title='bbox 448 1143 578 1183; x_wconf 87' lang='lat' dir='ltr'>quidam</span> <span class='ocrx_word' id='word_1_160' title='bbox 608 1144 780 1184; x_wconf 84' lang='lat' dir='ltr'>accipiunt,</span> <span class='ocrx_word' id='word_1_161' title='bbox 816 1154 852 1175; x_wconf 91' lang='lat' dir='ltr'>ac</span> <span class='ocrx_word' id='word_1_162' title='bbox 875 1145 1074 1176; x_wconf 83' lang='lat' dir='ltr'>subaudiunt</span> 
     </span>
     <span class='ocr_line' id='line_1_24' title="bbox 104 1186 1073 1227; baseline 0 -9"><span class='ocrx_word' id='word_1_163' title='bbox 104 1188 277 1227; x_wconf 84' lang='lat' dir='ltr'>quemlibet</span> <span class='ocrx_word' id='word_1_164' title='bbox 301 1198 341 1217; x_wconf 77' lang='lat' dir='ltr'>ex</span> <span class='ocrx_word' id='word_1_165' title='bbox 365 1187 574 1218; x_wconf 86' lang='lat' dir='ltr'>satellitibus:</span> <span class='ocrx_word' id='word_1_166' title='bbox 600 1186 655 1217; x_wconf 91' lang='lat' dir='ltr'>sed</span> <span class='ocrx_word' id='word_1_167' title='bbox 680 1188 755 1227; x_wconf 88' lang='lat' dir='ltr'>quia</span> <span class='ocrx_word' id='word_1_168' title='bbox 779 1187 937 1219; x_wconf 84' lang='lat' dir='ltr'>Hebraeis</span> <span class='ocrx_word' id='word_1_169' title='bbox 962 1189 1073 1218; x_wconf 88' lang='lat' dir='ltr'>tritum</span> 
     </span>
     <span class='ocr_line' id='line_1_25' title="bbox 105 1229 1073 1267; baseline 0 -6"><span class='ocrx_word' id='word_1_170' title='bbox 105 1237 153 1261; x_wconf 85' lang='lat' dir='ltr'>est</span> <span class='ocrx_word' id='word_1_171' title='bbox 183 1229 376 1261; x_wconf 72' lang='lat' dir='ltr'>antecedens</span> <span class='ocrx_word' id='word_1_172' title='bbox 406 1230 568 1267; x_wconf 80' lang='lat' dir='ltr'>omittere,</span> <span class='ocrx_word' id='word_1_173' title='bbox 603 1235 635 1260; x_wconf 91' lang='lat' dir='ltr'>et</span> <span class='ocrx_word' id='word_1_174' title='bbox 667 1230 782 1261; x_wconf 87' lang='lat' dir='ltr'>deinde</span> <span class='ocrx_word' id='word_1_175' title='bbox 815 1230 971 1262; x_wconf 88' lang='lat' dir='ltr'>subiicere</span> <span class='ocrx_word' id='word_1_176' title='bbox 1006 1231 1073 1262; x_wconf 92' lang='lat' dir='ltr'>loeo</span> 
     </span>
     <span class='ocr_line' id='line_1_26' title="bbox 105 1272 1074 1313; baseline 0 -9"><span class='ocrx_word' id='word_1_177' title='bbox 105 1273 248 1309; x_wconf 85' lang='lat' dir='ltr'>relativi,</span> <span class='ocrx_word' id='word_1_178' title='bbox 284 1283 346 1303; x_wconf 89' lang='lat' dir='ltr'>non</span> <span class='ocrx_word' id='word_1_179' title='bbox 388 1272 497 1303; x_wconf 89' lang='lat' dir='ltr'>dubito</span> <span class='ocrx_word' id='word_1_180' title='bbox 532 1273 609 1313; x_wconf 89' lang='lat' dir='ltr'>quin</span> <span class='ocrx_word' id='word_1_181' title='bbox 640 1272 769 1304; x_wconf 86' lang='lat' dir='ltr'>Pharao</span> <span class='ocrx_word' id='word_1_182' title='bbox 804 1274 917 1304; x_wconf 87' lang='lat' dir='ltr'>Mosen</span> <span class='ocrx_word' id='word_1_183' title='bbox 960 1273 1074 1305; x_wconf 88' lang='lat' dir='ltr'>videns</span> 
     </span>
     <span class='ocr_line' id='line_1_27' title="bbox 105 1315 1074 1355; baseline 0.002 -10"><span class='ocrx_word' id='word_1_184' title='bbox 105 1315 236 1346; x_wconf 88' lang='lat' dir='ltr'>dimidia</span> <span class='ocrx_word' id='word_1_185' title='bbox 249 1320 339 1355; x_wconf 85' lang='lat' dir='ltr'>parte</span> <span class='ocrx_word' id='word_1_186' title='bbox 352 1326 415 1346; x_wconf 90' lang='lat' dir='ltr'>non</span> <span class='ocrx_word' id='word_1_187' title='bbox 429 1326 499 1346; x_wconf 87' lang='lat' dir='ltr'>esse</span> <span class='ocrx_word' id='word_1_188' title='bbox 507 1321 704 1353; x_wconf 86' lang='lat' dir='ltr'>contentum,</span> <span class='ocrx_word' id='word_1_189' title='bbox 720 1316 972 1348; x_wconf 80' lang='lat' dir='ltr'>excandueritet</span> <span class='ocrx_word' id='word_1_190' title='bbox 982 1317 1074 1348; x_wconf 88' lang='lat' dir='ltr'>novis</span> 
     </span>
     <span class='ocr_line' id='line_1_28' title="bbox 105 1358 1072 1399; baseline 0.002 -11"><span class='ocrx_word' id='word_1_191' title='bbox 105 1359 202 1389; x_wconf 88' lang='lat' dir='ltr'>minis</span> <span class='ocrx_word' id='word_1_192' title='bbox 226 1358 397 1398; x_wconf 77' lang='lat' dir='ltr'>expulerit,</span> <span class='ocrx_word' id='word_1_193' title='bbox 421 1359 494 1398; x_wconf 84' lang='lat' dir='ltr'>quia</span> <span class='ocrx_word' id='word_1_194' title='bbox 514 1360 581 1390; x_wconf 90' lang='lat' dir='ltr'>eius</span> <span class='ocrx_word' id='word_1_195' title='bbox 600 1360 818 1399; x_wconf 84' lang='lat' dir='ltr'>praesentiam</span> <span class='ocrx_word' id='word_1_196' title='bbox 847 1370 912 1390; x_wconf 89' lang='lat' dir='ltr'>non</span> <span class='ocrx_word' id='word_1_197' title='bbox 942 1359 1072 1391; x_wconf 85' lang='lat' dir='ltr'>ferebat.</span> 
     </span>
    </p>
   </div>
   <div class='ocr_carea' id='block_1_4' title="bbox 101 1443 1076 2555">
    <p class='ocr_par' dir='ltr' id='par_1_5' title="bbox 101 1443 1076 2555">
     <span class='ocr_line' id='line_1_29' title="bbox 191 1443 1075 1477; baseline 0.002 -3"><span class='ocrx_word' id='word_1_198' title='bbox 191 1444 240 1475; x_wconf 75' lang='lat'>12.</span> <span class='ocrx_word' id='word_1_199' title='bbox 274 1444 360 1474; x_wconf 71' lang='lat' dir='ltr'>Tum:</span> <span class='ocrx_word' id='word_1_200' title='bbox 388 1443 470 1475; x_wconf 59' lang='lat' dir='ltr'>&lt;lira</span> <span class='ocrx_word' id='word_1_201' title='bbox 499 1443 611 1475; x_wconf 71' lang='lat' dir='ltr'>Iehova</span> <span class='ocrx_word' id='word_1_202' title='bbox 642 1444 741 1476; x_wconf 56' lang='lat' dir='ltr'>Most:</span> <span class='ocrx_word' id='word_1_203' title='bbox 778 1445 918 1477; x_wconf 69' lang='lat' dir='ltr'>Ertende</span> <span class='ocrx_word' id='word_1_204' title='bbox 947 1456 1075 1476; x_wconf 68' lang='lat' dir='ltr'>manum</span> 
     </span>
     <span class='ocr_line' id='line_1_30' title="bbox 105 1487 1076 1527; baseline 0.001 -9"><span class='ocrx_word' id='word_1_205' title='bbox 105 1491 191 1518; x_wconf 75' lang='lat' dir='ltr'>tuam</span> <span class='ocrx_word' id='word_1_206' title='bbox 219 1497 312 1526; x_wconf 74' lang='lat' dir='ltr'>super</span> <span class='ocrx_word' id='word_1_207' title='bbox 341 1489 456 1517; x_wconf 74' lang='lat' dir='ltr'>terram</span> <span class='ocrx_word' id='word_1_208' title='bbox 486 1487 619 1527; x_wconf 67' lang='lat' dir='ltr'>Aeygspti</span> <span class='ocrx_word' id='word_1_209' title='bbox 638 1498 696 1526; x_wconf 75' lang='lat' dir='ltr'>pro</span> <span class='ocrx_word' id='word_1_210' title='bbox 719 1487 844 1524; x_wconf 57' lang='lat' dir='ltr'>locusta,</span> <span class='ocrx_word' id='word_1_211' title='bbox 877 1491 908 1519; x_wconf 67' lang='lat' dir='ltr'>nt</span> <span class='ocrx_word' id='word_1_212' title='bbox 931 1489 1076 1519; x_wconf 62' lang='lat' dir='ltr'>ascendat</span> 
     </span>
     <span class='ocr_line' id='line_1_31' title="bbox 103 1530 1074 1570; baseline 0.001 -9"><span class='ocrx_word' id='word_1_213' title='bbox 103 1541 198 1569; x_wconf 74' lang='lat' dir='ltr'>super</span> <span class='ocrx_word' id='word_1_214' title='bbox 219 1532 334 1560; x_wconf 77' lang='lat' dir='ltr'>terram</span> <span class='ocrx_word' id='word_1_215' title='bbox 351 1530 492 1570; x_wconf 63' lang='lat' dir='ltr'>Aegypti,</span> <span class='ocrx_word' id='word_1_216' title='bbox 516 1533 542 1560; x_wconf 75' lang='lat' dir='ltr'>et</span> <span class='ocrx_word' id='word_1_217' title='bbox 564 1531 709 1569; x_wconf 68' lang='lat' dir='ltr'>depascat</span> <span class='ocrx_word' id='word_1_218' title='bbox 731 1541 848 1562; x_wconf 75' lang='lat' dir='ltr'>omnem</span> <span class='ocrx_word' id='word_1_219' title='bbox 871 1532 994 1562; x_wconf 74' lang='lat' dir='ltr'>herbam</span> <span class='ocrx_word' id='word_1_220' title='bbox 1017 1535 1074 1562; x_wconf 76' lang='lat' dir='ltr'>ter-</span> 
     </span>
     <span class='ocr_line' id='line_1_32' title="bbox 105 1573 1075 1613; baseline 0.001 -9"><span class='ocrx_word' id='word_1_221' title='bbox 105 1583 167 1611; x_wconf 80' lang='lat' dir='ltr'>rae,</span> <span class='ocrx_word' id='word_1_222' title='bbox 191 1573 344 1611; x_wconf 69' lang='lat' dir='ltr'>quidquid</span> <span class='ocrx_word' id='word_1_223' title='bbox 367 1584 387 1603; x_wconf 84' lang='lat' dir='ltr'>a</span> <span class='ocrx_word' id='word_1_224' title='bbox 407 1573 563 1613; x_wconf 60' lang='lat' dir='ltr'>grandine</span> <span class='ocrx_word' id='word_1_225' title='bbox 587 1574 746 1604; x_wconf 68' lang='lat' dir='ltr'>residuum</span> <span class='ocrx_word' id='word_1_226' title='bbox 769 1577 820 1605; x_wconf 78' lang='lat' dir='ltr'>est.</span> <span class='ocrx_word' id='word_1_227' title='bbox 853 1574 901 1605; x_wconf 88' lang='lat'>13.</span> <span class='ocrx_word' id='word_1_228' title='bbox 927 1574 1075 1606; x_wconf 70' lang='lat' dir='ltr'>Ertemlit</span> 
     </span>
     <span class='ocr_line' id='line_1_33' title="bbox 104 1615 1074 1657; baseline 0.002 -11"><span class='ocrx_word' id='word_1_229' title='bbox 104 1617 209 1655; x_wconf 45' lang='lat' dir='ltr'>‘itaquo</span> <span class='ocrx_word' id='word_1_230' title='bbox 232 1615 337 1646; x_wconf 67' lang='lat' dir='ltr'>Moses</span> <span class='ocrx_word' id='word_1_231' title='bbox 360 1616 480 1655; x_wconf 68' lang='lat' dir='ltr'>vir-qam</span> <span class='ocrx_word' id='word_1_232' title='bbox 502 1625 593 1646; x_wconf 77' lang='lat' dir='ltr'>suam</span> <span class='ocrx_word' id='word_1_233' title='bbox 616 1627 708 1655; x_wconf 67' lang='lat' dir='ltr'>super</span> <span class='ocrx_word' id='word_1_234' title='bbox 729 1619 846 1648; x_wconf 77' lang='lat' dir='ltr'>terram</span> <span class='ocrx_word' id='word_1_235' title='bbox 870 1617 1017 1657; x_wconf 70' lang='lat' dir='ltr'>Aeyypti,</span> <span class='ocrx_word' id='word_1_236' title='bbox 1049 1620 1074 1648; x_wconf 77' lang='lat' dir='ltr'>ct</span> 
     </span>
     <span class='ocr_line' id='line_1_34' title="bbox 105 1658 1074 1692; baseline 0.002 -3"><span class='ocrx_word' id='word_1_237' title='bbox 105 1658 218 1689; x_wconf 81' lang='lat' dir='ltr'>Iehoz·a</span> <span class='ocrx_word' id='word_1_238' title='bbox 240 1658 373 1689; x_wconf 54' lang='lat' dir='ltr'>adclusit</span> <span class='ocrx_word' id='word_1_239' title='bbox 405 1661 523 1689; x_wconf 67' lang='lat' dir='ltr'>ventum</span> <span class='ocrx_word' id='word_1_240' title='bbox 547 1659 723 1690; x_wconf 74' lang='lat' dir='ltr'>orientalem</span> <span class='ocrx_word' id='word_1_241' title='bbox 746 1661 780 1690; x_wconf 46' lang='lat' dir='ltr'>‘iaz</span> <span class='ocrx_word' id='word_1_242' title='bbox 804 1662 919 1691; x_wconf 73' lang='lat' dir='ltr'>terram</span> <span class='ocrx_word' id='word_1_243' title='bbox 942 1663 998 1691; x_wconf 68' lang='lat' dir='ltr'>toto</span> <span class='ocrx_word' id='word_1_244' title='bbox 1021 1660 1074 1692; x_wconf 59' lang='lat' dir='ltr'>illo</span> 
     </span>
     <span class='ocr_line' id='line_1_35' title="bbox 103 1701 1075 1741; baseline 0.002 -9"><span class='ocrx_word' id='word_1_245' title='bbox 103 1702 161 1739; x_wconf 74' lang='lat' dir='ltr'>die,</span> <span class='ocrx_word' id='word_1_246' title='bbox 184 1704 211 1731; x_wconf 71' lang='lat' dir='ltr'>et</span> <span class='ocrx_word' id='word_1_247' title='bbox 233 1704 294 1731; x_wconf 34' lang='lat' dir='ltr'>totas</span> <span class='ocrx_word' id='word_1_248' title='bbox 318 1704 415 1732; x_wconf 75' lang='lat' dir='ltr'>nocte.-</span> <span class='ocrx_word' id='word_1_249' title='bbox 443 1704 470 1732; x_wconf 71' lang='lat' dir='ltr'>ez}</span> <span class='ocrx_word' id='word_1_250' title='bbox 499 1701 552 1732; x_wconf 66' lang='lat' dir='ltr'>ubi</span> <span class='ocrx_word' id='word_1_251' title='bbox 576 1702 699 1732; x_wconf 62' lang='lat' dir='ltr'>advenit</span> <span class='ocrx_word' id='word_1_252' title='bbox 721 1713 818 1741; x_wconf 74' lang='lat' dir='ltr'>manc,</span> <span class='ocrx_word' id='word_1_253' title='bbox 848 1706 955 1734; x_wconf 74' lang='lat' dir='ltr'>ventus</span> <span class='ocrx_word' id='word_1_254' title='bbox 977 1704 1075 1734; x_wconf 62' lang='lat' dir='ltr'>oreten-</span> 
     </span>
     <span class='ocr_line' id='line_1_36' title="bbox 101 1743 1074 1777; baseline 0.002 -2"><span class='ocrx_word' id='word_1_255' title='bbox 101 1745 177 1775; x_wconf 74' lang='lat' dir='ltr'>talis</span> <span class='ocrx_word' id='word_1_256' title='bbox 200 1745 343 1775; x_wconf 57' lang='lat' dir='ltr'>oscitavit</span> <span class='ocrx_word' id='word_1_257' title='bbox 367 1744 521 1775; x_wconf 73' lang='lat' dir='ltr'>locustam.</span> <span class='ocrx_word' id='word_1_258' title='bbox 578 1745 625 1775; x_wconf 87' lang='lat'>14.</span> <span class='ocrx_word' id='word_1_259' title='bbox 649 1743 692 1776; x_wconf 71' lang='lat' dir='ltr'>Et</span> <span class='ocrx_word' id='word_1_260' title='bbox 715 1746 916 1777; x_wconf 71' lang='lat' dir='ltr'>ascenderunt</span> <span class='ocrx_word' id='word_1_261' title='bbox 942 1746 1074 1777; x_wconf 66' lang='lat' dir='ltr'>locustae</span> 
     </span>
     <span class='ocr_line' id='line_1_37' title="bbox 101 1788 1074 1827; baseline 0.003 -10"><span class='ocrx_word' id='word_1_262' title='bbox 101 1797 197 1826; x_wconf 70' lang='lat' dir='ltr'>super</span> <span class='ocrx_word' id='word_1_263' title='bbox 219 1790 309 1818; x_wconf 70' lang='lat' dir='ltr'>iotam</span> <span class='ocrx_word' id='word_1_264' title='bbox 334 1790 447 1818; x_wconf 69' lang='lat' dir='ltr'>terram</span> <span class='ocrx_word' id='word_1_265' title='bbox 472 1788 614 1827; x_wconf 69' lang='lat' dir='ltr'>.-1eyy22t17‚</span> <span class='ocrx_word' id='word_1_266' title='bbox 638 1791 663 1818; x_wconf 77' lang='lat' dir='ltr'>et</span> <span class='ocrx_word' id='word_1_267' title='bbox 686 1789 808 1819; x_wconf 68' lang='lat' dir='ltr'>(lemisit</span> <span class='ocrx_word' id='word_1_268' title='bbox 831 1790 864 1820; x_wconf 73' lang='lat' dir='ltr'>in</span> <span class='ocrx_word' id='word_1_269' title='bbox 888 1800 1004 1819; x_wconf 70' lang='lat' dir='ltr'>omnem</span> <span class='ocrx_word' id='word_1_270' title='bbox 1018 1792 1074 1820; x_wconf 71' lang='lat' dir='ltr'>ter-</span> 
     </span>
     <span class='ocr_line' id='line_1_38' title="bbox 101 1830 1074 1871; baseline 0.003 -11"><span class='ocrx_word' id='word_1_271' title='bbox 101 1831 220 1860; x_wconf 72' lang='lat' dir='ltr'>minum</span> <span class='ocrx_word' id='word_1_272' title='bbox 243 1830 377 1869; x_wconf 51' lang='lat' dir='ltr'>Aegypti</span> <span class='ocrx_word' id='word_1_273' title='bbox 398 1841 507 1870; x_wconf 69' lang='lat' dir='ltr'>[francs</span> <span class='ocrx_word' id='word_1_274' title='bbox 532 1831 632 1861; x_wconf 62' lang='lat' dir='ltr'>valde:</span> <span class='ocrx_word' id='word_1_275' title='bbox 662 1834 731 1862; x_wconf 75' lang='lat' dir='ltr'>ante</span> <span class='ocrx_word' id='word_1_276' title='bbox 759 1832 835 1863; x_wconf 67' lang='lat' dir='ltr'>illas</span> <span class='ocrx_word' id='word_1_277' title='bbox 865 1843 925 1863; x_wconf 40' lang='lat' dir='ltr'>‘non</span> <span class='ocrx_word' id='word_1_278' title='bbox 946 1833 1074 1871; x_wconf 68' lang='lat' dir='ltr'>fuerunt</span> 
     </span>
     <span class='ocr_line' id='line_1_39' title="bbox 102 1873 1071 1913; baseline 0.001 -9"><span class='ocrx_word' id='word_1_279' title='bbox 102 1873 178 1904; x_wconf 67' lang='lat' dir='ltr'>tales</span> <span class='ocrx_word' id='word_1_280' title='bbox 218 1873 366 1909; x_wconf 64' lang='lat' dir='ltr'>locustae,</span> <span class='ocrx_word' id='word_1_281' title='bbox 409 1884 460 1904; x_wconf 76' lang='lat' dir='ltr'>neo</span> <span class='ocrx_word' id='word_1_282' title='bbox 494 1876 566 1912; x_wconf 69' lang='lat' dir='ltr'>post</span> <span class='ocrx_word' id='word_1_283' title='bbox 604 1873 679 1905; x_wconf 69' lang='lat' dir='ltr'>illas</span> <span class='ocrx_word' id='word_1_284' title='bbox 711 1875 837 1913; x_wconf 63' lang='lat' dir='ltr'>futurae</span> <span class='ocrx_word' id='word_1_285' title='bbox 876 1878 949 1906; x_wconf 73' lang='lat' dir='ltr'>sunt</span> <span class='ocrx_word' id='word_1_286' title='bbox 987 1875 1071 1906; x_wconf 69' lang='lat' dir='ltr'>tales.</span> 
     </span>
     <span class='ocr_line' id='line_1_40' title="bbox 105 1916 1072 1958; baseline 0.003 -12"><span class='ocrx_word' id='word_1_287' title='bbox 105 1916 153 1946; x_wconf 78' lang='lat'>15.</span> <span class='ocrx_word' id='word_1_288' title='bbox 175 1916 427 1955; x_wconf 59' lang='lat' dir='ltr'>Operuwuutque</span> <span class='ocrx_word' id='word_1_289' title='bbox 445 1917 640 1955; x_wconf 69' lang='lat' dir='ltr'>superficiem</span> <span class='ocrx_word' id='word_1_290' title='bbox 658 1918 749 1948; x_wconf 70' lang='lat' dir='ltr'>totius</span> <span class='ocrx_word' id='word_1_291' title='bbox 767 1918 912 1958; x_wconf 71' lang='lat' dir='ltr'>reyiorzis,</span> <span class='ocrx_word' id='word_1_292' title='bbox 931 1921 958 1949; x_wconf 70' lang='lat' dir='ltr'>ef</span> <span class='ocrx_word' id='word_1_293' title='bbox 970 1918 1072 1949; x_wconf 69' lang='lat' dir='ltr'>obscu-</span> 
     </span>
     <span class='ocr_line' id='line_1_41' title="bbox 104 1959 1073 1999; baseline 0.003 -10"><span class='ocrx_word' id='word_1_294' title='bbox 104 1962 172 1989; x_wconf 68' lang='lat' dir='ltr'>rata</span> <span class='ocrx_word' id='word_1_295' title='bbox 195 1959 257 1998; x_wconf 72' lang='lat' dir='ltr'>fuit</span> <span class='ocrx_word' id='word_1_296' title='bbox 280 1961 371 1996; x_wconf 61' lang='lat' dir='ltr'>{vv-ra,</span> <span class='ocrx_word' id='word_1_297' title='bbox 405 1960 656 1999; x_wconf 65' lang='lat' dir='ltr'>contedermzlqne</span> <span class='ocrx_word' id='word_1_298' title='bbox 679 1971 795 1991; x_wconf 80' lang='lat' dir='ltr'>omnem</span> <span class='ocrx_word' id='word_1_299' title='bbox 818 1961 944 1992; x_wconf 78' lang='lat' dir='ltr'>herbam</span> <span class='ocrx_word' id='word_1_300' title='bbox 973 1964 1073 1992; x_wconf 72' lang='lat' dir='ltr'>terrae</span> 
     </span>
     <span class='ocr_line' id='line_1_42' title="bbox 104 2002 1074 2043; baseline 0.003 -11"><span class='ocrx_word' id='word_1_301' title='bbox 104 2005 193 2040; x_wconf 72' lang='lat' dir='ltr'>atque</span> <span class='ocrx_word' id='word_1_302' title='bbox 237 2012 353 2032; x_wconf 65' lang='lat' dir='ltr'>omnem</span> <span class='ocrx_word' id='word_1_303' title='bbox 396 2002 531 2041; x_wconf 73' lang='lat' dir='ltr'>fructmn</span> <span class='ocrx_word' id='word_1_304' title='bbox 582 2003 728 2033; x_wconf 70' lang='lat' dir='ltr'>arom-nm</span> <span class='ocrx_word' id='word_1_305' title='bbox 777 2014 866 2042; x_wconf 69' lang='lat' dir='ltr'>quem</span> <span class='ocrx_word' id='word_1_306' title='bbox 908 2004 1074 2043; x_wconf 69' lang='lat' dir='ltr'>reliqw’rat</span> 
     </span>
     <span class='ocr_line' id='line_1_43' title="bbox 102 2045 1072 2084; baseline 0.003 -10"><span class='ocrx_word' id='word_1_307' title='bbox 102 2045 231 2084; x_wconf 64' lang='lat' dir='ltr'>ysoude,</span> <span class='ocrx_word' id='word_1_308' title='bbox 254 2054 349 2082; x_wconf 67' lang='lat' dir='ltr'>mque</span> <span class='ocrx_word' id='word_1_309' title='bbox 373 2046 521 2075; x_wconf 68' lang='lat' dir='ltr'>remansit</span> <span class='ocrx_word' id='word_1_310' title='bbox 540 2046 710 2084; x_wconf 61' lang='lat' dir='ltr'>quidquam</span> <span class='ocrx_word' id='word_1_311' title='bbox 731 2046 827 2077; x_wconf 66' lang='lat' dir='ltr'>viride</span> <span class='ocrx_word' id='word_1_312' title='bbox 850 2048 883 2077; x_wconf 67' lang='lat' dir='ltr'>in</span> <span class='ocrx_word' id='word_1_313' title='bbox 904 2048 1072 2084; x_wconf 71' lang='lat' dir='ltr'>arboribus,</span> 
     </span>
     <span class='ocr_line' id='line_1_44' title="bbox 104 2087 956 2129; baseline 0.002 -12"><span class='ocrx_word' id='word_1_314' title='bbox 104 2090 129 2117; x_wconf 73' lang='lat' dir='ltr'>ct</span> <span class='ocrx_word' id='word_1_315' title='bbox 161 2088 190 2117; x_wconf 75' lang='lat' dir='ltr'>in</span> <span class='ocrx_word' id='word_1_316' title='bbox 222 2087 322 2117; x_wconf 57' lang='lat' dir='ltr'>lan-his</span> <span class='ocrx_word' id='word_1_317' title='bbox 349 2088 419 2127; x_wconf 67' lang='lat' dir='ltr'>ayrt&#39;</span> <span class='ocrx_word' id='word_1_318' title='bbox 452 2089 481 2118; x_wconf 78' lang='lat' dir='ltr'>iu</span> <span class='ocrx_word' id='word_1_319' title='bbox 511 2091 571 2119; x_wconf 73' lang='lat' dir='ltr'>tota</span> <span class='ocrx_word' id='word_1_320' title='bbox 598 2091 682 2119; x_wconf 66' lang='lat' dir='ltr'>terra</span> <span class='ocrx_word' id='word_1_321' title='bbox 712 2089 853 2129; x_wconf 54' lang='lat' dir='ltr'>Aegygspti..</span> <span class='ocrx_word' id='word_1_322' title='bbox 910 2091 956 2120; x_wconf 79' lang='lat'>16.</span> 
     </span>
     <span class='ocr_line' id='line_1_45' title="bbox 103 2130 1074 2170; baseline 0.004 -10"><span class='ocrx_word' id='word_1_323' title='bbox 103 2131 260 2169; x_wconf 64' lang='lat' dir='ltr'>festinat-il</span> <span class='ocrx_word' id='word_1_324' title='bbox 288 2130 413 2161; x_wconf 66' lang='lat' dir='ltr'>Pharao</span> <span class='ocrx_word' id='word_1_325' title='bbox 437 2141 541 2161; x_wconf 67' lang='lat' dir='ltr'>vocare</span> <span class='ocrx_word' id='word_1_326' title='bbox 566 2131 675 2162; x_wconf 70' lang='lat' dir='ltr'>Mosen</span> <span class='ocrx_word' id='word_1_327' title='bbox 698 2134 724 2162; x_wconf 67' lang='lat' dir='ltr'>et</span> <span class='ocrx_word' id='word_1_328' title='bbox 748 2132 893 2170; x_wconf 70' lang='lat' dir='ltr'>Aharon,</span> <span class='ocrx_word' id='word_1_329' title='bbox 922 2136 949 2163; x_wconf 71' lang='lat' dir='ltr'>ot</span> <span class='ocrx_word' id='word_1_330' title='bbox 976 2133 1074 2164; x_wconf 41' lang='lat' dir='ltr'>derit:</span> 
     </span>
     <span class='ocr_line' id='line_1_46' title="bbox 108 2172 1075 2207; baseline 0.004 -4"><span class='ocrx_word' id='word_1_331' title='bbox 108 2172 234 2203; x_wconf 52' lang='lat' dir='ltr'>Proca-i</span> <span class='ocrx_word' id='word_1_332' title='bbox 259 2174 289 2202; x_wconf 75' lang='lat' dir='ltr'>in</span> <span class='ocrx_word' id='word_1_333' title='bbox 316 2173 460 2204; x_wconf 69' lang='lat' dir='ltr'>[choram</span> <span class='ocrx_word' id='word_1_334' title='bbox 487 2173 586 2203; x_wconf 69' lang='lat' dir='ltr'>Deum</span> <span class='ocrx_word' id='word_1_335' title='bbox 609 2177 741 2205; x_wconf 65' lang='lat' dir='ltr'>vestram</span> <span class='ocrx_word' id='word_1_336' title='bbox 760 2178 786 2205; x_wconf 70' lang='lat' dir='ltr'>el</span> <span class='ocrx_word' id='word_1_337' title='bbox 809 2186 869 2206; x_wconf 80' lang='lat' dir='ltr'>vos.</span> <span class='ocrx_word' id='word_1_338' title='bbox 908 2176 955 2206; x_wconf 84' lang='lat'>17.</span> <span class='ocrx_word' id='word_1_339' title='bbox 983 2176 1075 2207; x_wconf 72' lang='lat' dir='ltr'>Nunc</span> 
     </span>
     <span class='ocr_line' id='line_1_47' title="bbox 105 2216 1072 2259; baseline 0.004 -14"><span class='ocrx_word' id='word_1_340' title='bbox 105 2227 172 2254; x_wconf 67' lang='lat' dir='ltr'>trsfo</span> <span class='ocrx_word' id='word_1_341' title='bbox 198 2216 312 2246; x_wconf 64' lang='lat' dir='ltr'>rrmitte</span> <span class='ocrx_word' id='word_1_342' title='bbox 335 2226 445 2254; x_wconf 64' lang='lat' dir='ltr'>quaeso</span> <span class='ocrx_word' id='word_1_343' title='bbox 466 2219 623 2254; x_wconf 57' lang='lat' dir='ltr'>perfusum</span> <span class='ocrx_word' id='word_1_344' title='bbox 641 2228 740 2248; x_wconf 61' lang='lat' dir='ltr'>oneum</span> <span class='ocrx_word' id='word_1_345' title='bbox 761 2218 914 2248; x_wconf 66' lang='lat' dir='ltr'>‹lmztafflt</span> <span class='ocrx_word' id='word_1_346' title='bbox 932 2220 995 2249; x_wconf 73' lang='lat' dir='ltr'>vice</span> <span class='ocrx_word' id='word_1_347' title='bbox 1007 2219 1072 2259; x_wconf 73' lang='lat' dir='ltr'>hae,</span> 
     </span>
     <span class='ocr_line' id='line_1_48' title="bbox 106 2258 1073 2300; baseline 0.004 -12"><span class='ocrx_word' id='word_1_348' title='bbox 106 2261 130 2288; x_wconf 36' lang='lat' dir='ltr'>(vt</span> <span class='ocrx_word' id='word_1_349' title='bbox 154 2262 237 2288; x_wconf 68' lang='lat' dir='ltr'>orate</span> <span class='ocrx_word' id='word_1_350' title='bbox 261 2258 522 2290; x_wconf 72' lang='lat' dir='ltr'>Iehorachum</span> <span class='ocrx_word' id='word_1_351' title='bbox 544 2263 685 2292; x_wconf 59' lang='lat' dir='ltr'>vestrum,</span> <span class='ocrx_word' id='word_1_352' title='bbox 710 2264 736 2290; x_wconf 67' lang='lat' dir='ltr'>et</span> <span class='ocrx_word' id='word_1_353' title='bbox 759 2261 882 2300; x_wconf 68' lang='lat' dir='ltr'>auferat</span> <span class='ocrx_word' id='word_1_354' title='bbox 905 2272 922 2291; x_wconf 79' lang='lat' dir='ltr'>a</span> <span class='ocrx_word' id='word_1_355' title='bbox 947 2272 993 2291; x_wconf 79' lang='lat' dir='ltr'>me</span> <span class='ocrx_word' id='word_1_356' title='bbox 1009 2265 1073 2293; x_wconf 73' lang='lat' dir='ltr'>(cm-</span> 
     </span>
     <span class='ocr_line' id='line_1_49' title="bbox 105 2302 1073 2343; baseline 0.005 -13"><span class='ocrx_word' id='word_1_357' title='bbox 105 2304 166 2330; x_wconf 61' lang='lat' dir='ltr'>tam</span> <span class='ocrx_word' id='word_1_358' title='bbox 193 2304 316 2331; x_wconf 71' lang='lat' dir='ltr'>mortem</span> <span class='ocrx_word' id='word_1_359' title='bbox 341 2302 438 2331; x_wconf 61' lang='lat' dir='ltr'>islam.</span> <span class='ocrx_word' id='word_1_360' title='bbox 488 2303 534 2333; x_wconf 65' lang='lat'>18.</span> <span class='ocrx_word' id='word_1_361' title='bbox 556 2302 598 2333; x_wconf 72' lang='lat' dir='ltr'>Et</span> <span class='ocrx_word' id='word_1_362' title='bbox 627 2314 766 2342; x_wconf 58' lang='lat' dir='ltr'>eysressus·</span> <span class='ocrx_word' id='word_1_363' title='bbox 789 2306 831 2333; x_wconf 71' lang='lat' dir='ltr'>est</span> <span class='ocrx_word' id='word_1_364' title='bbox 855 2315 872 2333; x_wconf 73' lang='lat' dir='ltr'>a</span> <span class='ocrx_word' id='word_1_365' title='bbox 900 2304 1073 2343; x_wconf 70' lang='lat' dir='ltr'>Pharaone,</span> 
     </span>
     <span class='ocr_line' id='line_1_50' title="bbox 106 2344 1074 2378; baseline 0.003 -4"><span class='ocrx_word' id='word_1_366' title='bbox 106 2347 131 2374; x_wconf 65' lang='lat' dir='ltr'>ct</span> <span class='ocrx_word' id='word_1_367' title='bbox 164 2345 262 2374; x_wconf 71' lang='lat' dir='ltr'>orari!</span> <span class='ocrx_word' id='word_1_368' title='bbox 287 2344 440 2375; x_wconf 65' lang='lat' dir='ltr'>lelawam.</span> <span class='ocrx_word' id='word_1_369' title='bbox 494 2346 541 2376; x_wconf 81' lang='lat'>19.</span> <span class='ocrx_word' id='word_1_370' title='bbox 573 2345 614 2376; x_wconf 70' lang='lat' dir='ltr'>Ei</span> <span class='ocrx_word' id='word_1_371' title='bbox 639 2347 783 2377; x_wconf 68' lang='lat' dir='ltr'>com-ertit</span> <span class='ocrx_word' id='word_1_372' title='bbox 814 2346 926 2377; x_wconf 74' lang='lat' dir='ltr'>Iehova</span> <span class='ocrx_word' id='word_1_373' title='bbox 953 2350 1074 2378; x_wconf 73' lang='lat' dir='ltr'>ventum</span> 
     </span>
     <span class='ocr_line' id='line_1_51' title="bbox 106 2386 1075 2426; baseline 0.003 -10"><span class='ocrx_word' id='word_1_374' title='bbox 106 2386 314 2417; x_wconf 64' lang='lat' dir='ltr'>occidentalem</span> <span class='ocrx_word' id='word_1_375' title='bbox 337 2388 443 2426; x_wconf 63' lang='lat' dir='ltr'>formu</span> <span class='ocrx_word' id='word_1_376' title='bbox 469 2389 565 2422; x_wconf 68' lang='lat' dir='ltr'>valde,</span> <span class='ocrx_word' id='word_1_377' title='bbox 590 2391 615 2419; x_wconf 69' lang='lat' dir='ltr'>ef</span> <span class='ocrx_word' id='word_1_378' title='bbox 637 2390 763 2419; x_wconf 53' lang='lat' dir='ltr'>sus-tulit</span> <span class='ocrx_word' id='word_1_379' title='bbox 785 2390 924 2425; x_wconf 71' lang='lat' dir='ltr'>locustas,</span> <span class='ocrx_word' id='word_1_380' title='bbox 948 2393 974 2420; x_wconf 67' lang='lat'>(³15</span> <span class='ocrx_word' id='word_1_381' title='bbox 996 2391 1075 2421; x_wconf 69' lang='lat' dir='ltr'>deie-</span> 
     </span>
     <span class='ocr_line' id='line_1_52' title="bbox 106 2430 1074 2464; baseline 0.005 -5"><span class='ocrx_word' id='word_1_382' title='bbox 106 2430 143 2459; x_wconf 73' lang='lat' dir='ltr'>ci!</span> <span class='ocrx_word' id='word_1_383' title='bbox 167 2439 219 2460; x_wconf 70' lang='lat' dir='ltr'>tas</span> <span class='ocrx_word' id='word_1_384' title='bbox 243 2430 272 2459; x_wconf 73' lang='lat' dir='ltr'>sn</span> <span class='ocrx_word' id='word_1_385' title='bbox 298 2440 381 2460; x_wconf 71' lang='lat' dir='ltr'>marc</span> <span class='ocrx_word' id='word_1_386' title='bbox 400 2431 543 2461; x_wconf 53' lang='lat' dir='ltr'>rubrum:</span> <span class='ocrx_word' id='word_1_387' title='bbox 567 2442 623 2462; x_wconf 75' lang='lat' dir='ltr'>uon</span> <span class='ocrx_word' id='word_1_388' title='bbox 647 2433 797 2462; x_wconf 71' lang='lat' dir='ltr'>remansit</span> <span class='ocrx_word' id='word_1_389' title='bbox 816 2432 933 2464; x_wconf 55' lang='lat' dir='ltr'>locusta</span> <span class='ocrx_word' id='word_1_390' title='bbox 957 2433 1022 2464; x_wconf 78' lang='lat' dir='ltr'>ulla</span> <span class='ocrx_word' id='word_1_391' title='bbox 1041 2434 1074 2464; x_wconf 65' lang='lat' dir='ltr'>in</span> 
     </span>
     <span class='ocr_line' id='line_1_53' title="bbox 107 2473 1075 2513; baseline 0.006 -12"><span class='ocrx_word' id='word_1_392' title='bbox 107 2475 164 2501; x_wconf 60' lang='lat' dir='ltr'>fnum</span> <span class='ocrx_word' id='word_1_393' title='bbox 197 2473 314 2511; x_wconf 61' lang='lat' dir='ltr'>serlione</span> <span class='ocrx_word' id='word_1_394' title='bbox 349 2474 488 2513; x_wconf 61' lang='lat' dir='ltr'>Aegypti.</span> <span class='ocrx_word' id='word_1_395' title='bbox 543 2474 592 2504; x_wconf 66' lang='lat'>20,</span> <span class='ocrx_word' id='word_1_396' title='bbox 624 2474 665 2505; x_wconf 77' lang='lat' dir='ltr'>El</span> <span class='ocrx_word' id='word_1_397' title='bbox 698 2475 850 2505; x_wconf 69' lang='lat' dir='ltr'>roboravit</span> <span class='ocrx_word' id='word_1_398' title='bbox 882 2476 994 2505; x_wconf 74' lang='lat' dir='ltr'>Iehom</span> <span class='ocrx_word' id='word_1_399' title='bbox 1025 2487 1075 2507; x_wconf 74' lang='lat' dir='ltr'>cor</span> 
     </span>
     <span class='ocr_line' id='line_1_54' title="bbox 112 2514 793 2555; baseline 0.007 -11"><span class='ocrx_word' id='word_1_400' title='bbox 112 2514 294 2552; x_wconf 61' lang='lat' dir='ltr'>l’lauzmnis,</span> <span class='ocrx_word' id='word_1_401' title='bbox 319 2526 411 2555; x_wconf 68' lang='lat' dir='ltr'>neque</span> <span class='ocrx_word' id='word_1_402' title='bbox 434 2517 553 2547; x_wconf 70' lang='lat' dir='ltr'>&lt;limisit</span> <span class='ocrx_word' id='word_1_403' title='bbox 576 2517 659 2555; x_wconf 76' lang='lat' dir='ltr'>filios</span> <span class='ocrx_word' id='word_1_404' title='bbox 683 2518 793 2549; x_wconf 72' lang='lat' dir='ltr'>Israel.</span> 
     </span>
    </p>
   </div>
   <div class='ocr_carea' id='block_1_5' title="bbox 174 2601 1072 2641">
    <p class='ocr_par' dir='ltr' id='par_1_6' title="bbox 174 2601 1072 2641">
     <span class='ocr_line' id='line_1_55' title="bbox 174 2601 1072 2641; baseline 0.008 -12"><span class='ocrx_word' id='word_1_405' title='bbox 174 2601 220 2631; x_wconf 73' lang='lat'>12.</span> <span class='ocrx_word' id='word_1_406' title='bbox 251 2602 332 2631; x_wconf 75' lang='lat' dir='ltr'>&#39;l&#39;nm¹</span> <span class='ocrx_word' id='word_1_407' title='bbox 354 2602 435 2632; x_wconf 57' lang='lat' dir='ltr'>dim</span> <span class='ocrx_word' id='word_1_408' title='bbox 449 2602 562 2633; x_wconf 67' lang='lat' dir='ltr'>[chora</span> <span class='ocrx_word' id='word_1_409' title='bbox 576 2602 669 2633; x_wconf 57' lang='lat' dir='ltr'>Most.</span> <span class='ocrx_word' id='word_1_410' title='bbox 695 2603 857 2641; x_wconf 81' lang='lat' dir='ltr'>Quoniam</span> <span class='ocrx_word' id='word_1_411' title='bbox 877 2603 997 2635; x_wconf 80' lang='lat' dir='ltr'>indicta</span> <span class='ocrx_word' id='word_1_412' title='bbox 1013 2605 1072 2636; x_wconf 85' lang='lat' dir='ltr'>sibi</span> 
     </span>
    </p>
   </div>
   <div class='ocr_carea' id='block_1_6' title="bbox 699 150 1499 185">
    <p class='ocr_par' dir='ltr' id='par_1_7' title="bbox 699 150 1499 185">
     <span class='ocr_line' id='line_1_56' title="bbox 699 150 1499 185; baseline 0.004 -4"><span class='ocrx_word' id='word_1_413' title='bbox 699 150 1066 184; x_wconf 80' lang='lat' dir='ltr'><strong>COMMENTARIUS</strong></span> <span class='ocrx_word' id='word_1_414' title='bbox 1091 153 1139 184; x_wconf 91' lang='lat' dir='ltr'>IN</span> <span class='ocrx_word' id='word_1_415' title='bbox 1164 152 1311 184; x_wconf 82' lang='lat' dir='ltr'>EXODI</span> <span class='ocrx_word' id='word_1_416' title='bbox 1336 153 1432 185; x_wconf 79' lang='lat' dir='ltr'>GAP.</span> <span class='ocrx_word' id='word_1_417' title='bbox 1457 154 1499 185; x_wconf 83' lang='lat' dir='ltr'>X.</span> 
     </span>
    </p>
   </div>
   <div class='ocr_carea' id='block_1_7' title="bbox 989 2089 1100 2121">
    <p class='ocr_par' dir='ltr' id='par_1_8' title="bbox 989 2089 1100 2121">
     <span class='ocr_line' id='line_1_57' title="bbox 989 2089 1100 2121; baseline 0.009 -1"><span class='ocrx_word' id='word_1_418' title='bbox 989 2090 1075 2121; x_wconf 70' lang='lat' dir='ltr'>Tunc</span> <span class='ocrx_word' id='word_1_419' title='bbox 1098 2089 1100 2099; x_wconf 61' lang='grc'><em>“</em></span> 
     </span>
    </p>
   </div>
   <div class='ocr_carea' id='block_1_8' title="bbox 1099 269 1103 2636">
    <p class='ocr_par' dir='ltr' id='par_1_9' title="bbox 1099 269 1103 2636">
     <span class='ocr_line' id='line_1_58' title="bbox 1099 269 1103 2636; baseline 0 0"><span class='ocrx_word' id='word_1_420' title='bbox 1099 269 1103 2636; x_wconf 95' lang='lat' dir='ltr'> </span> 
     </span>
    </p>
   </div>
   <div class='ocr_carea' id='block_1_9' title="bbox 2036 157 2098 188">
    <p class='ocr_par' dir='ltr' id='par_1_10' title="bbox 2036 157 2098 188">
     <span class='ocr_line' id='line_1_59' title="bbox 2036 157 2098 188; baseline 0.016 -1"><span class='ocrx_word' id='word_1_421' title='bbox 2036 157 2098 188; x_wconf 82' lang='grc'>124</span> 
     </span>
    </p>
   </div>
   <div class='ocr_carea' id='block_1_10' title="bbox 1123 247 2097 2646">
    <p class='ocr_par' dir='ltr' id='par_1_11' title="bbox 1123 247 2097 2079">
     <span class='ocr_line' id='line_1_60' title="bbox 1123 247 2095 289; baseline 0.005 -12"><span class='ocrx_word' id='word_1_422' title='bbox 1123 257 1225 287; x_wconf 86' lang='lat' dir='ltr'>poena</span> <span class='ocrx_word' id='word_1_423' title='bbox 1250 258 1314 279; x_wconf 88' lang='lat' dir='ltr'>non</span> <span class='ocrx_word' id='word_1_424' title='bbox 1335 248 1397 278; x_wconf 89' lang='lat' dir='ltr'>fuit</span> <span class='ocrx_word' id='word_1_425' title='bbox 1426 247 1585 279; x_wconf 85' lang='lat' dir='ltr'>adductus</span> <span class='ocrx_word' id='word_1_426' title='bbox 1610 249 1739 280; x_wconf 85' lang='lat' dir='ltr'>Pharao</span> <span class='ocrx_word' id='word_1_427' title='bbox 1772 248 1812 280; x_wconf 89' lang='lat' dir='ltr'>ad</span> <span class='ocrx_word' id='word_1_428' title='bbox 1836 250 2015 289; x_wconf 87' lang='lat' dir='ltr'>parendum</span> <span class='ocrx_word' id='word_1_429' title='bbox 2039 261 2095 282; x_wconf 82' lang='lat' dir='ltr'>ex-</span> 
     </span>
     <span class='ocr_line' id='line_1_61' title="bbox 1124 290 2097 332; baseline 0.005 -12"><span class='ocrx_word' id='word_1_430' title='bbox 1124 291 1272 329; x_wconf 86' lang='lat' dir='ltr'>sequutio</span> <span class='ocrx_word' id='word_1_431' title='bbox 1297 290 1348 321; x_wconf 91' lang='lat' dir='ltr'>hic</span> <span class='ocrx_word' id='word_1_432' title='bbox 1373 296 1532 321; x_wconf 83' lang='lat' dir='ltr'>narratur.</span> <span class='ocrx_word' id='word_1_433' title='bbox 1564 292 1610 322; x_wconf 89' lang='lat' dir='ltr'>Ac</span> <span class='ocrx_word' id='word_1_434' title='bbox 1635 291 1738 331; x_wconf 87' lang='lat' dir='ltr'>primo</span> <span class='ocrx_word' id='word_1_435' title='bbox 1761 291 1891 332; x_wconf 89' lang='lat' dir='ltr'>quidem</span> <span class='ocrx_word' id='word_1_436' title='bbox 1914 292 2022 325; x_wconf 84' lang='lat' dir='ltr'>iussus</span> <span class='ocrx_word' id='word_1_437' title='bbox 2045 299 2097 325; x_wconf 83' lang='lat' dir='ltr'>est</span> 
     </span>
     <span class='ocr_line' id='line_1_62' title="bbox 1124 333 2095 376; baseline 0.005 -13"><span class='ocrx_word' id='word_1_438' title='bbox 1124 333 1233 364; x_wconf 88' lang='lat' dir='ltr'>Moses</span> <span class='ocrx_word' id='word_1_439' title='bbox 1257 343 1388 364; x_wconf 86' lang='lat' dir='ltr'>manum</span> <span class='ocrx_word' id='word_1_440' title='bbox 1415 333 1590 364; x_wconf 82' lang='lat' dir='ltr'>extendere</span> <span class='ocrx_word' id='word_1_441' title='bbox 1609 339 1645 364; x_wconf 91' lang='lat' dir='ltr'>ut</span> <span class='ocrx_word' id='word_1_442' title='bbox 1669 334 1809 366; x_wconf 81' lang='lat' dir='ltr'>locustas</span> <span class='ocrx_word' id='word_1_443' title='bbox 1829 342 2013 374; x_wconf 84' lang='lat' dir='ltr'>accerseret,</span> <span class='ocrx_word' id='word_1_444' title='bbox 2038 347 2095 376; x_wconf 91' lang='lat' dir='ltr'>pro</span> 
     </span>
     <span class='ocr_line' id='line_1_63' title="bbox 1124 375 2095 416; baseline 0.005 -11"><span class='ocrx_word' id='word_1_445' title='bbox 1124 375 1194 406; x_wconf 88' lang='lat' dir='ltr'>iure</span> <span class='ocrx_word' id='word_1_446' title='bbox 1217 376 1344 416; x_wconf 88' lang='lat' dir='ltr'>imperii</span> <span class='ocrx_word' id='word_1_447' title='bbox 1368 387 1428 415; x_wconf 93' lang='lat' dir='ltr'>quo</span> <span class='ocrx_word' id='word_1_448' title='bbox 1443 375 1532 407; x_wconf 87' lang='lat' dir='ltr'>Deus</span> <span class='ocrx_word' id='word_1_449' title='bbox 1552 387 1626 407; x_wconf 90' lang='lat' dir='ltr'>eum</span> <span class='ocrx_word' id='word_1_450' title='bbox 1646 382 1829 408; x_wconf 87' lang='lat' dir='ltr'>ornaverat.</span> <span class='ocrx_word' id='word_1_451' title='bbox 1866 378 1986 409; x_wconf 77' lang='lat' dir='ltr'>Manus</span> <span class='ocrx_word' id='word_1_452' title='bbox 2009 380 2095 410; x_wconf 88' lang='lat' dir='ltr'>enim</span> 
     </span>
     <span class='ocr_line' id='line_1_64' title="bbox 1124 419 2095 460; baseline 0.005 -12"><span class='ocrx_word' id='word_1_453' title='bbox 1124 419 1272 450; x_wconf 83' lang='lat' dir='ltr'>extensio</span> <span class='ocrx_word' id='word_1_454' title='bbox 1297 419 1425 458; x_wconf 78' lang='lat' dir='ltr'>signum</span> <span class='ocrx_word' id='word_1_455' title='bbox 1450 425 1497 449; x_wconf 86' lang='lat' dir='ltr'>est</span> <span class='ocrx_word' id='word_1_456' title='bbox 1517 421 1693 458; x_wconf 83' lang='lat' dir='ltr'>potestatis.</span> <span class='ocrx_word' id='word_1_457' title='bbox 1718 420 1796 451; x_wconf 90' lang='lat' dir='ltr'>Ideo</span> <span class='ocrx_word' id='word_1_458' title='bbox 1814 420 1909 460; x_wconf 87' lang='lat' dir='ltr'>paulo</span> <span class='ocrx_word' id='word_1_459' title='bbox 1929 425 2003 460; x_wconf 89' lang='lat' dir='ltr'>post</span> <span class='ocrx_word' id='word_1_460' title='bbox 2021 422 2095 453; x_wconf 83' lang='lat' dir='ltr'>sub-</span> 
     </span>
     <span class='ocr_line' id='line_1_65' title="bbox 1124 461 2096 502; baseline 0.004 -11"><span class='ocrx_word' id='word_1_461' title='bbox 1124 461 1193 492; x_wconf 88' lang='lat' dir='ltr'>iicit</span> <span class='ocrx_word' id='word_1_462' title='bbox 1216 471 1250 492; x_wconf 87' lang='lat' dir='ltr'>se</span> <span class='ocrx_word' id='word_1_463' title='bbox 1275 461 1423 492; x_wconf 89' lang='lat' dir='ltr'>baculum</span> <span class='ocrx_word' id='word_1_464' title='bbox 1447 461 1640 500; x_wconf 74' lang='lat' dir='ltr'>extendisse,</span> <span class='ocrx_word' id='word_1_465' title='bbox 1665 473 1760 502; x_wconf 86' lang='lat' dir='ltr'>quem</span> <span class='ocrx_word' id='word_1_466' title='bbox 1780 468 1855 494; x_wconf 87' lang='lat' dir='ltr'>ante</span> <span class='ocrx_word' id='word_1_467' title='bbox 1875 463 2096 496; x_wconf 89' lang='lat' dir='ltr'>vidimusloco</span> 
     </span>
     <span class='ocr_line' id='line_1_66' title="bbox 1125 504 2097 546; baseline 0.005 -13"><span class='ocrx_word' id='word_1_468' title='bbox 1125 504 1204 544; x_wconf 85' lang='lat' dir='ltr'>regii</span> <span class='ocrx_word' id='word_1_469' title='bbox 1224 505 1341 543; x_wconf 83' lang='lat' dir='ltr'>sceptri</span> <span class='ocrx_word' id='word_1_470' title='bbox 1361 505 1458 535; x_wconf 85' lang='lat' dir='ltr'>fuisse</span> <span class='ocrx_word' id='word_1_471' title='bbox 1479 505 1506 534; x_wconf 91' lang='lat' dir='ltr'>ei</span> <span class='ocrx_word' id='word_1_472' title='bbox 1528 504 1646 535; x_wconf 82' lang='lat' dir='ltr'>datum.</span> <span class='ocrx_word' id='word_1_473' title='bbox 1672 505 1813 536; x_wconf 87' lang='lat' dir='ltr'>Perinde</span> <span class='ocrx_word' id='word_1_474' title='bbox 1833 506 1934 546; x_wconf 84' lang='lat' dir='ltr'>igitur</span> <span class='ocrx_word' id='word_1_475' title='bbox 1952 512 2000 537; x_wconf 83' lang='lat' dir='ltr'>est</span> <span class='ocrx_word' id='word_1_476' title='bbox 2020 517 2056 538; x_wconf 87' lang='lat' dir='ltr'>ac</span> <span class='ocrx_word' id='word_1_477' title='bbox 2069 507 2097 538; x_wconf 88' lang='lat' dir='ltr'>si</span> 
     </span>
     <span class='ocr_line' id='line_1_67' title="bbox 1125 546 2097 586; baseline 0.003 -9"><span class='ocrx_word' id='word_1_478' title='bbox 1125 546 1214 577; x_wconf 87' lang='lat' dir='ltr'>Deus</span> <span class='ocrx_word' id='word_1_479' title='bbox 1234 548 1429 586; x_wconf 87' lang='lat' dir='ltr'>praefectum</span> <span class='ocrx_word' id='word_1_480' title='bbox 1450 548 1658 584; x_wconf 81' lang='lat' dir='ltr'>constituens,</span> <span class='ocrx_word' id='word_1_481' title='bbox 1678 548 1851 579; x_wconf 89' lang='lat' dir='ltr'>subiiceret</span> <span class='ocrx_word' id='word_1_482' title='bbox 1869 549 1898 579; x_wconf 89' lang='lat' dir='ltr'>ei</span> <span class='ocrx_word' id='word_1_483' title='bbox 1912 559 2010 586; x_wconf 84' lang='lat' dir='ltr'>mare,</span> <span class='ocrx_word' id='word_1_484' title='bbox 2032 554 2097 580; x_wconf 87' lang='lat' dir='ltr'>ter-</span> 
     </span>
     <span class='ocr_line' id='line_1_68' title="bbox 1125 589 2095 631; baseline 0.004 -12"><span class='ocrx_word' id='word_1_485' title='bbox 1125 599 1204 626; x_wconf 86' lang='lat' dir='ltr'>ram,</span> <span class='ocrx_word' id='word_1_486' title='bbox 1224 596 1255 620; x_wconf 90' lang='lat' dir='ltr'>et</span> <span class='ocrx_word' id='word_1_487' title='bbox 1269 596 1386 620; x_wconf 77' lang='lat' dir='ltr'>acrem.</span> <span class='ocrx_word' id='word_1_488' title='bbox 1423 589 1467 621; x_wconf 93' lang='lat' dir='ltr'>Ut</span> <span class='ocrx_word' id='word_1_489' title='bbox 1480 595 1589 621; x_wconf 88' lang='lat' dir='ltr'>tamen</span> <span class='ocrx_word' id='word_1_490' title='bbox 1614 591 1760 622; x_wconf 79' lang='lat' dir='ltr'>subsidat</span> <span class='ocrx_word' id='word_1_491' title='bbox 1778 592 1809 622; x_wconf 93' lang='lat' dir='ltr'>in</span> <span class='ocrx_word' id='word_1_492' title='bbox 1832 592 1933 631; x_wconf 86' lang='lat' dir='ltr'>gradu</span> <span class='ocrx_word' id='word_1_493' title='bbox 1955 592 2095 623; x_wconf 88' lang='lat' dir='ltr'>ministri</span> 
     </span>
     <span class='ocr_line' id='line_1_69' title="bbox 1125 632 2097 673; baseline 0.003 -11"><span class='ocrx_word' id='word_1_494' title='bbox 1125 642 1188 662; x_wconf 88' lang='lat' dir='ltr'>uon</span> <span class='ocrx_word' id='word_1_495' title='bbox 1213 632 1289 663; x_wconf 90' lang='lat' dir='ltr'>dicit</span> <span class='ocrx_word' id='word_1_496' title='bbox 1308 633 1447 663; x_wconf 82' lang='lat' dir='ltr'>locustas</span> <span class='ocrx_word' id='word_1_497' title='bbox 1466 633 1613 673; x_wconf 85' lang='lat' dir='ltr'>erupisse</span> <span class='ocrx_word' id='word_1_498' title='bbox 1633 634 1672 664; x_wconf 89' lang='lat' dir='ltr'>ad</span> <span class='ocrx_word' id='word_1_499' title='bbox 1696 645 1788 665; x_wconf 83' lang='lat' dir='ltr'>suum</span> <span class='ocrx_word' id='word_1_500' title='bbox 1809 634 2010 673; x_wconf 85' lang='lat' dir='ltr'>mandatum,</span> <span class='ocrx_word' id='word_1_501' title='bbox 2041 634 2097 666; x_wconf 89' lang='lat' dir='ltr'>sed</span> 
     </span>
     <span class='ocr_line' id='line_1_70' title="bbox 1125 674 2096 717; baseline 0.004 -12"><span class='ocrx_word' id='word_1_502' title='bbox 1125 674 1253 705; x_wconf 86' lang='lat' dir='ltr'>laudem</span> <span class='ocrx_word' id='word_1_503' title='bbox 1281 676 1385 715; x_wconf 87' lang='lat' dir='ltr'>operis</span> <span class='ocrx_word' id='word_1_504' title='bbox 1406 675 1550 707; x_wconf 84' lang='lat' dir='ltr'>vindicat</span> <span class='ocrx_word' id='word_1_505' title='bbox 1577 677 1633 706; x_wconf 92' lang='lat' dir='ltr'>uni</span> <span class='ocrx_word' id='word_1_506' title='bbox 1654 677 1731 708; x_wconf 92' lang='lat' dir='ltr'>Deo.</span> <span class='ocrx_word' id='word_1_507' title='bbox 1778 679 1886 717; x_wconf 86' lang='lat' dir='ltr'>Atque</span> <span class='ocrx_word' id='word_1_508' title='bbox 1915 678 1993 709; x_wconf 84' lang='lat' dir='ltr'>haec</span> <span class='ocrx_word' id='word_1_509' title='bbox 2013 678 2096 709; x_wconf 88' lang='lat' dir='ltr'>ratio</span> 
     </span>
     <span class='ocr_line' id='line_1_71' title="bbox 1125 717 2096 759; baseline 0.003 -11"><span class='ocrx_word' id='word_1_510' title='bbox 1125 717 1276 757; x_wconf 88' lang='lat' dir='ltr'>loquendi</span> <span class='ocrx_word' id='word_1_511' title='bbox 1302 723 1413 749; x_wconf 86' lang='lat' dir='ltr'>notatu</span> <span class='ocrx_word' id='word_1_512' title='bbox 1448 718 1548 759; x_wconf 82' lang='lat' dir='ltr'>digna</span> <span class='ocrx_word' id='word_1_513' title='bbox 1578 725 1645 757; x_wconf 82' lang='lat' dir='ltr'>est,</span> <span class='ocrx_word' id='word_1_514' title='bbox 1681 730 1721 750; x_wconf 84' lang='lat' dir='ltr'>ex</span> <span class='ocrx_word' id='word_1_515' title='bbox 1741 730 1805 759; x_wconf 89' lang='lat' dir='ltr'>qua</span> <span class='ocrx_word' id='word_1_516' title='bbox 1825 720 1978 751; x_wconf 78' lang='lat' dir='ltr'>discimus</span> <span class='ocrx_word' id='word_1_517' title='bbox 2001 721 2096 751; x_wconf 89' lang='lat' dir='ltr'>mini-</span> 
     </span>
     <span class='ocr_line' id='line_1_72' title="bbox 1126 761 2096 801; baseline 0.004 -11"><span class='ocrx_word' id='word_1_518' title='bbox 1126 766 1209 791; x_wconf 89' lang='lat' dir='ltr'>stros</span> <span class='ocrx_word' id='word_1_519' title='bbox 1222 761 1293 797; x_wconf 88' lang='lat' dir='ltr'>Dei,</span> <span class='ocrx_word' id='word_1_520' title='bbox 1318 761 1465 801; x_wconf 84' lang='lat' dir='ltr'>quamvis</span> <span class='ocrx_word' id='word_1_521' title='bbox 1486 761 1566 792; x_wconf 86' lang='lat' dir='ltr'>nihil</span> <span class='ocrx_word' id='word_1_522' title='bbox 1587 772 1626 792; x_wconf 78' lang='lat' dir='ltr'>ex</span> <span class='ocrx_word' id='word_1_523' title='bbox 1653 773 1687 792; x_wconf 88' lang='lat' dir='ltr'>se</span> <span class='ocrx_word' id='word_1_524' title='bbox 1713 763 1867 799; x_wconf 85' lang='lat' dir='ltr'>afferant,</span> <span class='ocrx_word' id='word_1_525' title='bbox 1895 774 1958 794; x_wconf 88' lang='lat' dir='ltr'>non</span> <span class='ocrx_word' id='word_1_526' title='bbox 1986 769 2096 794; x_wconf 85' lang='lat' dir='ltr'>tamen</span> 
     </span>
     <span class='ocr_line' id='line_1_73' title="bbox 1126 802 2096 844; baseline 0.004 -11"><span class='ocrx_word' id='word_1_527' title='bbox 1126 802 1237 834; x_wconf 86' lang='lat' dir='ltr'>ludere</span> <span class='ocrx_word' id='word_1_528' title='bbox 1263 814 1408 843; x_wconf 84' lang='lat' dir='ltr'>operam,</span> <span class='ocrx_word' id='word_1_529' title='bbox 1439 805 1514 843; x_wconf 84' lang='lat' dir='ltr'>quia</span> <span class='ocrx_word' id='word_1_530' title='bbox 1546 805 1679 844; x_wconf 87' lang='lat' dir='ltr'>spiritus</span> <span class='ocrx_word' id='word_1_531' title='bbox 1708 805 1851 837; x_wconf 80' lang='lat' dir='ltr'>efficacia</span> <span class='ocrx_word' id='word_1_532' title='bbox 1880 817 1953 837; x_wconf 92' lang='lat' dir='ltr'>cum</span> <span class='ocrx_word' id='word_1_533' title='bbox 1986 817 2096 837; x_wconf 86' lang='lat' dir='ltr'>eorum</span> 
     </span>
     <span class='ocr_line' id='line_1_74' title="bbox 1127 847 2097 889; baseline 0.004 -13"><span class='ocrx_word' id='word_1_534' title='bbox 1127 856 1203 877; x_wconf 88' lang='lat' dir='ltr'>voce</span> <span class='ocrx_word' id='word_1_535' title='bbox 1225 847 1396 877; x_wconf 89' lang='lat' dir='ltr'>coniuncta</span> <span class='ocrx_word' id='word_1_536' title='bbox 1416 852 1472 883; x_wconf 86' lang='lat' dir='ltr'>est,</span> <span class='ocrx_word' id='word_1_537' title='bbox 1499 858 1601 887; x_wconf 88' lang='lat' dir='ltr'>neque</span> <span class='ocrx_word' id='word_1_538' title='bbox 1621 857 1728 878; x_wconf 82' lang='lat' dir='ltr'>tamen</span> <span class='ocrx_word' id='word_1_539' title='bbox 1753 848 1824 878; x_wconf 90' lang='lat' dir='ltr'>ideo</span> <span class='ocrx_word' id='word_1_540' title='bbox 1843 849 2019 889; x_wconf 85' lang='lat' dir='ltr'>quidquam</span> <span class='ocrx_word' id='word_1_541' title='bbox 2043 849 2097 880; x_wconf 91' lang='lat' dir='ltr'>de-</span> 
     </span>
     <span class='ocr_line' id='line_1_75' title="bbox 1127 888 2097 932; baseline 0.004 -13"><span class='ocrx_word' id='word_1_542' title='bbox 1127 888 1219 919; x_wconf 87' lang='lat' dir='ltr'>libari</span> <span class='ocrx_word' id='word_1_543' title='bbox 1240 901 1279 920; x_wconf 83' lang='lat' dir='ltr'>ex</span> <span class='ocrx_word' id='word_1_544' title='bbox 1304 889 1365 920; x_wconf 91' lang='lat' dir='ltr'>Dei</span> <span class='ocrx_word' id='word_1_545' title='bbox 1389 890 1509 921; x_wconf 82' lang='lat' dir='ltr'>virtute</span> <span class='ocrx_word' id='word_1_546' title='bbox 1527 889 1610 930; x_wconf 91' lang='lat' dir='ltr'>quod</span> <span class='ocrx_word' id='word_1_547' title='bbox 1630 890 1668 921; x_wconf 89' lang='lat' dir='ltr'>ad</span> <span class='ocrx_word' id='word_1_548' title='bbox 1683 891 1768 930; x_wconf 88' lang='lat' dir='ltr'>ipsos</span> <span class='ocrx_word' id='word_1_549' title='bbox 1789 896 1948 922; x_wconf 85' lang='lat' dir='ltr'>transeat:</span> <span class='ocrx_word' id='word_1_550' title='bbox 1969 891 2097 932; x_wconf 87' lang='lat' dir='ltr'>quando</span> 
     </span>
     <span class='ocr_line' id='line_1_76' title="bbox 1127 932 2097 973; baseline 0.003 -11"><span class='ocrx_word' id='word_1_551' title='bbox 1127 932 1255 962; x_wconf 85' lang='lat' dir='ltr'>nonnisi</span> <span class='ocrx_word' id='word_1_552' title='bbox 1298 942 1420 972; x_wconf 60' lang='lat' dir='ltr'>organa</span> <span class='ocrx_word' id='word_1_553' title='bbox 1460 937 1536 963; x_wconf 90' lang='lat' dir='ltr'>sunt</span> <span class='ocrx_word' id='word_1_554' title='bbox 1576 944 1658 973; x_wconf 90' lang='lat' dir='ltr'>quae</span> <span class='ocrx_word' id='word_1_555' title='bbox 1695 934 1754 964; x_wconf 88' lang='lat' dir='ltr'>Dei</span> <span class='ocrx_word' id='word_1_556' title='bbox 1795 944 1895 965; x_wconf 90' lang='lat' dir='ltr'>manu</span> <span class='ocrx_word' id='word_1_557' title='bbox 1934 935 1965 965; x_wconf 88' lang='lat' dir='ltr'>in</span> <span class='ocrx_word' id='word_1_558' title='bbox 2002 945 2097 966; x_wconf 89' lang='lat' dir='ltr'>usum</span> 
     </span>
     <span class='ocr_line' id='line_1_77' title="bbox 1127 975 2097 1018; baseline 0.005 -14"><span class='ocrx_word' id='word_1_559' title='bbox 1127 985 1221 1005; x_wconf 88' lang='lat' dir='ltr'>suum</span> <span class='ocrx_word' id='word_1_560' title='bbox 1241 975 1455 1015; x_wconf 83' lang='lat' dir='ltr'>applicantur.</span> <span class='ocrx_word' id='word_1_561' title='bbox 1502 975 1557 1007; x_wconf 80' lang='lat' dir='ltr'>Sic</span> <span class='ocrx_word' id='word_1_562' title='bbox 1581 977 1690 1018; x_wconf 69' lang='lat' dir='ltr'>Moses</span> <span class='ocrx_word' id='word_1_563' title='bbox 1714 987 1777 1007; x_wconf 89' lang='lat' dir='ltr'>non</span> <span class='ocrx_word' id='word_1_564' title='bbox 1803 977 1923 1008; x_wconf 85' lang='lat' dir='ltr'>frustra</span> <span class='ocrx_word' id='word_1_565' title='bbox 1946 988 2005 1009; x_wconf 90' lang='lat' dir='ltr'>nec</span> <span class='ocrx_word' id='word_1_566' title='bbox 2028 979 2097 1009; x_wconf 85' lang='lat' dir='ltr'>ina-</span> 
     </span>
     <span class='ocr_line' id='line_1_78' title="bbox 1127 1017 2097 1059; baseline 0.005 -12"><span class='ocrx_word' id='word_1_567' title='bbox 1127 1017 1213 1048; x_wconf 91' lang='lat' dir='ltr'>niter</span> <span class='ocrx_word' id='word_1_568' title='bbox 1236 1024 1366 1049; x_wconf 81' lang='lat' dir='ltr'>extento</span> <span class='ocrx_word' id='word_1_569' title='bbox 1391 1018 1503 1049; x_wconf 86' lang='lat' dir='ltr'>baculo</span> <span class='ocrx_word' id='word_1_570' title='bbox 1533 1020 1696 1059; x_wconf 85' lang='lat' dir='ltr'>praecepit</span> <span class='ocrx_word' id='word_1_571' title='bbox 1730 1020 1862 1050; x_wconf 87' lang='lat' dir='ltr'>locustis</span> <span class='ocrx_word' id='word_1_572' title='bbox 1885 1026 1920 1050; x_wconf 83' lang='lat' dir='ltr'>ut</span> <span class='ocrx_word' id='word_1_573' title='bbox 1944 1020 2097 1052; x_wconf 84' lang='lat' dir='ltr'>ascende-</span> 
     </span>
     <span class='ocr_line' id='line_1_79' title="bbox 1127 1061 2097 1101; baseline 0.004 -11"><span class='ocrx_word' id='word_1_574' title='bbox 1127 1064 1209 1097; x_wconf 87' lang='lat' dir='ltr'>rent,</span> <span class='ocrx_word' id='word_1_575' title='bbox 1240 1061 1313 1100; x_wconf 85' lang='lat' dir='ltr'>quia</span> <span class='ocrx_word' id='word_1_576' title='bbox 1342 1062 1451 1091; x_wconf 82' lang='lat' dir='ltr'>statim</span> <span class='ocrx_word' id='word_1_577' title='bbox 1481 1063 1631 1101; x_wconf 81' lang='lat' dir='ltr'>apparuit</span> <span class='ocrx_word' id='word_1_578' title='bbox 1660 1063 1795 1093; x_wconf 87' lang='lat' dir='ltr'>effectus</span> <span class='ocrx_word' id='word_1_579' title='bbox 1825 1062 1979 1094; x_wconf 83' lang='lat' dir='ltr'>mandati.</span> <span class='ocrx_word' id='word_1_580' title='bbox 2032 1063 2097 1094; x_wconf 87' lang='lat' dir='ltr'>Ne-</span> 
     </span>
     <span class='ocr_line' id='line_1_80' title="bbox 1127 1104 2097 1147; baseline 0.004 -14"><span class='ocrx_word' id='word_1_581' title='bbox 1127 1113 1188 1142; x_wconf 88' lang='lat' dir='ltr'>que</span> <span class='ocrx_word' id='word_1_582' title='bbox 1212 1109 1321 1134; x_wconf 87' lang='lat' dir='ltr'>tamen</span> <span class='ocrx_word' id='word_1_583' title='bbox 1344 1104 1413 1144; x_wconf 86' lang='lat' dir='ltr'>ipse</span> <span class='ocrx_word' id='word_1_584' title='bbox 1436 1105 1558 1135; x_wconf 85' lang='lat' dir='ltr'>creavit</span> <span class='ocrx_word' id='word_1_585' title='bbox 1581 1105 1737 1141; x_wconf 86' lang='lat' dir='ltr'>locustas,</span> <span class='ocrx_word' id='word_1_586' title='bbox 1772 1116 1875 1145; x_wconf 88' lang='lat' dir='ltr'>neque</span> <span class='ocrx_word' id='word_1_587' title='bbox 1899 1106 2005 1137; x_wconf 77' lang='lat' dir='ltr'>baculi</span> <span class='ocrx_word' id='word_1_588' title='bbox 2029 1107 2097 1147; x_wconf 83' lang='lat' dir='ltr'>agi-</span> 
     </span>
     <span class='ocr_line' id='line_1_81' title="bbox 1127 1146 2097 1188; baseline 0.005 -12"><span class='ocrx_word' id='word_1_589' title='bbox 1127 1146 1247 1176; x_wconf 87' lang='lat' dir='ltr'>tatione</span> <span class='ocrx_word' id='word_1_590' title='bbox 1275 1157 1328 1177; x_wconf 86' lang='lat' dir='ltr'>eas</span> <span class='ocrx_word' id='word_1_591' title='bbox 1359 1147 1510 1181; x_wconf 73' lang='lat' dir='ltr'>attraxit.</span> <span class='ocrx_word' id='word_1_592' title='bbox 1545 1148 1601 1179; x_wconf 91' lang='lat' dir='ltr'>sed</span> <span class='ocrx_word' id='word_1_593' title='bbox 1636 1149 1776 1188; x_wconf 90' lang='lat' dir='ltr'>impulsu</span> <span class='ocrx_word' id='word_1_594' title='bbox 1806 1149 1895 1180; x_wconf 84' lang='lat' dir='ltr'>venti</span> <span class='ocrx_word' id='word_1_595' title='bbox 1929 1149 2097 1181; x_wconf 84' lang='lat' dir='ltr'>orientalis</span> 
     </span>
     <span class='ocr_line' id='line_1_82' title="bbox 1128 1188 2096 1231; baseline 0.004 -12"><span class='ocrx_word' id='word_1_596' title='bbox 1128 1188 1282 1220; x_wconf 87' lang='lat' dir='ltr'>divinitus</span> <span class='ocrx_word' id='word_1_597' title='bbox 1306 1195 1384 1220; x_wconf 87' lang='lat' dir='ltr'>sunt</span> <span class='ocrx_word' id='word_1_598' title='bbox 1409 1189 1574 1221; x_wconf 82' lang='lat' dir='ltr'>adductae.</span> <span class='ocrx_word' id='word_1_599' title='bbox 1619 1190 1695 1231; x_wconf 87' lang='lat' dir='ltr'>Ipsa</span> <span class='ocrx_word' id='word_1_600' title='bbox 1722 1196 1829 1222; x_wconf 80' lang='lat' dir='ltr'>autem</span> <span class='ocrx_word' id='word_1_601' title='bbox 1854 1191 1998 1223; x_wconf 81' lang='lat' dir='ltr'>collectio</span> <span class='ocrx_word' id='word_1_602' title='bbox 2029 1198 2096 1224; x_wconf 87' lang='lat' dir='ltr'>tam</span> 
     </span>
     <span class='ocr_line' id='line_1_83' title="bbox 1127 1231 2095 1272; baseline 0.004 -10"><span class='ocrx_word' id='word_1_603' title='bbox 1127 1231 1231 1262; x_wconf 86' lang='lat' dir='ltr'>subita</span> <span class='ocrx_word' id='word_1_604' title='bbox 1254 1238 1383 1272; x_wconf 89' lang='lat' dir='ltr'>praeter</span> <span class='ocrx_word' id='word_1_605' title='bbox 1406 1238 1541 1264; x_wconf 86' lang='lat' dir='ltr'>naturae</span> <span class='ocrx_word' id='word_1_606' title='bbox 1564 1234 1710 1264; x_wconf 84' lang='lat' dir='ltr'>ordinem</span> <span class='ocrx_word' id='word_1_607' title='bbox 1736 1234 1819 1265; x_wconf 87' lang='lat' dir='ltr'>haud</span> <span class='ocrx_word' id='word_1_608' title='bbox 1844 1234 1939 1265; x_wconf 82' lang='lat' dir='ltr'>dubie</span> <span class='ocrx_word' id='word_1_609' title='bbox 1969 1235 2095 1267; x_wconf 87' lang='lat' dir='ltr'>accidit.</span> 
     </span>
     <span class='ocr_line' id='line_1_84' title="bbox 1126 1274 2095 1316; baseline 0.005 -12"><span class='ocrx_word' id='word_1_610' title='bbox 1126 1274 1238 1314; x_wconf 91' lang='lat' dir='ltr'>Neque</span> <span class='ocrx_word' id='word_1_611' title='bbox 1270 1276 1355 1305; x_wconf 88' lang='lat' dir='ltr'>enim</span> <span class='ocrx_word' id='word_1_612' title='bbox 1390 1276 1417 1306; x_wconf 87' lang='lat' dir='ltr'>si</span> <span class='ocrx_word' id='word_1_613' title='bbox 1452 1281 1546 1307; x_wconf 87' lang='lat' dir='ltr'>vento</span> <span class='ocrx_word' id='word_1_614' title='bbox 1576 1276 1634 1307; x_wconf 89' lang='lat' dir='ltr'>has</span> <span class='ocrx_word' id='word_1_615' title='bbox 1665 1283 1772 1316; x_wconf 86' lang='lat' dir='ltr'>partes</span> <span class='ocrx_word' id='word_1_616' title='bbox 1803 1277 1973 1309; x_wconf 86' lang='lat' dir='ltr'>mandavit</span> <span class='ocrx_word' id='word_1_617' title='bbox 1996 1278 2095 1316; x_wconf 80' lang='lat' dir='ltr'>Deus,</span> 
     </span>
     <span class='ocr_line' id='line_1_85' title="bbox 1127 1317 2096 1358; baseline 0.005 -11"><span class='ocrx_word' id='word_1_618' title='bbox 1127 1317 1202 1348; x_wconf 89' lang='lat' dir='ltr'>inde</span> <span class='ocrx_word' id='word_1_619' title='bbox 1224 1318 1372 1357; x_wconf 87' lang='lat' dir='ltr'>protinus</span> <span class='ocrx_word' id='word_1_620' title='bbox 1396 1319 1541 1358; x_wconf 87' lang='lat' dir='ltr'>sequitur</span> <span class='ocrx_word' id='word_1_621' title='bbox 1566 1320 1624 1351; x_wconf 92' lang='lat' dir='ltr'>hoc</span> <span class='ocrx_word' id='word_1_622' title='bbox 1653 1331 1722 1351; x_wconf 89' lang='lat' dir='ltr'>esse</span> <span class='ocrx_word' id='word_1_623' title='bbox 1752 1320 1920 1351; x_wconf 89' lang='lat' dir='ltr'>usitatum.</span> <span class='ocrx_word' id='word_1_624' title='bbox 1966 1320 2096 1353; x_wconf 82' lang='lat' dir='ltr'>Scimus</span> 
     </span>
     <span class='ocr_line' id='line_1_86' title="bbox 1127 1360 2097 1403; baseline 0.004 -13"><span class='ocrx_word' id='word_1_625' title='bbox 1127 1360 1252 1391; x_wconf 83' lang='lat' dir='ltr'>Eurum</span> <span class='ocrx_word' id='word_1_626' title='bbox 1286 1361 1448 1391; x_wconf 86' lang='lat' dir='ltr'>salubrem</span> <span class='ocrx_word' id='word_1_627' title='bbox 1483 1373 1519 1393; x_wconf 82' lang='lat' dir='ltr'>ac</span> <span class='ocrx_word' id='word_1_628' title='bbox 1555 1363 1665 1393; x_wconf 89' lang='lat' dir='ltr'>mitem</span> <span class='ocrx_word' id='word_1_629' title='bbox 1700 1373 1769 1394; x_wconf 87' lang='lat' dir='ltr'>esse</span> <span class='ocrx_word' id='word_1_630' title='bbox 1805 1367 1953 1394; x_wconf 87' lang='lat' dir='ltr'>ventum:</span> <span class='ocrx_word' id='word_1_631' title='bbox 1995 1374 2097 1403; x_wconf 91' lang='lat' dir='ltr'>quan-</span> 
     </span>
     <span class='ocr_line' id='line_1_87' title="bbox 1127 1403 2094 1446; baseline 0.005 -13"><span class='ocrx_word' id='word_1_632' title='bbox 1127 1413 1223 1442; x_wconf 87' lang='lat' dir='ltr'>quam</span> <span class='ocrx_word' id='word_1_633' title='bbox 1258 1403 1397 1435; x_wconf 86' lang='lat' dir='ltr'>Iudaeae</span> <span class='ocrx_word' id='word_1_634' title='bbox 1432 1410 1579 1444; x_wconf 76' lang='lat' dir='ltr'>respectu</span> <span class='ocrx_word' id='word_1_635' title='bbox 1615 1406 1779 1437; x_wconf 89' lang='lat' dir='ltr'>interdum</span> <span class='ocrx_word' id='word_1_636' title='bbox 1813 1406 2008 1446; x_wconf 83' lang='lat' dir='ltr'>procellosus</span> <span class='ocrx_word' id='word_1_637' title='bbox 2037 1411 2094 1445; x_wconf 83' lang='lat' dir='ltr'>est,</span> 
     </span>
     <span class='ocr_line' id='line_1_88' title="bbox 1128 1447 2095 1489; baseline 0.005 -13"><span class='ocrx_word' id='word_1_638' title='bbox 1128 1456 1191 1476; x_wconf 88' lang='lat' dir='ltr'>non</span> <span class='ocrx_word' id='word_1_639' title='bbox 1215 1451 1323 1477; x_wconf 88' lang='lat' dir='ltr'>tamen</span> <span class='ocrx_word' id='word_1_640' title='bbox 1354 1447 1519 1487; x_wconf 84' lang='lat' dir='ltr'>probabile</span> <span class='ocrx_word' id='word_1_641' title='bbox 1546 1448 1691 1487; x_wconf 74' lang='lat' dir='ltr'>videtur,</span> <span class='ocrx_word' id='word_1_642' title='bbox 1718 1449 1766 1480; x_wconf 86' lang='lat' dir='ltr'>vel</span> <span class='ocrx_word' id='word_1_643' title='bbox 1790 1449 1913 1489; x_wconf 89' lang='lat' dir='ltr'>impetu</span> <span class='ocrx_word' id='word_1_644' title='bbox 1944 1449 2012 1481; x_wconf 86' lang='lat' dir='ltr'>eius</span> <span class='ocrx_word' id='word_1_645' title='bbox 2043 1450 2095 1481; x_wconf 90' lang='lat' dir='ltr'>vel</span> 
     </span>
     <span class='ocr_line' id='line_1_89' title="bbox 1128 1490 2095 1532; baseline 0.004 -13"><span class='ocrx_word' id='word_1_646' title='bbox 1128 1490 1310 1529; x_wconf 80' lang='lat' dir='ltr'>contagioso</span> <span class='ocrx_word' id='word_1_647' title='bbox 1351 1490 1431 1520; x_wconf 87' lang='lat' dir='ltr'>flatu</span> <span class='ocrx_word' id='word_1_648' title='bbox 1476 1491 1665 1531; x_wconf 72' lang='lat' dir='ltr'>Aegyptum</span> <span class='ocrx_word' id='word_1_649' title='bbox 1712 1492 1905 1523; x_wconf 79' lang='lat' dir='ltr'>naturaliter</span> <span class='ocrx_word' id='word_1_650' title='bbox 1950 1497 2095 1532; x_wconf 86' lang='lat' dir='ltr'>opertam</span> 
     </span>
     <span class='ocr_line' id='line_1_90' title="bbox 1126 1531 2094 1575; baseline 0.004 -13"><span class='ocrx_word' id='word_1_651' title='bbox 1126 1531 1227 1562; x_wconf 84' lang='lat' dir='ltr'>fuisse</span> <span class='ocrx_word' id='word_1_652' title='bbox 1257 1532 1399 1564; x_wconf 86' lang='lat' dir='ltr'>locustis.</span> <span class='ocrx_word' id='word_1_653' title='bbox 1452 1534 1516 1564; x_wconf 57' lang='lat' dir='ltr'>eod</span> <span class='ocrx_word' id='word_1_654' title='bbox 1544 1535 1613 1565; x_wconf 88' lang='lat' dir='ltr'>fieri</span> <span class='ocrx_word' id='word_1_655' title='bbox 1637 1540 1742 1574; x_wconf 85' lang='lat' dir='ltr'>potest</span> <span class='ocrx_word' id='word_1_656' title='bbox 1771 1542 1805 1565; x_wconf 89' lang='lat' dir='ltr'>ut</span> <span class='ocrx_word' id='word_1_657' title='bbox 1838 1535 1925 1566; x_wconf 87' lang='lat' dir='ltr'>Deus</span> <span class='ocrx_word' id='word_1_658' title='bbox 1953 1536 2094 1575; x_wconf 87' lang='lat' dir='ltr'>repenti-</span> 
     </span>
     <span class='ocr_line' id='line_1_91' title="bbox 1128 1574 2095 1618; baseline 0.005 -14"><span class='ocrx_word' id='word_1_659' title='bbox 1128 1585 1169 1605; x_wconf 90' lang='lat' dir='ltr'>no</span> <span class='ocrx_word' id='word_1_660' title='bbox 1200 1574 1326 1605; x_wconf 88' lang='lat' dir='ltr'>turbine</span> <span class='ocrx_word' id='word_1_661' title='bbox 1354 1576 1520 1615; x_wconf 79' lang='lat' dir='ltr'>ingentem</span> <span class='ocrx_word' id='word_1_662' title='bbox 1546 1577 1742 1608; x_wconf 81' lang='lat' dir='ltr'>locustarum</span> <span class='ocrx_word' id='word_1_663' title='bbox 1766 1578 1890 1618; x_wconf 86' lang='lat' dir='ltr'>copiam</span> <span class='ocrx_word' id='word_1_664' title='bbox 1914 1578 2095 1618; x_wconf 87' lang='lat' dir='ltr'>impellens,</span> 
     </span>
     <span class='ocr_line' id='line_1_92' title="bbox 1127 1618 2095 1662; baseline 0.006 -15"><span class='ocrx_word' id='word_1_665' title='bbox 1127 1618 1324 1658; x_wconf 87' lang='lat' dir='ltr'>propinquae</span> <span class='ocrx_word' id='word_1_666' title='bbox 1358 1619 1458 1650; x_wconf 87' lang='lat' dir='ltr'>eladis</span> <span class='ocrx_word' id='word_1_667' title='bbox 1491 1620 1620 1660; x_wconf 78' lang='lat' dir='ltr'>signum</span> <span class='ocrx_word' id='word_1_668' title='bbox 1655 1620 1781 1652; x_wconf 88' lang='lat' dir='ltr'>dederit</span> <span class='ocrx_word' id='word_1_669' title='bbox 1811 1621 1998 1662; x_wconf 75' lang='lat' dir='ltr'>Aegyptiis,</span> <span class='ocrx_word' id='word_1_670' title='bbox 2031 1632 2095 1662; x_wconf 91' lang='lat' dir='ltr'>quo</span> 
     </span>
     <span class='ocr_line' id='line_1_93' title="bbox 1127 1661 2095 1704; baseline 0.005 -13"><span class='ocrx_word' id='word_1_671' title='bbox 1127 1661 1330 1691; x_wconf 87' lang='lat' dir='ltr'>manifestius</span> <span class='ocrx_word' id='word_1_672' title='bbox 1350 1666 1435 1692; x_wconf 87' lang='lat' dir='ltr'>esset</span> <span class='ocrx_word' id='word_1_673' title='bbox 1458 1673 1520 1693; x_wconf 90' lang='lat' dir='ltr'>non</span> <span class='ocrx_word' id='word_1_674' title='bbox 1545 1663 1675 1694; x_wconf 85' lang='lat' dir='ltr'>aliunde</span> <span class='ocrx_word' id='word_1_675' title='bbox 1698 1675 1795 1703; x_wconf 85' lang='lat' dir='ltr'>quam</span> <span class='ocrx_word' id='word_1_676' title='bbox 1819 1675 1858 1694; x_wconf 82' lang='lat' dir='ltr'>ex</span> <span class='ocrx_word' id='word_1_677' title='bbox 1884 1665 1984 1696; x_wconf 87' lang='lat' dir='ltr'>Mosis</span> <span class='ocrx_word' id='word_1_678' title='bbox 2003 1675 2095 1704; x_wconf 89' lang='lat' dir='ltr'>prae-</span> 
     </span>
     <span class='ocr_line' id='line_1_94' title="bbox 1127 1703 2094 1747; baseline 0.004 -13"><span class='ocrx_word' id='word_1_679' title='bbox 1127 1703 1264 1735; x_wconf 87' lang='lat' dir='ltr'>dictione</span> <span class='ocrx_word' id='word_1_680' title='bbox 1295 1714 1349 1735; x_wconf 86' lang='lat' dir='ltr'>eas</span> <span class='ocrx_word' id='word_1_681' title='bbox 1379 1715 1449 1736; x_wconf 84' lang='lat' dir='ltr'>esse</span> <span class='ocrx_word' id='word_1_682' title='bbox 1487 1711 1626 1737; x_wconf 71' lang='lat' dir='ltr'>exortas.</span> <span class='ocrx_word' id='word_1_683' title='bbox 1683 1706 1776 1745; x_wconf 78' lang='lat' dir='ltr'>Quod</span> <span class='ocrx_word' id='word_1_684' title='bbox 1812 1707 1918 1738; x_wconf 88' lang='lat' dir='ltr'>nullas</span> <span class='ocrx_word' id='word_1_685' title='bbox 1953 1718 2094 1747; x_wconf 88' lang='lat' dir='ltr'>unquam</span> 
     </span>
     <span class='ocr_line' id='line_1_95' title="bbox 1127 1746 2095 1790; baseline 0.004 -13"><span class='ocrx_word' id='word_1_686' title='bbox 1127 1746 1206 1778; x_wconf 89' lang='lat' dir='ltr'>tales</span> <span class='ocrx_word' id='word_1_687' title='bbox 1228 1747 1327 1778; x_wconf 87' lang='lat' dir='ltr'>fuisse</span> <span class='ocrx_word' id='word_1_688' title='bbox 1350 1747 1436 1778; x_wconf 86' lang='lat' dir='ltr'>visas</span> <span class='ocrx_word' id='word_1_689' title='bbox 1460 1748 1545 1786; x_wconf 81' lang='lat' dir='ltr'>dicit,</span> <span class='ocrx_word' id='word_1_690' title='bbox 1570 1753 1601 1779; x_wconf 89' lang='lat' dir='ltr'>et</span> <span class='ocrx_word' id='word_1_691' title='bbox 1615 1749 1696 1780; x_wconf 83' lang='lat' dir='ltr'>tales</span> <span class='ocrx_word' id='word_1_692' title='bbox 1712 1750 1745 1780; x_wconf 92' lang='lat' dir='ltr'>in</span> <span class='ocrx_word' id='word_1_693' title='bbox 1770 1754 1934 1789; x_wconf 90' lang='lat' dir='ltr'>posterum</span> <span class='ocrx_word' id='word_1_694' title='bbox 1949 1760 2095 1790; x_wconf 89' lang='lat' dir='ltr'>unquam</span> 
     </span>
     <span class='ocr_line' id='line_1_96' title="bbox 1127 1790 2094 1831; baseline 0.006 -12"><span class='ocrx_word' id='word_1_695' title='bbox 1127 1790 1192 1820; x_wconf 88' lang='lat' dir='ltr'>fore</span> <span class='ocrx_word' id='word_1_696' title='bbox 1216 1795 1327 1830; x_wconf 81' lang='lat' dir='ltr'>negat,</span> <span class='ocrx_word' id='word_1_697' title='bbox 1363 1801 1426 1820; x_wconf 90' lang='lat' dir='ltr'>non</span> <span class='ocrx_word' id='word_1_698' title='bbox 1451 1791 1644 1822; x_wconf 84' lang='lat' dir='ltr'>adversatur</span> <span class='ocrx_word' id='word_1_699' title='bbox 1672 1793 1855 1824; x_wconf 87' lang='lat' dir='ltr'>sententiae</span> <span class='ocrx_word' id='word_1_700' title='bbox 1889 1793 1983 1825; x_wconf 85' lang='lat' dir='ltr'>Ioelis</span> <span class='ocrx_word' id='word_1_701' title='bbox 2008 1794 2035 1831; x_wconf 91' lang='lat'>1,</span> <span class='ocrx_word' id='word_1_702' title='bbox 2058 1793 2094 1825; x_wconf 87' lang='lat'>4:</span> 
     </span>
     <span class='ocr_line' id='line_1_97' title="bbox 1127 1833 2095 1876; baseline 0.006 -14"><span class='ocrx_word' id='word_1_703' title='bbox 1127 1833 1181 1873; x_wconf 88' lang='lat' dir='ltr'>qui</span> <span class='ocrx_word' id='word_1_704' title='bbox 1212 1833 1308 1863; x_wconf 86' lang='lat' dir='ltr'>etiam</span> <span class='ocrx_word' id='word_1_705' title='bbox 1339 1833 1479 1864; x_wconf 83' lang='lat' dir='ltr'>affirmat</span> <span class='ocrx_word' id='word_1_706' title='bbox 1508 1834 1571 1864; x_wconf 85' lang='lat' dir='ltr'>tale</span> <span class='ocrx_word' id='word_1_707' title='bbox 1595 1836 1780 1875; x_wconf 85' lang='lat' dir='ltr'>exemplum</span> <span class='ocrx_word' id='word_1_708' title='bbox 1806 1847 1970 1876; x_wconf 88' lang='lat' dir='ltr'>nunquam</span> <span class='ocrx_word' id='word_1_709' title='bbox 1996 1837 2095 1868; x_wconf 82' lang='lat' dir='ltr'>exsti-</span> 
     </span>
     <span class='ocr_line' id='line_1_98' title="bbox 1127 1876 2094 1917; baseline 0.004 -11"><span class='ocrx_word' id='word_1_710' title='bbox 1127 1877 1202 1907; x_wconf 88' lang='lat' dir='ltr'>tisse</span> <span class='ocrx_word' id='word_1_711' title='bbox 1232 1880 1266 1906; x_wconf 87' lang='lat' dir='ltr'>ut</span> <span class='ocrx_word' id='word_1_712' title='bbox 1297 1876 1462 1906; x_wconf 85' lang='lat' dir='ltr'>residuum</span> <span class='ocrx_word' id='word_1_713' title='bbox 1490 1887 1605 1908; x_wconf 88' lang='lat' dir='ltr'>erucae</span> <span class='ocrx_word' id='word_1_714' title='bbox 1636 1878 1818 1909; x_wconf 87' lang='lat' dir='ltr'>comederet</span> <span class='ocrx_word' id='word_1_715' title='bbox 1841 1879 1981 1917; x_wconf 86' lang='lat' dir='ltr'>locusta,</span> <span class='ocrx_word' id='word_1_716' title='bbox 2016 1880 2094 1910; x_wconf 87' lang='lat' dir='ltr'>resi-</span> 
     </span>
     <span class='ocr_line' id='line_1_99' title="bbox 1126 1918 2094 1959; baseline 0.004 -10"><span class='ocrx_word' id='word_1_717' title='bbox 1126 1918 1224 1949; x_wconf 87' lang='lat' dir='ltr'>duum</span> <span class='ocrx_word' id='word_1_718' title='bbox 1266 1919 1406 1949; x_wconf 85' lang='lat' dir='ltr'>locustae</span> <span class='ocrx_word' id='word_1_719' title='bbox 1446 1920 1627 1951; x_wconf 84' lang='lat' dir='ltr'>comederet</span> <span class='ocrx_word' id='word_1_720' title='bbox 1663 1920 1823 1959; x_wconf 87' lang='lat' dir='ltr'>bruchus,</span> <span class='ocrx_word' id='word_1_721' title='bbox 1865 1926 1896 1952; x_wconf 92' lang='lat' dir='ltr'>et</span> <span class='ocrx_word' id='word_1_722' title='bbox 1929 1922 2094 1953; x_wconf 89' lang='lat' dir='ltr'>residuum</span> 
     </span>
     <span class='ocr_line' id='line_1_100' title="bbox 1126 1961 2095 2003; baseline 0.004 -12"><span class='ocrx_word' id='word_1_723' title='bbox 1126 1961 1239 1992; x_wconf 84' lang='lat' dir='ltr'>bruchi</span> <span class='ocrx_word' id='word_1_724' title='bbox 1263 1961 1445 1992; x_wconf 84' lang='lat' dir='ltr'>comederet</span> <span class='ocrx_word' id='word_1_725' title='bbox 1469 1962 1560 1993; x_wconf 83' lang='lat' dir='ltr'>hasil.</span> <span class='ocrx_word' id='word_1_726' title='bbox 1607 1964 1718 2003; x_wconf 81' lang='lat' dir='ltr'>Neque</span> <span class='ocrx_word' id='word_1_727' title='bbox 1749 1965 1834 1995; x_wconf 85' lang='lat' dir='ltr'>enim</span> <span class='ocrx_word' id='word_1_728' title='bbox 1867 1964 1932 1996; x_wconf 91' lang='lat' dir='ltr'>illic</span> <span class='ocrx_word' id='word_1_729' title='bbox 1962 1965 2001 1995; x_wconf 89' lang='lat' dir='ltr'>de</span> <span class='ocrx_word' id='word_1_730' title='bbox 2031 1975 2095 1995; x_wconf 91' lang='lat' dir='ltr'>una</span> 
     </span>
     <span class='ocr_line' id='line_1_101' title="bbox 1127 2005 2092 2047; baseline 0.004 -13"><span class='ocrx_word' id='word_1_731' title='bbox 1127 2009 1250 2035; x_wconf 82' lang='lat' dir='ltr'>tantum</span> <span class='ocrx_word' id='word_1_732' title='bbox 1283 2014 1385 2044; x_wconf 80' lang='lat' dir='ltr'>poena</span> <span class='ocrx_word' id='word_1_733' title='bbox 1415 2005 1562 2043; x_wconf 82' lang='lat' dir='ltr'>disserit,</span> <span class='ocrx_word' id='word_1_734' title='bbox 1591 2007 1646 2036; x_wconf 77' lang='lat' dir='ltr'>sed</span> <span class='ocrx_word' id='word_1_735' title='bbox 1677 2006 1715 2037; x_wconf 86' lang='lat' dir='ltr'>de</span> <span class='ocrx_word' id='word_1_736' title='bbox 1747 2007 1834 2037; x_wconf 90' lang='lat' dir='ltr'>varia</span> <span class='ocrx_word' id='word_1_737' title='bbox 1863 2012 1893 2037; x_wconf 91' lang='lat' dir='ltr'>et</span> <span class='ocrx_word' id='word_1_738' title='bbox 1919 2007 2092 2047; x_wconf 84' lang='lat' dir='ltr'>multiplici</span> 
     </span>
     <span class='ocr_line' id='line_1_102' title="bbox 1126 2047 1375 2079; baseline -0.008 0"><span class='ocrx_word' id='word_1_739' title='bbox 1126 2047 1375 2079; x_wconf 84' lang='lat' dir='ltr'>continuatione.</span> 
     </span>
    </p>

    <p class='ocr_par' dir='ltr' id='par_1_12' title="bbox 1125 2090 2091 2646">
     <span class='ocr_line' id='line_1_103' title="bbox 1214 2090 2091 2130; baseline 0.006 -11"><span class='ocrx_word' id='word_1_740' title='bbox 1214 2091 1261 2121; x_wconf 82' lang='grc'>16,</span> <span class='ocrx_word' id='word_1_741' title='bbox 1289 2090 1373 2121; x_wconf 72' lang='lat' dir='ltr'>Tunc</span> <span class='ocrx_word' id='word_1_742' title='bbox 1393 2091 1551 2130; x_wconf 65' lang='lat' dir='ltr'>festinavit</span> <span class='ocrx_word' id='word_1_743' title='bbox 1576 2091 1712 2123; x_wconf 80' lang='lat' dir='ltr'>Pharao.</span> <span class='ocrx_word' id='word_1_744' title='bbox 1744 2093 1924 2123; x_wconf 80' lang='lat' dir='ltr'>Festinatio</span> <span class='ocrx_word' id='word_1_745' title='bbox 1948 2093 2028 2125; x_wconf 85' lang='lat' dir='ltr'>haec</span> <span class='ocrx_word' id='word_1_746' title='bbox 2051 2105 2091 2125; x_wconf 80' lang='lat' dir='ltr'>ex</span> 
     </span>
     <span class='ocr_line' id='line_1_104' title="bbox 1127 2133 2091 2175; baseline 0.004 -12"><span class='ocrx_word' id='word_1_747' title='bbox 1127 2133 1339 2173; x_wconf 83' lang='lat' dir='ltr'>trepidatione</span> <span class='ocrx_word' id='word_1_748' title='bbox 1362 2139 1393 2163; x_wconf 89' lang='lat' dir='ltr'>et</span> <span class='ocrx_word' id='word_1_749' title='bbox 1417 2138 1522 2171; x_wconf 83' lang='lat' dir='ltr'>metu,</span> <span class='ocrx_word' id='word_1_750' title='bbox 1553 2135 1627 2174; x_wconf 84' lang='lat' dir='ltr'>quia</span> <span class='ocrx_word' id='word_1_751' title='bbox 1657 2134 1697 2165; x_wconf 87' lang='lat' dir='ltr'>ad</span> <span class='ocrx_word' id='word_1_752' title='bbox 1720 2141 1866 2166; x_wconf 82' lang='lat' dir='ltr'>extrema</span> <span class='ocrx_word' id='word_1_753' title='bbox 1889 2146 1989 2175; x_wconf 88' lang='lat' dir='ltr'>usque</span> <span class='ocrx_word' id='word_1_754' title='bbox 2012 2147 2091 2168; x_wconf 89' lang='lat' dir='ltr'>ven-</span> 
     </span>
     <span class='ocr_line' id='line_1_105' title="bbox 1127 2178 2090 2217; baseline 0.004 -11"><span class='ocrx_word' id='word_1_755' title='bbox 1127 2181 1195 2207; x_wconf 88' lang='lat' dir='ltr'>tum</span> <span class='ocrx_word' id='word_1_756' title='bbox 1230 2182 1309 2211; x_wconf 80' lang='lat' dir='ltr'>erat,</span> <span class='ocrx_word' id='word_1_757' title='bbox 1344 2186 1402 2206; x_wconf 86' lang='lat' dir='ltr'>nce</span> <span class='ocrx_word' id='word_1_758' title='bbox 1436 2187 1558 2207; x_wconf 85' lang='lat' dir='ltr'>moram</span> <span class='ocrx_word' id='word_1_759' title='bbox 1594 2178 1777 2217; x_wconf 84' lang='lat' dir='ltr'>patiebatur</span> <span class='ocrx_word' id='word_1_760' title='bbox 1810 2178 1886 2208; x_wconf 89' lang='lat' dir='ltr'>mali</span> <span class='ocrx_word' id='word_1_761' title='bbox 1928 2180 2090 2211; x_wconf 83' lang='lat' dir='ltr'>atrocitas.</span> 
     </span>
     <span class='ocr_line' id='line_1_106' title="bbox 1126 2218 2091 2260; baseline 0.003 -10"><span class='ocrx_word' id='word_1_762' title='bbox 1126 2220 1197 2250; x_wconf 88' lang='lat' dir='ltr'>Hoc</span> <span class='ocrx_word' id='word_1_763' title='bbox 1231 2219 1330 2259; x_wconf 82' lang='lat' dir='ltr'>igitur</span> <span class='ocrx_word' id='word_1_764' title='bbox 1352 2218 1465 2249; x_wconf 84' lang='lat' dir='ltr'>ardore</span> <span class='ocrx_word' id='word_1_765' title='bbox 1489 2220 1684 2250; x_wconf 83' lang='lat' dir='ltr'>anxietatem</span> <span class='ocrx_word' id='word_1_766' title='bbox 1708 2231 1799 2251; x_wconf 83' lang='lat' dir='ltr'>suam</span> <span class='ocrx_word' id='word_1_767' title='bbox 1824 2221 1931 2260; x_wconf 88' lang='lat' dir='ltr'>prodit</span> <span class='ocrx_word' id='word_1_768' title='bbox 1954 2222 2091 2260; x_wconf 72' lang='lat' dir='ltr'>Pharao,</span> 
     </span>
     <span class='ocr_line' id='line_1_107' title="bbox 1126 2261 2090 2302; baseline 0.004 -10"><span class='ocrx_word' id='word_1_769' title='bbox 1126 2262 1180 2293; x_wconf 89' lang='lat' dir='ltr'>ubi</span> <span class='ocrx_word' id='word_1_770' title='bbox 1204 2261 1243 2292; x_wconf 84' lang='lat' dir='ltr'>ad</span> <span class='ocrx_word' id='word_1_771' title='bbox 1268 2261 1389 2297; x_wconf 83' lang='lat' dir='ltr'>Mosen,</span> <span class='ocrx_word' id='word_1_772' title='bbox 1414 2272 1509 2300; x_wconf 87' lang='lat' dir='ltr'>quem</span> <span class='ocrx_word' id='word_1_773' title='bbox 1534 2273 1637 2302; x_wconf 89' lang='lat' dir='ltr'>nuper</span> <span class='ocrx_word' id='word_1_774' title='bbox 1660 2263 1839 2302; x_wconf 79' lang='lat' dir='ltr'>expulerat.</span> <span class='ocrx_word' id='word_1_775' title='bbox 1876 2265 2090 2296; x_wconf 86' lang='lat' dir='ltr'>revocandum</span> 
     </span>
     <span class='ocr_line' id='line_1_108' title="bbox 1126 2304 2090 2347; baseline 0.003 -11"><span class='ocrx_word' id='word_1_776' title='bbox 1126 2316 1189 2336; x_wconf 86' lang='lat' dir='ltr'>nou</span> <span class='ocrx_word' id='word_1_777' title='bbox 1224 2304 1315 2335; x_wconf 89' lang='lat' dir='ltr'>modo</span> <span class='ocrx_word' id='word_1_778' title='bbox 1349 2310 1462 2343; x_wconf 79' lang='lat' dir='ltr'>sponte</span> <span class='ocrx_word' id='word_1_779' title='bbox 1499 2305 1650 2343; x_wconf 86' lang='lat' dir='ltr'>inclinat,</span> <span class='ocrx_word' id='word_1_780' title='bbox 1685 2305 1740 2336; x_wconf 81' lang='lat' dir='ltr'>sed</span> <span class='ocrx_word' id='word_1_781' title='bbox 1775 2307 1922 2338; x_wconf 85' lang='lat' dir='ltr'>celeriter</span> <span class='ocrx_word' id='word_1_782' title='bbox 1957 2309 2090 2347; x_wconf 82' lang='lat' dir='ltr'>rapitur.</span> 
     </span>
     <span class='ocr_line' id='line_1_109' title="bbox 1126 2347 2090 2390; baseline 0.004 -12"><span class='ocrx_word' id='word_1_783' title='bbox 1126 2348 1218 2387; x_wconf 81' lang='lat' dir='ltr'>Quae</span> <span class='ocrx_word' id='word_1_784' title='bbox 1252 2347 1420 2378; x_wconf 85' lang='lat' dir='ltr'>subiicitur</span> <span class='ocrx_word' id='word_1_785' title='bbox 1452 2348 1610 2378; x_wconf 75' lang='lat' dir='ltr'>confessio</span> <span class='ocrx_word' id='word_1_786' title='bbox 1651 2349 1779 2379; x_wconf 79' lang='lat' dir='ltr'>tametsi</span> <span class='ocrx_word' id='word_1_787' title='bbox 1815 2360 1855 2380; x_wconf 81' lang='lat' dir='ltr'>ex</span> <span class='ocrx_word' id='word_1_788' title='bbox 1886 2349 2005 2390; x_wconf 87' lang='lat' dir='ltr'>duplici</span> <span class='ocrx_word' id='word_1_789' title='bbox 2038 2351 2090 2382; x_wconf 87' lang='lat' dir='ltr'>vel</span> 
     </span>
     <span class='ocr_line' id='line_1_110' title="bbox 1126 2389 2090 2432; baseline 0.003 -11"><span class='ocrx_word' id='word_1_790' title='bbox 1126 2390 1228 2421; x_wconf 89' lang='lat' dir='ltr'>fallaci</span> <span class='ocrx_word' id='word_1_791' title='bbox 1253 2389 1346 2421; x_wconf 87' lang='lat' dir='ltr'>corde</span> <span class='ocrx_word' id='word_1_792' title='bbox 1371 2390 1525 2426; x_wconf 76' lang='lat' dir='ltr'>manavit,</span> <span class='ocrx_word' id='word_1_793' title='bbox 1552 2401 1614 2420; x_wconf 89' lang='lat' dir='ltr'>non</span> <span class='ocrx_word' id='word_1_794' title='bbox 1640 2391 1700 2421; x_wconf 89' lang='lat' dir='ltr'>fuit</span> <span class='ocrx_word' id='word_1_795' title='bbox 1723 2396 1828 2423; x_wconf 86' lang='lat' dir='ltr'>tamen</span> <span class='ocrx_word' id='word_1_796' title='bbox 1849 2403 1982 2432; x_wconf 82' lang='lat' dir='ltr'>prorsus</span> <span class='ocrx_word' id='word_1_797' title='bbox 2006 2394 2090 2425; x_wconf 84' lang='lat' dir='ltr'>ficta.</span> 
     </span>
     <span class='ocr_line' id='line_1_111' title="bbox 1126 2432 2091 2476; baseline 0.004 -12"><span class='ocrx_word' id='word_1_798' title='bbox 1126 2433 1237 2473; x_wconf 86' lang='lat' dir='ltr'>Neque</span> <span class='ocrx_word' id='word_1_799' title='bbox 1271 2432 1356 2463; x_wconf 89' lang='lat' dir='ltr'>enim</span> <span class='ocrx_word' id='word_1_800' title='bbox 1391 2432 1604 2463; x_wconf 84' lang='lat' dir='ltr'>dubitandum</span> <span class='ocrx_word' id='word_1_801' title='bbox 1641 2439 1689 2464; x_wconf 81' lang='lat' dir='ltr'>est</span> <span class='ocrx_word' id='word_1_802' title='bbox 1724 2435 1798 2474; x_wconf 89' lang='lat' dir='ltr'>quin</span> <span class='ocrx_word' id='word_1_803' title='bbox 1836 2434 1885 2476; x_wconf 88' lang='lat' dir='ltr'>(ut</span> <span class='ocrx_word' id='word_1_804' title='bbox 1917 2437 1976 2467; x_wconf 87' lang='lat' dir='ltr'>sibi</span> <span class='ocrx_word' id='word_1_805' title='bbox 2009 2438 2091 2468; x_wconf 83' lang='lat' dir='ltr'>male</span> 
     </span>
     <span class='ocr_line' id='line_1_112' title="bbox 1125 2475 2091 2519; baseline 0.004 -13"><span class='ocrx_word' id='word_1_806' title='bbox 1125 2476 1271 2507; x_wconf 89' lang='lat' dir='ltr'>conscius</span> <span class='ocrx_word' id='word_1_807' title='bbox 1301 2480 1370 2505; x_wconf 87' lang='lat' dir='ltr'>erat</span> <span class='ocrx_word' id='word_1_808' title='bbox 1400 2475 1540 2515; x_wconf 83' lang='lat' dir='ltr'>Pharao)</span> <span class='ocrx_word' id='word_1_809' title='bbox 1574 2477 1660 2506; x_wconf 71' lang='lat' dir='ltr'>Deus</span> <span class='ocrx_word' id='word_1_810' title='bbox 1693 2488 1799 2507; x_wconf 81' lang='lat' dir='ltr'>vocem</span> <span class='ocrx_word' id='word_1_811' title='bbox 1832 2479 1914 2510; x_wconf 83' lang='lat' dir='ltr'>hanc</span> <span class='ocrx_word' id='word_1_812' title='bbox 1945 2480 2091 2519; x_wconf 86' lang='lat' dir='ltr'>perculso</span> 
     </span>
     <span class='ocr_line' id='line_1_113' title="bbox 1125 2518 2091 2558; baseline 0.004 -9"><span class='ocrx_word' id='word_1_813' title='bbox 1125 2524 1156 2550; x_wconf 86' lang='lat' dir='ltr'>et</span> <span class='ocrx_word' id='word_1_814' title='bbox 1190 2518 1325 2558; x_wconf 77' lang='lat' dir='ltr'>flagellis</span> <span class='ocrx_word' id='word_1_815' title='bbox 1359 2523 1468 2549; x_wconf 82' lang='lat' dir='ltr'>coacto</span> <span class='ocrx_word' id='word_1_816' title='bbox 1503 2520 1689 2549; x_wconf 67' lang='lat' dir='ltr'>extorserit:</span> <span class='ocrx_word' id='word_1_817' title='bbox 1737 2520 1881 2552; x_wconf 64' lang='lat' dir='ltr'>Pei-cavi.</span> <span class='ocrx_word' id='word_1_818' title='bbox 1938 2522 2091 2553; x_wconf 76' lang='lat' dir='ltr'>&#39;Ponenda</span> 
     </span>
     <span class='ocr_line' id='line_1_114' title="bbox 1126 2560 2090 2606; baseline 0.003 -13"><span class='ocrx_word' id='word_1_819' title='bbox 1126 2562 1211 2593; x_wconf 89' lang='lat' dir='ltr'>enim</span> <span class='ocrx_word' id='word_1_820' title='bbox 1242 2566 1290 2592; x_wconf 88' lang='lat' dir='ltr'>est</span> <span class='ocrx_word' id='word_1_821' title='bbox 1320 2560 1499 2597; x_wconf 75' lang='lat' dir='ltr'>distinctio,</span> <span class='ocrx_word' id='word_1_822' title='bbox 1535 2572 1628 2601; x_wconf 79' lang='lat' dir='ltr'>quam</span> <span class='ocrx_word' id='word_1_823' title='bbox 1664 2568 1738 2592; x_wconf 84' lang='lat' dir='ltr'>ante</span> <span class='ocrx_word' id='word_1_824' title='bbox 1769 2565 1858 2602; x_wconf 83' lang='lat' dir='ltr'>posui</span> <span class='ocrx_word' id='word_1_825' title='bbox 1882 2565 1966 2595; x_wconf 86' lang='lat' dir='ltr'>inter</span> <span class='ocrx_word' id='word_1_826' title='bbox 1988 2565 2090 2606; x_wconf 83' lang='lat' dir='ltr'>hypo-</span> 
     </span>
     <span class='ocr_line' id='line_1_115' title="bbox 1126 2603 2090 2646; baseline 0.004 -11"><span class='ocrx_word' id='word_1_827' title='bbox 1126 2605 1233 2642; x_wconf 81' lang='lat' dir='ltr'>critas,</span> <span class='ocrx_word' id='word_1_828' title='bbox 1257 2603 1370 2643; x_wconf 89' lang='lat' dir='ltr'>quibus</span> <span class='ocrx_word' id='word_1_829' title='bbox 1394 2604 1524 2635; x_wconf 86' lang='lat' dir='ltr'>mentiri</span> <span class='ocrx_word' id='word_1_830' title='bbox 1548 2609 1577 2635; x_wconf 83' lang='lat' dir='ltr'>et</span> <span class='ocrx_word' id='word_1_831' title='bbox 1602 2605 1713 2635; x_wconf 78' lang='lat' dir='ltr'>fallere</span> <span class='ocrx_word' id='word_1_832' title='bbox 1734 2607 1933 2646; x_wconf 84' lang='lat' dir='ltr'>propositum</span> <span class='ocrx_word' id='word_1_833' title='bbox 1957 2613 2014 2645; x_wconf 83' lang='lat' dir='ltr'>est,</span> <span class='ocrx_word' id='word_1_834' title='bbox 2038 2607 2090 2638; x_wconf 81' lang='lat' dir='ltr'>vel</span> 
     </span>
    </p>
   </div>
  </div>
 </body>
</html>
