2304 3034
182 182 243 212 727

177 284 235 314 pro
259 272 405 305 cordibus
429 270 563 311 lapideis
585 279 702 300 carnea
724 267 818 298 nobis
841 265 1005 303 indiderit,
1030 267 1150 298 frustra

177 315 354 357 praeceptis
377 314 592 344 verberantur
611 322 713 348 aures,
733 320 813 350 quae
833 320 890 350 pro
906 309 1030 350 ingenii
1048 310 1149 341 nostri

178 359 336 399 pravitate
366 362 432 386 toto
461 356 577 386 affectu
607 354 797 394 respuimus.
843 352 907 384 Ubi
931 358 1039 383 autem
1062 353 1150 384 intus

176 400 324 433 cordibus
346 399 448 439 legem
472 408 565 429 suam
588 396 767 436 insculpsit,
790 395 887 427 simul
910 395 1041 435 prodest
1062 400 1150 427 exte-

177 445 242 474 rior
270 442 429 473 doctrina:
461 441 506 472 sic
535 440 623 471 enim
646 439 728 470 filios
752 449 827 470 suos
849 438 1009 479 gubernat
1033 438 1150 478 spiritu

176 484 441 526 regenerationis,
467 488 500 514 ut
523 482 621 514 simul
644 487 750 512 tamen
776 481 854 512 velit
875 481 915 512 ad
940 491 1050 513 vocem
1073 491 1150 521 quo-

176 538 237 568 que
265 537 354 558 suam
385 537 455 557 esse
484 530 625 557 attentos
649 529 680 555 et
704 524 831 555 dociles.
878 523 1052 555 Caeterum
1075 523 1150 563 quia

176 571 270 611 longe
302 579 430 610 semper
461 569 578 600 absunt
610 579 628 599 a
658 567 801 608 perfecta
831 567 900 598 eius
926 566 1150 598 observatione

175 624 239 644 non
260 617 385 643 tantum
405 623 445 642 ex
465 621 501 642 ea
526 611 655 642 discunt
679 609 755 650 quid
774 614 900 641 rectum
924 609 976 644 sit,
998 609 1054 640 sed
1077 619 1149 650 gra—

175 658 255 687 tuita
273 654 491 686 misericordia
514 664 593 694 opus
617 663 694 691 esse,
720 656 755 683 ut
777 663 835 692 per
858 652 1094 692 indulgentiam
1119 656 1150 683 et

175 699 300 729 veniam
329 697 492 738 placeant,
525 696 675 736 quamvis
705 695 826 726 multae
858 695 1058 726 infirmitatis
1088 695 1149 726 sibi

174 741 279 772 adhuc
292 741 356 771 sint
375 740 503 772 conscii.
540 740 641 770 Porro
660 738 735 778 quia
755 738 883 770 videtur
903 737 1026 768 Paulus
1045 738 1149 778 legem

175 785 337 824 abrogare,
363 793 398 813 ac
422 783 448 813 si
471 782 566 813 hodie
590 781 629 813 ad
653 781 764 812 fideles
789 791 852 812 non
876 781 1046 821 pertineat,
1071 791 1149 820 quo-

173 837 272 866 usque
302 826 334 856 id
362 829 471 865 pateat
499 824 673 856 videndum
701 828 758 855 est.
812 825 860 855 Ac
890 823 992 863 primo
1021 823 1149 863 quidem

173 870 322 910 colligere
361 872 542 908 promptum
579 872 642 904 est,
685 878 750 898 non
783 866 973 907 simpliciter
1007 866 1046 897 de
1079 866 1150 907 lege

175 923 249 943 eum
281 911 461 951 disputare,
492 910 548 942 scd
579 921 650 942 eam
679 920 860 950 proponere
890 910 957 941 suis
985 909 1150 949 qualitati-

174 955 234 986 bus
264 955 423 991 vestitam,
454 959 613 994 quatenus
645 953 813 994 evangelio
837 953 1020 993 opponitur.
1066 952 1150 984 Nam

176 1008 273 1038 quum
303 1002 467 1028 certamen
498 996 631 1027 haberet
656 1006 729 1028 cum
760 995 855 1026 malis
874 995 943 1027 eius
967 995 1151 1035 interpreti-

175 1041 243 1077 bus,
279 1051 343 1071 non
369 1039 472 1079 potuit
491 1040 633 1079 effugere
657 1039 733 1078 quin
758 1043 912 1078 tanquam
936 1049 987 1069 res
1010 1038 1095 1069 inter
1118 1048 1151 1069 se

175 1083 354 1114 contrarias
387 1083 605 1114 committeret
633 1082 738 1122 legem
767 1086 799 1112 et
829 1081 1054 1122 evangelium:
1087 1091 1151 1112 non

176 1125 259 1166 quod
294 1126 378 1156 inter
413 1136 446 1157 se
478 1129 639 1165 pugnent,
671 1125 697 1155 si
732 1125 803 1164 quis
839 1124 952 1155 dextre
982 1125 1152 1164 utriusque

177 1169 354 1200 doctrinam
375 1168 415 1199 ad
434 1169 597 1208 propriam
621 1167 716 1198 fidem
741 1166 974 1198 accommodet:
998 1166 1053 1198 sed
1077 1166 1153 1207 quia

178 1222 217 1242 ex
243 1216 452 1251 praepostera
475 1211 649 1249 mixtione,
680 1221 777 1250 quam
801 1210 993 1250 ingerebant
1016 1209 1151 1250 pseudo-

178 1254 326 1295 apostoli,
358 1254 522 1285 oriebatur
543 1253 615 1285 talis
639 1253 816 1285 conflictus,
862 1252 1026 1284 Volebant
1048 1252 1151 1283 homi-

178 1308 234 1328 nes
260 1297 427 1328 iustificari
457 1297 607 1337 operibus
635 1296 733 1337 legis:
753 1295 838 1336 quod
861 1296 888 1326 si
908 1296 1020 1327 fuisset
1043 1306 1151 1336 recep-

178 1345 255 1377 tum,
280 1340 467 1371 abolebatur
490 1339 563 1370 fidei
588 1340 720 1377 iustitia,
745 1343 840 1379 atque
863 1338 923 1370 hoc
937 1337 1029 1370 modo
1053 1349 1151 1370 evan-

178 1383 298 1424 gelium
345 1382 540 1414 concidebat.
600 1382 770 1423 Urgebant
822 1385 991 1422 praeterea
1038 1381 1149 1422 iugum

177 1426 279 1456 veteri
309 1425 427 1466 populo
457 1425 662 1465 impositum,
692 1435 729 1456 ac
759 1425 785 1455 si
814 1424 903 1455 nulla
926 1424 1049 1456 Christi
1079 1434 1152 1455 san-

178 1469 277 1509 guine
307 1473 399 1508 parta
429 1468 543 1499 fuisset
573 1468 715 1499 libertas.
760 1468 799 1498 In
830 1467 890 1499 hac
920 1467 1152 1507 disceptatione

178 1521 307 1542 necesse
341 1511 455 1542 habuit
484 1511 606 1542 Paulus
637 1515 765 1542 tantum
797 1521 924 1542 sumere
954 1510 1037 1550 quod
1068 1509 1152 1541 Mosi

178 1554 340 1595 peculiare
374 1559 439 1594 est,
470 1558 502 1585 ct
531 1565 549 1585 a
580 1554 710 1585 Christo
742 1558 935 1593 separatum.
990 1552 1150 1592 Quamvis

177 1598 262 1628 enim
296 1598 381 1628 inter
414 1607 447 1628 se
477 1597 598 1637 optime
626 1597 829 1628 consentiant
858 1596 892 1627 in
922 1606 1049 1627 summa
1081 1595 1151 1627 doc-

178 1640 283 1671 trinae
307 1639 460 1671 Christus
483 1646 513 1670 et
537 1640 660 1678 Moses,
693 1639 746 1670 ubi
770 1644 877 1670 tamen
902 1639 984 1669 alter
1007 1649 1079 1670 eum
1103 1638 1149 1669 al-

178 1690 246 1714 tero
264 1683 437 1721 confertur,
454 1693 598 1714 seorsum
618 1683 816 1723 distinguere
839 1681 991 1714 convenit
1009 1680 1086 1722 quid
1108 1681 1149 1712 sit

921 173 1045 206 FINIS
1069 174 1128 206 ΕΤ
1148 174 1264 207 USUS
1289 175 1438 208 LEGIS.

2112 174 2174 206 728

1203 269 1316 309 cuique
1341 269 1515 308 proprium.
1561 268 1632 299 Hoc
1660 271 1808 307 respectu
1835 267 1958 299 Paulus
1985 267 2090 309 legem
2115 279 2174 302 vo-

1203 315 1255 342 cat
1274 311 1432 342 literalem
1452 310 1494 351 (2.
1519 311 1591 342 Cor.
1616 311 1644 348 3,
1671 309 1711 352 7),
1736 310 1810 350 quia
1833 309 1913 341 nihil
1938 310 2023 341 Mosi
2045 311 2174 343 iniunc-

1204 359 1274 384 tum
1311 353 1373 385 fuit
1410 364 1506 394 quam
1545 358 1579 385 ut
1607 354 1794 393 loqueretur
1824 353 1885 384 Dei
1915 353 2060 384 nomine:
2086 354 2173 394 quod

1203 407 1260 436 per
1279 406 1395 440 se‚non
1419 397 1513 428 modo
1536 396 1651 427 inutile
1674 400 1732 433 est,
1755 395 1811 426 sed
1835 395 1932 426 etiam
1955 395 2174 428 mortiferum:

1203 440 1277 479 quia
1308 439 1363 470 ubi
1394 449 1457 470 vox
1488 443 1612 470 tantuin
1647 438 1680 469 in
1705 438 1837 469 auribus
1860 442 2020 478 personat,
2045 439 2175 470 nonnisi

1204 482 1444 513 damnationem
1463 482 1578 522 gignit.
1614 480 1748 517 Deinde,
1769 480 1874 521 legem
1897 481 2077 512 considerat
2099 492 2175 522 pro-

1203 524 1411 556 missionibus
1446 530 1478 556 et
1511 525 1606 555 minis
1640 523 1840 564 implicitam.
1893 523 1988 555 Unde
2018 524 2173 564 sequitur,

1203 567 1340 599 salutem
1374 579 1414 598 ex
1445 577 1482 598 ea
1513 568 1605 598 aliter
1634 577 1700 597 non
1729 576 1821 605 posse
1852 567 2046 606 comparari,
2077 577 2174 607 quam

1202 610 1229 641 si
1259 610 1346 641 omni
1375 621 1416 641 ex
1439 614 1531 650 parte
1554 609 1754 641 satisfactum
1778 608 1875 640 suerit
1893 609 1961 641 eius
1984 609 2173 650 praeceptis.

1205 653 1279 683 Vita
1310 652 1438 693 quidem
1468 653 1533 683 illic
1561 652 1773 692 promittitur,
1804 651 1860 682 sed
1888 662 1952 682 non
1976 651 2039 683 nisi
2059 651 2175 692 imple-

1203 698 1274 726 tum
1313 695 1409 727 fuerit
1450 695 1603 736 quidquid
1639 694 1744 725 iubet:
1779 698 1892 726 contra
1925 705 2003 726 vero
2036 700 2174 726 mortem

1203 738 1376 770 denunciat
1410 738 1718 778 transgressoribus,
1753 741 1788 768 ut
1816 736 1856 768 ad
1887 737 2064 777 quemlibet
2087 738 2175 769 dam-

1203 780 1347 812 nandum
1381 784 1413 812 et
1442 780 1642 821 perdendum
1673 779 1825 818 sufficiat,
1856 779 1890 810 in
1920 780 2054 811 minimo
2084 781 2174 821 apice

1203 824 1331 863 lapsum
1363 834 1445 855 esse:
1479 824 1524 855 ita
1554 824 1590 854 fit
1609 827 1644 854 ut
1667 833 1779 853 omnes
1801 822 2024 863 desperatione
2048 823 2173 855 obruat.

1204 867 1370 898 Postremo
1394 868 1470 907 quia
1492 866 1729 905 caeremoniae,
1763 865 1878 905 quibus
1909 866 1999 897 Deus
2029 869 2175 898 veterem

1204 909 1373 950 populum,
1405 915 1558 949 tanquam
1590 908 1782 940 rudimentis
1801 908 1991 949 puerilibus,
2014 907 2054 939 ad
2077 908 2175 940 fidem

1204 952 1365 992 evangelii
1388 952 1554 989 formavit,
1577 952 1641 992 legi
1664 952 1798 982 fuerunt
1821 961 1977 989 annexae,
2001 961 2054 983 eas
2077 952 2175 983 etiam

1205 995 1327 1026 Paulus
1357 995 1582 1035 complectitur
1604 995 1637 1025 in
1660 994 1897 1034 comparatione
1917 993 1998 1034 legis
2021 1000 2053 1025 et
2075 1004 2175 1026 evan-

1205 1038 1289 1078 gelii.
1335 1038 1421 1069 Hinc
1444 1039 1602 1077 sequitur,
1631 1041 1791 1077 quatenus
1814 1036 2008 1068 discernitur
2030 1037 2138 1070 Moses
2156 1047 2175 1068 a

1205 1081 1347 1118 Christo,
1368 1081 1582 1111 ministerium
1602 1080 1670 1111 eius
1694 1089 1843 1117 cessasse,
1868 1080 2016 1119 quamvis
2038 1079 2175 1112 eandem

1206 1134 1268 1164 qua
1302 1123 1433 1154 tandem
1468 1123 1656 1163 perfunctus
1690 1126 1739 1154 est
1772 1122 1944 1160 Christus,
1978 1122 2175 1163 legationem

1205 1166 1328 1197 obierit.
1375 1167 1424 1197 De
1447 1166 1655 1198 caeremoniis
1679 1166 1725 1197 sic
1748 1165 1951 1204 habendum,
1974 1165 2072 1197 finem
2094 1165 2175 1206 ipsis

1205 1208 1389 1250 impositum
1413 1209 1510 1240 fuisse
1535 1208 1656 1240 Christi
1681 1208 1838 1246 adventu,
1863 1212 1898 1239 ut
1920 1218 2032 1239 earum
2055 1209 2175 1240 veritas

1205 1252 1319 1283 melius
1343 1252 1487 1283 stabilita
1510 1252 1606 1282 fuerit
1629 1261 1723 1292 quam
1744 1251 1770 1282 si
1790 1261 1867 1282 usus
1890 1250 1995 1282 adhuc
2019 1255 2173 1283 maneret.

1205 1295 1288 1326 Nam
1318 1295 1351 1325 in
1380 1294 1444 1326 illis
1474 1298 1625 1334 tanquam
1656 1295 1691 1324 in
1720 1293 1848 1334 speculo
1871 1293 2075 1334 agnoscimus
2098 1293 2176 1325 olim

1203 1338 1301 1369 fuisse
1328 1341 1493 1369 ostensum
1524 1337 1668 1376 patribus
1698 1336 1782 1377 quod
1817 1347 1904 1368 nunc
1932 1347 1966 1368 re
1989 1337 2060 1377 ipsa
2082 1335 2175 1368 nobis

1204 1380 1383 1411 exhibitum
1419 1386 1476 1411 est.
1528 1379 1622 1411 Unde
1653 1385 1786 1420 apparet
1813 1379 1953 1410 multum
1982 1389 2034 1411 eos
2065 1389 2176 1411 errare

1204 1424 1257 1463 qui
1278 1428 1401 1463 partem
1423 1423 1505 1454 hanc
1525 1422 1689 1454 doctrinae
1708 1432 1788 1462 quae
1808 1422 1893 1462 apud
1912 1422 2026 1454 Mosen
2045 1421 2176 1463 legitur,

1205 1472 1356 1506 tanquam
1379 1466 1528 1497 inutilem
1551 1476 1682 1505 prorsus
1706 1464 1896 1506 repudiant,
1920 1475 1980 1497 nec
2003 1465 2107 1506 magis
2129 1464 2176 1496 fe-

1203 1509 1320 1540 rendas
1339 1519 1408 1540 esse
1427 1518 1539 1540 corum
1566 1508 1691 1540 delitias
1714 1508 1768 1548 qui
1791 1518 1863 1539 eam
1885 1508 2066 1540 fastidiunt.
2097 1506 2177 1539 Cae-

1203 1557 1272 1583 tera
1301 1562 1381 1592 quae
1412 1551 1451 1583 ad
1481 1551 1578 1582 huius
1609 1551 1668 1583 loci
1700 1550 1948 1592 explicationem
1970 1551 2104 1590 faciunt,
2133 1561 2176 1582 ex

1202 1594 1284 1625 libro
1322 1594 1462 1626 secundo
1486 1594 1724 1633 Institutionis,
1762 1594 1868 1634 eapite
1896 1594 2031 1634 septimo
2061 1596 2177 1635 petant

1201 1637 1343 1669 lectores.

893 2619 1129 2653 BRUNSVIGAE,
1150 2620 1250 2647 TYPIS
1268 2620 1303 2646 M.
1323 2619 1477 2647 BRUHNII.
