2304 3034
167 166 228 197 467

166 262 193 291 et
236 258 371 291 custodia
407 265 510 287 eornm
551 254 608 285 erit
643 263 702 293 per
736 262 863 283 manum
899 252 1043 285 Ithamar
1076 254 1138 293 filii

168 301 300 334 Alzaron
322 298 494 330 sacerdotis.

422 467 486 499 EX
510 465 673 497 EODEM
698 464 874 497 OAPITE.

252 554 302 585 31.
334 554 417 584 Haec
457 555 560 583 autem
594 552 652 582 erit
684 552 823 582 custodia
864 552 966 583 oneris
998 551 1137 590 filiorum

171 598 303 635 Merari,
327 607 387 636 pro
417 595 588 626 ministerio
614 603 719 625 eorum
744 595 775 624 in
799 594 991 626 tabernaculo
1013 605 1136 627 conven-

168 641 276 677 tionis,
306 639 425 671 tabulae
448 637 645 675 tabernaculi,
669 639 694 667 ct
717 639 811 668 vectes
832 638 908 675 eius,
932 640 959 669 et
981 637 1137 670 columnae

167 685 243 721 eins,
266 685 292 714 et
314 683 400 713 bases
422 682 497 712 eius.
543 681 593 711 32.
616 679 782 711 Columnae
806 681 878 711 item
901 681 977 712 atrii
996 690 1056 720 per
1079 682 1136 712 cir-

167 728 293 763 cuitum,
323 728 349 756 ei
373 725 460 756 bases
484 734 599 760 earum,
631 725 658 753 ct
679 723 759 754 clavi
780 734 898 760 earum,
923 726 950 755 et
970 723 1063 763 funes
1087 735 1136 755 ea-

167 780 247 806 rum,
272 779 339 799 cum
362 768 500 798 omnibus
522 767 738 797 instrumentis
760 776 878 802 earum,
900 769 926 797 et
944 776 1029 797 omne
1046 767 1138 797 mini-

168 813 295 845 sterium
325 820 446 848 earum,
470 812 496 841 et
514 819 573 848 per
594 809 720 839 nomina
742 809 921 840 numerabis
941 820 1019 840 vasa
1041 812 1136 841 custo-

169 856 239 887 diae
251 855 351 886 oneris
361 863 474 884 eorum.
498 853 548 883 33.
564 852 629 883 Hoc
641 852 699 882 erit
714 852 923 883 ministerium
938 852 1138 891 familiarum

169 899 305 936 filiorum
319 896 448 932 Merari,
462 896 551 926 iuxta
563 905 648 926 omne
659 895 869 926 ministerium
881 905 985 926 eorum
997 895 1029 926 in
1042 895 1139 926 taber-

168 942 277 973 naculo
299 939 500 971 conventionis
517 948 578 978 per
601 948 728 969 manum
752 937 897 969 Itlzamar
923 938 985 977 filii
1007 938 1139 970 Aliaron

166 984 338 1017 sacerdotis.

253 1069 283 1100 4.
308 1068 399 1099 Istud
429 1068 487 1099 erit
512 1077 588 1106 opus
613 1066 752 1106 filiorum
788 1066 911 1098 Celzatlz.
964 1065 1140 1098 Distribuit

169 1122 303 1144 munera
327 1111 412 1142 inter
431 1111 578 1148 Levitae,
607 1110 749 1150 primum
774 1121 814 1140 ne
838 1109 1021 1149 promiscua
1045 1109 1139 1140 sedu-

169 1156 243 1187 litas
264 1154 485 1186 confusionem
499 1154 611 1194 pariat,
638 1153 754 1184 deinde
778 1163 817 1184 ne
841 1152 974 1183 ambitio
997 1152 1141 1193 singulos

170 1197 367 1234 exstimulet‚
383 1196 467 1227 unde
486 1196 665 1227 certamina
678 1200 710 1226 et
722 1196 947 1227 contentiones
959 1202 1139 1236 emergant.

170 1242 299 1274 Scimus
331 1250 429 1280 quam
460 1245 665 1280 praepostere
696 1243 848 1279 satagant
877 1238 1042 1277 homines,
1077 1239 1140 1269 nisi

170 1291 257 1316 certa
280 1283 346 1314 illis
370 1283 454 1314 ratio
477 1282 732 1323 praescribatur,
762 1293 802 1313 ne
827 1292 910 1322 vaga
934 1281 1140 1313 festinatione

170 1333 354 1359 excurrant.
406 1325 475 1356 Iam
507 1325 583 1356 dum
614 1326 748 1365 quisque
777 1325 866 1365 cupit
889 1324 968 1356 alios
991 1329 1141 1355 antever-

170 1374 248 1409 tere,
272 1370 418 1400 exoritur
430 1379 584 1409 perversa
597 1368 780 1407 aemulatio,
800 1379 881 1408 quac
900 1372 972 1409 post
995 1368 1029 1398 in
1053 1367 1141 1398 rixas

170 1413 292 1445 ebullit.
338 1412 426 1452 Ergo
459 1412 519 1442 nisi
543 1411 670 1442 obviam
695 1411 777 1442 itum
801 1411 925 1448 fuisset,
951 1410 1141 1441 tumultuati

170 1457 310 1487 fuissent
338 1454 476 1486 subinde
507 1454 645 1486 Levitae
675 1454 708 1485 in
738 1464 796 1486 suo
833 1454 956 1492 officio,
991 1458 1022 1484 et
1056 1453 1141 1484 inter

170 1500 257 1540 ipsos
291 1503 375 1530 esset
408 1502 576 1529 certatum.
640 1497 755 1528 Prodit
788 1497 896 1537 itaque
931 1497 964 1527 in
998 1495 1140 1527 medium

171 1543 279 1579 Deus,
312 1542 366 1582 qui
391 1552 449 1572 sua
473 1541 647 1572 autoritate
683 1540 829 1581 singulos
859 1540 1025 1571 contineat
1052 1540 1139 1570 intra

171 1586 272 1617 iustos
296 1585 386 1622 fines,
410 1589 442 1615 et
465 1584 583 1615 stultas
602 1583 796 1624 cupiditates
816 1588 1006 1623 compescat.
1042 1582 1138 1621 Quod

171 1634 280 1660 autem
316 1627 391 1658 filiis
429 1627 558 1658 Cehath
593 1626 785 1657 attribuitur
822 1627 927 1667 magis
962 1625 1138 1657 honorifica

171 1672 292 1702 functio
312 1681 407 1711 quam
429 1670 570 1710 reliquis,
590 1681 628 1701 ex
650 1670 792 1710 gratuito
806 1668 867 1700 Dei
887 1670 997 1700 favore
1011 1674 1138 1700 manat:

171 1721 265 1754 atque
288 1714 334 1744 ita
358 1714 389 1744 in
413 1713 560 1744 ordinem
579 1718 688 1744 coacta
707 1712 768 1743 fuit
787 1712 893 1743 omnis
917 1711 1075 1752 superbia,
1100 1721 1139 1742 ne

172 1759 242 1798 quis
272 1767 361 1788 suam
391 1756 633 1793 dexteritatem,
666 1755 715 1787 vel
741 1755 951 1791 industriam⁷
985 1755 1033 1786 vel
1060 1754 1139 1785 alias

173 1802 263 1832 dotes
287 1801 429 1831 iactaret.
473 1799 569 1830 Filiis
589 1810 665 1838 ergo
685 1798 813 1829 Cehath
837 1797 1013 1829 mandatur
1035 1801 1139 1829 custo-

174 1843 225 1874 dia
257 1843 360 1874 sancti
398 1847 598 1873 sanctorum:
634 1852 697 1872 non
726 1846 763 1872 ut
794 1845 967 1872 attrectent
1000 1841 1139 1880 aliquam

174 1887 242 1918 eius
276 1892 418 1926 partem,
453 1884 508 1915 sed
543 1890 670 1915 tantum
700 1889 735 1915 ut
764 1895 844 1915 vasa
872 1895 891 1915 a
923 1883 1141 1915 sacerdotibus

175 1929 339 1961 recondita
368 1939 424 1968 per
447 1928 509 1958 iter
539 1932 677 1968 gestent.
723 1927 819 1958 Iubet
852 1927 937 1957 enim
963 1927 1052 1957 Deus
1087 1936 1141 1957 ve·

176 1973 247 2003 nire
280 1972 361 2002 filios
393 1971 526 2002 Aharon
561 1971 616 2010 qui
651 1970 806 2010 colligant
840 1970 1077 2007 sanctuarium,
1111 1972 1142 1999 et

178 2015 297 2050 velum,
327 2015 438 2051 altare,
469 2014 596 2053 aliaque
626 2024 718 2045 sacra
741 2023 819 2044 vasa
842 2013 909 2044 suis
932 2011 1142 2053 operimentis

178 2058 352 2097 diligenter
376 2064 500 2097 tegant,
532 2063 705 2096 antequam
728 2066 846 2087 manus
869 2056 1064 2087 admoveant
1086 2054 1142 2085 filii

179 2101 322 2132 Uohath:
355 2111 469 2139 nempe
497 2104 532 2129 ut
557 2100 658 2130 maior
681 2105 766 2130 esset
789 2109 954 2130 sacrorum
978 2097 1144 2130 veneratio

180 2144 264 2183 apud
289 2143 453 2183 populum.
501 2143 627 2173 Deinde
647 2153 746 2183 quum
767 2142 915 2172 viderent
939 2142 1019 2173 aliae
1043 2141 1144 2171 tribus

180 2187 314 2217 Levites
346 2197 471 2225 quoquc
505 2186 690 2217 submoveri
722 2198 739 2215 :2
774 2185 949 2216 sanct-uarii
984 2188 1143 2219 contactu,

180 2240 257 2260 sune
289 2229 491 2268 indignitatis
522 2228 724 2264 admonitae,
750 2228 852 2267 magis
882 2228 1143 2258 humiliarentur.

182 2273 232 2303 Ad
258 2272 336 2302 hacc
360 2272 488 2302 sublata
512 2272 569 2302 fuit
596 2271 736 2302 invidiae
760 2271 906 2307 materia,
930 2281 1029 2310 quum
1054 2268 1144 2300 audi-

182 2322 252 2346 rent
281 2315 395 2354 roliqui
430 2315 564 2345 Levitae
596 2314 670 2345 filiis
694 2314 821 2344 (johath
853 2313 1067 2353 periculosum
1096 2312 1144 2342 in-

182 2358 272 2392 iungi
302 2368 428 2388 munus.
482 2358 629 2388 Minatur
659 2357 744 2387 enim
780 2356 868 2387 Deus
903 2356 1090 2390 interitum,
1120 2354 1144 2384 si

183 2400 259 2440 quid
299 2401 435 2430 vetitum
471 2401 648 2440 attingant:
685 2400 813 2429 111-11111111
850 2399 1031 2430 sacerdotes
1065 2397 1146 2428 filios

183 2444 316 2474 Almrou
349 2443 499 2473 admonet
530 2455 568 2473 uc
596 2454 653 2473 suu
682 2443 807 2474 incuria
839 2442 955 2472 fratres
990 2441 1146 2481 perdant:

183 2487 256 2525 quia
280 2487 304 2515 si
330 2486 404 2525 quid
429 2486 663 2526 discoopertum
686 2486 913 2524 relinquerent,
939 2484 1039 2515 futuri
1056 2487 1148 2514 erant

184 2528 247 2559 11115
269 2539 365 2559 causa
388 2529 487 2559 exitii.

270 2571 319 2601 24.
348 2572 436 2602 Istud
472 2572 527 2601 eric
564 2582 642 2609 opus
671 2571 869 2610 familiarum
903 2569 1146 2601 Gcrsonitarum.

182 2613 274 2644 Viles
299 2615 331 2644 in
356 2615 492 2653 specium
519 2625 553 2644 ae
578 2614 728 2644 molestae
754 2614 881 2644 fuerunt
907 2622 1038 2653 operae,
1069 2621 1147 2651 quas

859 158 1114 191 SECUNDUM
1137 159 1463 192 PRAEOEPTUM.

1172 2525 1267 2553 ‘tum
1299 2526 1365 2552 erat
1401 2531 1526 2550 munus.

2088 161 2152 192 468

1191 259 1256 285 tam
1280 254 1356 286 filiis
1380 254 1509 286 Gerson
1533 263 1628 294 quam
1651 253 1726 284 filiis
1750 253 1873 284 Merari
1896 253 2046 294 iniungit.
2078 254 2157 286 Cor-

1189 297 1275 328 tinas
1305 297 1391 328 enim
1421 301 1453 328 et
1476 296 1723 328 tabernaculum
1755 306 1828 327 cum
1860 296 1926 327 suis
1949 297 2157 336 operimentis

1189 340 1282 379 ferre,
1313 340 1441 371 tabulas
1464 340 1551 377 item,
1582 345 1613 370 et
1638 343 1754 376 vectes,
1786 343 1818 369 et
1840 339 2024 380 columnas,
2057 339 2157 371 durus

1188 382 1250 413 fuit
1281 382 1380 420 labor,
1413 393 1470 414 nec
1501 383 1608 413 minus
1632 381 1769 413 servilis.
1815 381 1940 412 Verum
1963 381 2039 414 hinc
2063 383 2156 414 disci-

1188 435 1260 456 mus
1284 425 1365 456 nihil
1390 425 1422 456 in
1447 424 1509 456 Dei
1534 425 1624 457 cultu
1647 435 1716 456 esse
1740 423 1981 462 fastidiendum,
2013 424 2069 456 sed
2091 425 2157 457 ala-

1188 468 1285 499 criter
1315 467 1479 499 obeundas
1508 478 1577 499 esse
1611 466 1770 508 quaelibet
1799 471 1923 507 partes,
1958 467 2032 507 quia
2066 467 2157 500 nobis

1187 511 1315 542 abunde
1339 511 1487 542 sufficere
1511 510 1619 549 debet,
1650 510 1703 541 ubi
1727 520 1784 541 nos
1808 510 1927 550 eligere
1951 510 2041 542 Deus
2065 521 2157 542 sano-

1189 553 1286 584 tuarii
1317 555 1365 585 sni
1399 554 1565 585 ministros
1589 553 1742 594 dignatus
1765 557 1821 590 est,
1854 564 1895 583 ne
1927 553 1978 585 vel
2001 553 2156 592 taedium,

1188 596 1240 627 vel
1264 597 1414 637 superbia
1438 607 1497 628 nos
1520 597 1554 627 in
1579 596 1684 628 officio
1708 595 1872 636 impediat.

1483 766 1547 798 EX
1571 766 1722 797 LEVIT.
1746 765 1859 798 XVII.

1275 852 1302 883 1.
1336 852 1496 891 Loquutus
1542 854 1585 883 est
1626 851 1739 883 Ieliova
1779 852 1821 883 aol
1854 851 1974 890 Mosen,
2014 852 2158 885 dicendo:

1189 895 1217 926 2.
1241 895 1379 934 Loquere
1401 895 1442 926 ad
1466 895 1608 932 Aharon,
1632 897 1659 926 et
1681 895 1723 926 ad
1742 894 1826 933 filios
1843 895 1919 933 eius,
1943 897 1970 926 et
1991 895 2033 926 ad
2055 905 2158 927 omnes

1187 938 1269 977 filios
1292 937 1402 975 Israel,
1433 940 1459 968 et
1481 937 1531 968 dic
1553 937 1635 969 illis:
1657 937 1724 968 Hoe
1745 940 1789 969 est
1810 937 1934 969 verbum
1964 938 2044 977 quod
2063 948 2159 977 prae-

1189 981 1265 1020 cepit
1292 980 1416 1017 selloca,
1446 980 1588 1012 dicendo:
1621 980 1650 1011 3.
1679 980 1856 1020 Quicunque
1884 981 1921 1012 de
1943 981 2030 1012 domo
2054 982 2159 1013 Israel

1189 1024 1366 1055 mactaverit
1389 1023 1501 1059 bovem,
1525 1026 1579 1054 aut
1601 1034 1724 1064 agnum,
1756 1026 1810 1054 aut
1831 1033 1959 1063 capram
1980 1025 2015 1055 in
2036 1025 2159 1065 castris,

1190 1069 1245 1097 aut
1266 1067 1320 1106 qui
1342 1066 1518 1097 mactaverit
1547 1069 1634 1097 eastra
1656 1069 1768 1104 castra,
1802 1066 1831 1097 4.
1856 1066 1899 1097 Et
1921 1067 1963 1098 ad
1979 1068 2091 1098 ostium
2113 1070 2160 1099 ta—

1191 1109 1346 1140 bernaculi
1375 1109 1578 1140 conventionis
1608 1119 1668 1140 non
1697 1109 1862 1140 adduxerit
1889 1119 1966 1147 eum,
1996 1112 2029 1140 ut
2050 1110 2159 1150 offerat

1191 1152 1371 1184 oblationem
1384 1151 1512 1183 Ieleovae
1530 1162 1633 1183 coram
1656 1151 1847 1183 tabernaculo
1860 1152 2006 1184 Ieliovae:
2029 1153 2160 1193 sanquis

1192 1195 1396 1234 imputabitur
1418 1195 1484 1226 viro
1507 1194 1572 1225 illi:
1594 1196 1661 1233 ipse
1678 1195 1859 1234 sanquinem
1876 1195 1969 1234 fudit,
1987 1196 2157 1227 excidetur·

1193 1248 1249 1277 quc
1278 1238 1327 1268 vir
1353 1237 1405 1268 ille
1434 1248 1448 1268 e
1469 1237 1568 1268 medio
1584 1237 1698 1276 populi
1719 1238 1779 1268 sui.
1824 1237 1853 1268 5.
1885 1237 1923 1269 Ut
1946 1238 2076 1277 afferant
2096 1238 2160 1278 filii

1194 1280 1297 1312 Israel
1318 1280 1473 1319 sacrificia
1494 1290 1554 1310 sua
1574 1290 1653 1319 quae
1674 1281 1841 1310 mactaturi
1859 1283 1932 1311 sunt
1948 1281 1982 1312 in
1998 1280 2160 1320 superficie

1194 1324 1279 1364 ayri:
1301 1326 1334 1354 ut
1351 1323 1482 1362 afferant
1499 1323 1627 1362 inquam
1651 1323 1707 1354 illa
1721 1322 1850 1354 Iehovae
1872 1324 1914 1354 ad
1932 1324 2044 1354 ostium
2063 1324 2160 1355 taber-

1193 1366 1297 1398 naculi
1323 1366 1526 1397 conventionis
1554 1365 1596 1396 ad
1624 1366 1823 1402 sacerdotem,
1854 1368 1881 1397 et
1909 1366 2082 1405 sacrificent
2107 1367 2160 1399 illi

1192 1408 1350 1448 sacrificia
1364 1409 1607 1448 prosperitatum
1621 1408 1758 1439 Ielzovae.
1801 1408 1829 1439 6.
1856 1408 2044 1449 Sparqetque
2061 1419 2161 1441 sacer·

1192 1452 1247 1484 <los
1269 1451 1451 1492 sanquinem
1473 1451 1514 1482 ad
1537 1451 1636 1482 altare
1660 1450 1797 1489 Ielzovae,
1821 1451 1863 1482 ad
1885 1452 1997 1482 ostium
2019 1451 2160 1484 taberna—

1192 1495 1255 1526 culi
1276 1494 1491 1531 conventionis,
1515 1496 1541 1525 et
1564 1493 1695 1525 adolebit
1716 1494 1838 1533 adipem
1857 1495 1890 1524 in
1909 1494 2029 1525 odorem
2048 1495 2161 1535 quietis

1193 1537 1330 1569 Ieliovae.
1377 1536 1404 1568 7.
1429 1536 1472 1568 Et
1492 1547 1554 1567 non
1575 1536 1794 1576 sacrificabunt
1816 1537 1900 1568 ultra
1922 1538 2077 1576 sacrificia
2099 1548 2160 1570 sua

1191 1580 1389 1612 daemonibus
1410 1590 1477 1610 cum
1500 1579 1610 1618 quibus
1631 1579 1841 1618 fornicantur:
1872 1582 2021 1611 statutum
2046 1591 2159 1620 perpe-

1191 1626 1277 1655 tuum
1299 1623 1358 1654 erit
1379 1622 1432 1654 hoc
1453 1622 1520 1653 illis
1543 1623 1577 1653 in
1595 1621 1845 1662 yencrationibus
1863 1633 1975 1654 eorum.
2011 1623 2039 1654 8.
2064 1623 2159 1655 Dices

1185 1669 1347 1706 praetcrea
1359 1665 1440 1696 illis:
1467 1665 1645 1704 Quicunque
1668 1675 1682 1696 e
1700 1665 1785 1695 domo
1805 1665 1916 1702 Israel,
1941 1668 1996 1696 aut
2018 1667 2054 1697 ole
2069 1677 2159 1706 pere-

1189 1710 1292 1750 =qrinis
1321 1708 1375 1748 qui
1406 1708 1648 1748 pereyrinantur
1679 1708 1710 1738 in
1745 1708 1843 1739 medio
1875 1709 1984 1746 vestri,
2018 1709 2160 1741 obtulerit

1191 1753 1409 1789 holocaustum,
1431 1753 1486 1781 aut
1507 1751 1712 1790 sacrificium:
1746 1750 1773 1781 9.
1799 1750 1841 1781 Et
1863 1751 1905 1782 ad
1927 1752 2039 1782 ostium
2062 1752 2161 1784 taber-

1191 1795 1295 1827 naculi
1317 1793 1519 1825 conventionis
1541 1804 1601 1824 non
1623 1793 1788 1823 adduxerit
1811 1793 1891 1824 illud
1914 1793 2058 1826 Ieltovae:
2088 1798 2160 1827 tunc

1191 1839 1347 1871 excidetur
1369 1838 1418 1867 vir
1440 1836 1492 1867 ille
1515 1847 1529 1866 c
1546 1836 1677 1875 populis
1700 1836 1777 1867 suis.

1278 1924 1305 1954 1.
1332 1923 1490 1962 Loquutus
1521 1923 1564 1951 cst
1587 1920 1708 1952 Iehova.
1754 1921 1825 1953 Hoc
1852 1921 1920 1953 loco
1944 1928 1975 1954 et
1998 1923 2159 1956 similibus

1193 1967 1338 2007 praeficit
1357 1966 1445 1996 Deus
1464 1964 1645 1995 sacerdote-s
1669 1964 1842 1995 offerendis
1866 1966 2015 1997 victimis.
2046 1965 2158 2005 Quan-

1194 2020 1290 2050 quam
1316 2009 1401 2039 enim
1425 2006 1609 2038 communia
1634 2007 1732 2037 totius
1752 2008 1860 2047 populi
1881 2014 1973 2039 erunt
1992 2010 2158 2047 sacrificia,

1195 2052 1296 2085 voluit
1323 2056 1431 2081 tamen
1461 2050 1549 2080 Deus
1580 2060 1636 2088 per
1667 2060 1798 2080 manum
1830 2052 1935 2087 unius,
1960 2057 1993 2082 et
2015 2058 2102 2083 certo
2126 2053 2158 2083 in

1194 2096 1262 2126 loco
1286 2094 1345 2125 sibi
1368 2093 1485 2123 offerri.
1532 2092 1677 2122 Primum
1711 2103 1749 2122 no
1771 2094 1796 2123 si
1821 2094 1939 2132 passim
1964 2094 2080 2126 altaria
2103 2107 2158 2126 ex-

1196 2143 1319 2169 struere
1328 2136 1538 2176 permitteret,
1554 2134 1612 2165 hac
1622 2134 1778 2165 varietate
1787 2142 2049 2175 corrumperetur
2059 2148 2159 2177 purus

1196 2186 1227 2211 et
1258 2180 1419 2220 genuinus
1451 2178 1573 2209 cultus:
1605 2177 1721 2208 deinde
1751 2184 1785 2208 ut
1816 2179 1970 2218 populum
2003 2179 2160 2220 dirigeret

1197 2223 1235 2255 ud
1277 2222 1502 2253 mediatorem:
1544 2220 1619 2259 quia
1659 2220 1850 2260 principium
1893 2221 1971 2252 illud
2014 2223 2161 2255 fidelibus

1198 2276 1325 2306 semper
1342 2264 1516 2295 tenendum
1543 2263 1612 2299 fuit,
1635 2263 1741 2293 11111105
1766 2263 1825 2294 nisi
1850 2264 1919 2295 01115
1943 2266 2047 2305 gratia
2071 2266 2160 2298 obla-

1198 2309 1301 2340 tiones
1325 2318 1393 2337 esse
1413 2306 1582 2346 legitimae.
1619 2305 1741 2336 Eadem
1763 2306 1907 2337 doctrina
1927 2309 2054 2348 saepius
2074 2315 2159 2349 post—

1199 2353 1258 2383 hac
1287 2354 1447 2386 occurret,
1483 2349 1536 2379 ubi
1568 2349 1606 2379 de
1635 2349 1798 2379 sacrificiis
1833 2354 1961 2389 agetur:
1996 2351 2050 2381 sed
2086 2353 2161 2392 quia.

1199 2404 1284 2425 nunc
1303 2398 1476 2423 tractamus
1495 2402 1613 2422 munus
1625 2391 1830 2429 sacerdotale,
1849 2393 1945 2423 semel
1960 2393 2019 2425 hoc
2039 2394 2160 2426 dictum

1198 2437 1348 2477 oportuit,
1373 2436 1418 2466 fas
1432 2446 1496 2465 non
1517 2435 1613 2464 fuisse
1633 2434 1769 2473 privatis
1789 2434 1973 2467 homiuibus
1987 2437 2160 2478 quidquam

1199 2481 1313 2511 oti'orro
1340 2479 1415 2515 1)(10,
1440 2478 1499 2508 11151
1525 2488 1580 2517 per
1605 2487 1735 2506 manum
1761 2477 1942 2516 sucerdotis,
1966 2480 2014 2510 cui
2036 2481 2162 2512 iniunc-

1580 2520 1738 2557 Quoniam
1769 2526 1876 2551 autem
1912 2521 1971 2553 huc
2005 2523 2037 2553 111
2069 2528 2161 2563 parte

1200 2566 1279 2596 mire
1303 2565 1426 2595 animos
1456 2562 1623 2593 homiuum
1656 2562 1765 2592 titillat
1789 2563 1929 2601 ambitio,
1961 2576 2073 2596 severe
2100 2566 2160 2597 mi-

1201 2614 1297 2639 natur
1320 2607 1345 2638 si
1369 2607 1439 2646 quis
1462 2606 1493 2636 id
1518 2616 1687 2646 aggressus
1711 2605 1815 2641 fuerit,
1844 2617 1877 2637 se
1901 2607 1966 2638 fore
1992 2608 2161 2641 vindicem.
