2304 3034
208 198 272 229 407

212 291 366 322 descensu
398 290 499 319 coelos
529 298 597 319 esse
627 291 768 327 apertos:
799 292 835 318 ut
870 288 977 328 angeli
1001 288 1178 320 ascendant

212 344 249 364 ac
262 331 466 364 descendant.
492 331 626 361 Mutuus
645 340 720 361 vero
744 330 882 361 intuitus
906 340 1098 362 consensum
1123 331 1177 362 de-

212 376 327 413 signat,
351 385 413 413 quo
437 374 543 413 augeli
569 373 607 403 ad
632 373 828 412 capessenda
846 372 909 403 Dei
933 373 1021 404 iussa
1041 374 1125 405 inter
1144 385 1176 406 se

212 417 374 450 coniuncti
394 422 478 446 sunt.
514 416 699 446 Plausibilis
723 415 850 455 quidem
871 417 998 455 argutia
1021 420 1078 455 est,
1097 416 1177 448 duos

213 459 388 491 Cherubim
413 469 481 489 esse
506 465 599 489 votus
623 464 656 489 et
679 469 798 489 novum
823 463 1065 496 testamentum,
1096 470 1177 499 quae

211 513 244 533 se
268 502 352 532 ultro
376 502 518 540 citroque
542 501 733 541 respiciunt,
765 506 796 532 et
827 501 1087 541 propitiatorium
1116 503 1176 534 cir-

210 544 379 580 cumdant,
411 544 485 584 quia
509 555 622 583 scopus
647 554 756 574 eorum
781 543 933 575 Christus
955 549 1019 575 est:
1048 544 1103 576 sed
1127 556 1175 577 re—

210 587 423 619 clamantibus
447 592 493 617 tot
517 587 698 626 scripturae
723 587 808 623 locis,
833 588 1006 618 evanescit.

296 630 323 660 5.
350 630 487 669 Accipite
510 629 698 661 oblationem.
724 630 848 661 Locum
874 640 912 660 ex
938 630 1041 670 capite
1064 629 1105 661 35
1128 631 1175 661 in-

209 673 311 711 serui,
344 673 397 703 ubi
427 672 537 703 eadem
568 673 707 704 secundo
731 673 833 713 exigit
856 673 964 703 Moses
992 683 1074 712 quae
1103 678 1176 704 ante

211 722 433 756 praeceperat:
459 716 609 746 materias
631 726 708 746 vero
728 716 835 755 plures
855 721 1009 751 recenset,
1030 720 1061 746 et
1081 716 1175 755 proli-

211 759 283 789 xius
323 758 360 788 de
394 758 538 797 partibus
572 758 770 789 tabernaculi
806 758 943 789 disserit.
1004 758 1176 798 Superiore

212 801 280 831 loco
320 801 454 831 verbum
497 801 602 840 posuit
645 801 697 831 ubi
741 811 825 832 nunc
866 812 983 832 nomen
1024 808 1173 842 usurpat:

210 844 372 874 Liberalis
395 843 488 874 corde
511 854 578 881 suo,
603 849 658 874 aut
682 844 895 875 voluntarius.
940 844 979 874 In
1009 855 1104 875 sensu
1129 849 1175 875 ta-

211 897 285 917 men
300 886 391 917 nulla
410 892 458 917 est
477 886 681 927 ambiguitas,
708 887 781 927 quia
801 892 939 927 utroque
956 887 1025 918 loco
1042 888 1175 926 requirit

209 928 300 960 Deus
320 929 424 960 alacre
444 929 597 965 studium,
619 936 652 960 ut
672 941 736 960 non
757 930 845 970 large
869 929 970 966 modo,
998 929 1053 960 sed
1076 929 1175 960 liben—

210 976 261 1002 ter
295 982 419 1011 quoque
454 974 631 1004 conferant.
688 973 828 1003 Diverso
874 978 984 1012 postea
1029 972 1178 1012 loquendi

211 1025 330 1055 genere
365 1020 488 1051 utetur,
529 1016 634 1046 officio
677 1015 805 1046 functos
847 1026 916 1046 esse
950 1026 1029 1055 quos
1064 1016 1176 1053 erexit,

211 1057 262 1087 vel
292 1058 444 1088 excitavit
475 1069 528 1089 cor
559 1069 667 1095 suum,
698 1063 734 1089 ut
764 1069 782 1089 a
812 1058 913 1099 pigris
942 1064 973 1089 et
1006 1058 1101 1089 lentis
1125 1069 1177 1090 eos

209 1099 380 1132 discernat.

298 1143 344 1174 10.
374 1142 486 1174 Omnes
507 1144 660 1183 sapientes
689 1144 784 1175 corde.
831 1143 886 1175 Sic
918 1150 1010 1175 vocat
1039 1144 1177 1176 artifices

209 1186 262 1225 qui
286 1187 411 1226 ingenii
438 1186 569 1217 solertia
599 1187 815 1227 praestabant.
862 1186 976 1226 Itaque
1009 1192 1176 1227 postquam

209 1228 354 1269 singulos
374 1240 414 1259 ex
433 1229 607 1261 domestica
620 1230 710 1270 copia
732 1241 865 1270 erogare
884 1230 980 1260 iussit
1000 1231 1175 1267 materiam,

209 1271 288 1302 alios
319 1276 353 1302 ut
382 1272 575 1303 industriam
605 1284 694 1304 suam
725 1274 894 1304 conferant
924 1272 1111 1304 formandae
1144 1277 1176 1304 et

208 1314 368 1354 aptandae
392 1316 554 1351 materiae,
580 1316 738 1347 hortatur.
763 1316 877 1346 Partes
898 1315 1011 1347 deiude
1031 1316 1176 1346 taberna-

209 1357 289 1393 culi,
325 1368 462 1397 quarum
487 1359 613 1399 longior
636 1359 807 1398 explicatio
831 1369 899 1398 cap.
920 1359 976 1395 26,
1005 1358 1175 1396 videbitur,

208 1400 351 1431 breviter
374 1408 612 1433 commemorat.
651 1402 711 1432 Est
739 1402 839 1442 igitur
863 1402 1020 1441 quaedam
1039 1402 1175 1441 epitome

208 1453 320 1474 eorum
356 1445 500 1475 omnium
536 1445 574 1475 de
609 1445 725 1485 quibus
761 1450 835 1476 ante
873 1445 977 1475 fusius
1011 1444 1174 1475 disseruit:

208 1488 358 1527 quoniam
383 1487 422 1518 ad
447 1498 484 1519 ea
507 1487 701 1527 praestanda
726 1488 764 1519 de
787 1487 903 1528 quibus
926 1486 1049 1528 liquido
1073 1487 1174 1518 edocti

206 1531 344 1568 fuerant,
369 1531 462 1561 novis
485 1531 624 1562 stimulis
647 1541 726 1570 opus
751 1532 820 1562 fuit.
846 1530 975 1562 Scimus
994 1530 1079 1561 enim
1103 1529 1175 1561 doc-

208 1574 327 1605 trinam
363 1574 432 1605 sine
467 1573 749 1605 exhortationibus
780 1578 816 1605 ut
847 1574 1024 1613 plurimum
1048 1573 1173 1613 frigere.

206 1617 329 1648 Mirum
354 1616 481 1657 quidem
513 1616 615 1647 videri
645 1621 765 1657 posset,
796 1616 881 1648 unde
910 1616 1029 1656 populo
1058 1616 1174 1646 misere

205 1660 362 1699 expilato,
397 1660 514 1700 diuque
542 1659 581 1690 ad
616 1660 752 1691 serviles
777 1670 891 1700 operas
915 1665 1037 1695 coacto,
1067 1663 1174 1689 tantae

205 1712 296 1742 opes:
322 1703 383 1733 nisi
407 1703 490 1743 quod
515 1714 556 1733 ex
580 1702 779 1733 abundantia
803 1713 883 1742 quae
904 1702 1093 1734 describitur
1112 1701 1174 1733 col-

204 1745 262 1786 ligi
286 1751 400 1785 potest,
436 1746 553 1785 praeda
578 1746 733 1776 divinitus
758 1746 821 1776 illis
844 1746 950 1777 oblata
974 1746 1005 1776 in
1030 1744 1173 1776 discessu

204 1789 303 1819 fuisse
337 1788 518 1820 incredibili
555 1789 648 1819 modo
684 1789 904 1828 locupletatos.
957 1788 1172 1828 Opulentissi-

205 1842 294 1862 mum
317 1838 386 1862 erat
410 1843 546 1872 regnum
572 1832 730 1873 Aegypti:
755 1836 787 1862 et
811 1843 889 1872 gens
912 1831 967 1862 illa
990 1831 1039 1872 (ut
1062 1829 1173 1871 scitur)

208 1874 327 1906 delitiis
362 1879 393 1905 et
428 1875 575 1906 luxuriae
610 1875 756 1914 apprime
791 1874 897 1906 dedita
938 1885 1064 1914 semper
1102 1873 1172 1904 fuit.

207 1917 300 1956 Quod
332 1928 408 1958 ergo
438 1928 497 1948 sua
531 1919 707 1958 rapacitate
742 1928 800 1957 per
832 1918 952 1949 multos
989 1928 1090 1947 annos
1120 1927 1173 1947 cu—

206 1961 422 1997 mulaverant,
447 1971 564 1992 arcano
581 1961 639 1991 Dei
658 1961 814 1991 instinctu
830 1971 846 1991 e
866 1961 1016 1991 manibus
1039 1960 1173 1995 effluxit,

207 2014 305 2043 quum
328 2009 459 2043 repente
484 2004 558 2034 facti
582 2004 713 2034 fuerunt
736 2004 872 2044 prodigi.
916 2003 1019 2035 Sicuti
1045 2004 1173 2043 Aegyp-

206 2046 267 2077 tios
291 2053 521 2077 excaecaverat
546 2046 644 2083 Deus,
667 2052 703 2077 ut
727 2057 785 2077 sua
804 2047 911 2077 omnia
930 2045 1174 2086 profunderent,

207 2089 251 2119 sie
286 2100 418 2120 suorum
458 2095 583 2120 mentes
618 2096 650 2120 et
685 2090 810 2120 animos
849 2089 983 2127 direxit,
1025 2094 1060 2119 ut
1094 2088 1174 2118 tanti

206 2131 353 2162 beneficii
378 2143 536 2163 memores
561 2132 696 2163 libenter
720 2133 759 2163 ad
784 2143 878 2163 suum
902 2131 1090 2163 mandatum
1114 2131 1174 2161 im-

206 2175 386 2214 penderent
411 2175 494 2216 quod
519 2186 559 2206 ex
583 2186 671 2206 mera
696 2176 763 2207 eius
788 2176 892 2216 gratia
915 2179 1118 2216 provenerat.

405 2346 469 2377 EX
499 2346 646 2378 EXODI
671 2346 836 2379 CAPITE
860 2346 971 2378 XXV.

289 2432 339 2462 23.
366 2431 476 2463 Facies
499 2443 615 2472 quoquc
633 2443 770 2464 mensam
794 2443 830 2463 ez
852 2433 947 2473 [tynis
964 2432 1075 2462 sz'ttim:
1096 2430 1170 2461 duo—

202 2485 271 2505 rum
304 2475 471 2505 cubitorum
501 2477 558 2506 crit
584 2476 739 2515 lonqitucla
767 2476 842 2512 cius,
877 2478 902 2505 et
925 2474 1017 2505 cubiti.
1039 2473 1170 2504 latitudo

203 2517 278 2553 cius,
302 2518 394 2548 cubiti
413 2529 482 2549 vcro
505 2521 531 2548 et
549 2519 674 2549 dimidii
697 2519 825 2549 altitudo
848 2519 923 2549 cius.
956 2518 1005 2548 24.
1028 2516 1070 2547 Et
1093 2519 1169 2555 {eyes

204 2570 269 2590 cam
300 2572 375 2591 aura
392 2571 484 2599 puro,
506 2562 663 2600 faciesque
685 2562 713 2592 ci
735 2571 877 2592 coronam
901 2571 1028 2591 (turcam
1051 2560 1084 2589 in
1108 2559 1168 2589 cir-

202 2603 295 2633 cuitu.
341 2604 389 2633 25.
424 2604 534 2634 lanies
563 2615 680 2643 quoquc
709 2605 736 2635 ci
767 2604 943 2635 clausuram
967 2604 1061 2634 latam
1092 2611 1166 2641 qua-

204 2647 272 2675 tuor
300 2646 411 2685 digitos
445 2647 475 2676 iu
507 2648 650 2678 circuilu:
684 2647 838 2686 faciesque
871 2656 1011 2678 coronam
1040 2654 1166 2676 auream

913 194 1164 227 SECUNDUM
1189 195 1510 228 PRAECEPTUM.

2134 199 2197 230 408

1231 290 1396 321 clausurae
1430 290 1478 321 illi
1511 290 1544 320 iu
1578 290 1716 321 circuitu.
1780 289 1830 320 26.
1866 288 1978 321 Facies
2011 291 2137 331 iusuper
2169 293 2198 324 ei

1230 335 1362 371 quatuor
1384 332 1515 363 annulos
1538 342 1656 368 aureos,
1680 342 1755 371 quos
1773 342 1869 372 pones
1891 332 1926 363 iu
1948 336 2078 371 quatuor
2100 345 2198 376 anqu-

1230 375 1270 405 lis
1293 376 1346 414 qui
1364 378 1436 406 sunt
1455 375 1489 405 in
1511 377 1644 414 quatuor
1662 374 1794 414 pedibus
1818 375 1894 406 cius.
1950 375 2000 407 27.
2025 376 2058 406 Ε
2077 378 2198 418 regione

1232 418 1318 448 illius
1350 418 1512 449 clausurae
1545 419 1634 447 eruut
1666 417 1776 448 annuli
1804 428 1863 457 per
1895 428 1970 457 quos
2004 419 2198 451 traiicientur

1230 463 1322 491 vectes
1341 461 1382 491 ad
1408 460 1600 499 portandum
1627 470 1779 490 mensam:
1822 460 1886 491 28.l
1903 460 2074 501 Famesque
2104 465 2198 494 vectes

1230 503 1300 534 illos
1324 514 1338 533 c
1361 503 1454 542 liquis
1477 503 1594 533 sittim.-
1623 505 1649 533 εἰ
1679 503 1798 541 operies
1821 514 1871 533 eos
1900 513 1995 541 auro,
2029 506 2056 535 et
2079 504 2199 544 feretur

1229 545 1294 576 illis
1317 556 1430 577 mensa.
1477 545 1527 576 29.
1554 544 1664 576 Facies
1692 545 1784 576 ctiam
1812 546 1953 577 scutellas
1983 546 2065 585 eius,
2100 549 2128 578 et
2148 557 2196 579 co-

1229 588 1364 619 chlearia
1387 589 1461 626 eins,
1487 591 1513 618 ct
1531 588 1673 627 opercula
1696 588 1770 623 cius,
1796 591 1823 619 et
1845 591 1975 620 crateres
1997 590 2064 620 eius
2086 590 2200 630 quibus

1229 630 1389 662 libabitur.-
1420 641 1456 661 ea:
1489 641 1566 662 auro
1592 631 1707 662 murato
1732 630 1830 670 facies
1860 642 1902 662 ea.
1948 632 2001 663 30.
2031 631 2074 663 Et
2102 642 2198 672 pones

1229 684 1322 713 super
1362 684 1498 705 mensam
1540 673 1625 705 illam
1660 683 1776 712 panem
1822 674 1974 713 facierum
2009 684 2112 707 coram
2151 685 2198 707 me

1228 717 1348 757 iugiter.

1315 802 1364 832 23.
1390 802 1500 833 Facies
1519 812 1635 841 quoquc
1658 812 1803 833 mensam.
1829 802 1947 833 Merito
1966 802 2118 834 laudatur
2140 814 2195 835 ve-

1231 845 1308 875 teris
1338 845 1504 875 cuiusdam
1535 845 1675 884 episcopi
1705 846 1883 882 sententia,
1918 845 1971 885 qui
1996 856 2094 885 quum
2118 856 2197 877 vasa

1230 898 1321 919 sacra
1352 894 1494 928 tempore
1524 887 1617 918 lamis
1648 887 1686 918 ad
1717 887 1887 918 levandam
1916 898 2094 928 pauperum
2125 888 2196 920 ino-

1231 931 1314 970 piam
1351 931 1512 966 venderct,
1548 931 1591 960 ita
1625 940 1658 961 se
1692 930 1844 961 ecclesiae
1878 931 2065 970 excusavit,
2106 931 2197 963 Deus

1232 978 1349 1010 noster,
1375 973 1448 1013 quia
1472 984 1533 1003 non
1560 973 1697 1004 comedit
1721 984 1779 1004 nec
1802 973 1891 1011 bibit,
1922 973 2042 1013 patinis
2064 978 2097 1005 et
2117 974 2195 1006 cali-

1230 1015 1321 1047 cibus
1341 1027 1402 1046 non
1427 1015 1558 1055 indiget.
1606 1016 1703 1056 Atqui
1731 1016 1863 1047 minime
1887 1021 2104 1048 consentanea
2126 1027 2196 1049 esse

1230 1058 1359 1089 videtur
1395 1059 1468 1089 huic
1503 1058 1565 1089 Dei
1600 1064 1779 1098 praecepto,
1814 1059 1867 1090 ubi
1899 1069 1999 1100 panes
2032 1059 2103 1090 vult
2135 1060 2196 1091 sibi

1231 1102 1347 1132 offerri.
1374 1101 1573 1141 Respondeo,
1592 1102 1810 1141 silpraetextu
1831 1101 1885 1132 illo
1904 1101 1963 1133 sub
1981 1101 2052 1142 lege
2071 1112 2196 1134 sacram

1231 1154 1373 1175 mensam
1409 1144 1579 1184 spoliasset
1613 1145 1680 1175 suis
1715 1146 1935 1182 ornamentis,
1969 1145 2196 1185 intempestive

1230 1187 1328 1218 fuisse
1361 1186 1539 1223 dicturum,
1571 1187 1655 1227 quod
1684 1187 1744 1218 sub
1775 1187 1945 1228 evangelio
1976 1187 2028 1228 pie
2056 1192 2088 1218 et
2115 1188 2195 1220 scite

1230 1229 1327 1261 dixit:
1361 1230 1436 1268 quia
1459 1230 1583 1261 Christi
1607 1230 1750 1261 adventu
1781 1234 1951 1261 cessarunt
1980 1230 2100 1271 legales
2122 1241 2194 1262 um-

1231 1272 1313 1303 brae.
1359 1273 1450 1304 Tunc
1474 1284 1549 1303 vero
1572 1273 1657 1303 inter
1678 1283 1792 1304 aureas
1811 1273 1938 1313 patinas
1958 1274 2070 1313 reponi
2090 1273 2195 1305 voluit

1230 1326 1328 1355 panes
1351 1315 1410 1346 sibi
1434 1315 1572 1352 oblatos,
1605 1316 1766 1355 simulque
1796 1315 1928 1356 adiungi
1963 1316 2128 1347 thuribula
2162 1319 2195 1347 et

1229 1358 1425 1395 cochlearia,
1457 1369 1522 1389 non
1552 1359 1637 1398 quod
1669 1359 1738 1390 cibo
1764 1359 1812 1390 vel
1844 1364 1921 1399 potu
1946 1358 2079 1390 haberet
2102 1369 2194 1399 opus,

1229 1401 1283 1432 sed
1316 1408 1351 1431 ut
1379 1402 1533 1441 populum
1563 1412 1658 1432 suum
1689 1412 1820 1432 mensae
1851 1402 2002 1433 societate
2032 1401 2194 1443 dignatus,

1229 1444 1462 1484 temperantiae
1486 1445 1588 1485 legem
1614 1445 1855 1485 praescriberet.
1881 1444 1990 1483 Quum
2014 1445 2100 1475 enim
2124 1455 2196 1476 ves-

1228 1492 1379 1518 cerentur
1402 1487 1514 1518 codem
1545 1487 1652 1519 tritico
1679 1498 1720 1518 ex
1752 1497 1813 1527 quo
1836 1487 1958 1518 fiebant
1980 1487 2062 1519 sacri
2085 1497 2197 1528 panes,

1228 1540 1264 1561 eo
1298 1530 1444 1570 symbolo
1478 1530 1635 1561 admoniti
1659 1530 1806 1568 fuerunt,
1841 1530 1976 1570 perinde
1999 1530 2195 1561 sumendum

1228 1583 1296 1603 esse
1327 1572 1431 1603 cibum
1465 1578 1495 1603 ct
1526 1577 1635 1612 potum
1674 1584 1709 1605 ac
1741 1574 1765 1604 si
1796 1583 1904 1605 coram
1936 1573 2006 1604 Deo
2034 1573 2194 1612 sederent,

1228 1620 1398 1655 essentque
1421 1616 1488 1646 eius
1519 1616 1684 1647 convivae.
1738 1616 1886 1656 Denique
1917 1615 2021 1647 edocti
2051 1615 2193 1654 fuerunt,

1227 1658 1381 1689 alimenta
1405 1658 1519 1698 quibus
1543 1659 1723 1690 sustinetur
1746 1659 1914 1690 hominum
1939 1659 2014 1696 vita,
2039 1658 2193 1699 quodam-

1228 1700 1321 1731 modo
1345 1711 1435 1732 sacra
1459 1712 1527 1732 esse
1551 1702 1636 1732 Deo:
1668 1708 1704 1732 ut
1735 1702 1779 1732 ita
1808 1713 1888 1742 puro
1917 1706 1949 1732 et
1977 1701 2082 1733 sobrio
2106 1701 2194 1733 victu

1227 1744 1370 1776 contenti
1394 1749 1514 1780 essent,
1546 1756 1604 1775 nec
1635 1746 1843 1784 profanarent
1873 1755 1954 1784 quae
1977 1744 2017 1775 ad
2041 1744 2103 1776 Dei
2126 1744 2193 1776 eul-

1227 1792 1294 1817 tum
1326 1786 1431 1817 dicata
1461 1793 1562 1819 erant.
1610 1787 1769 1826 Quamvis
1796 1798 1873 1827 ergo
1904 1787 1995 1818 rudis
2026 1792 2057 1818 et
2086 1797 2195 1819 crassa

1227 1829 1328 1860 videri
1364 1830 1464 1869 possit
1499 1830 1577 1861 baec
1611 1830 1745 1866 oblatio,
1788 1831 1885 1861 finem
1925 1834 2034 1861 tamen
2067 1834 2194 1862 rectum

1226 1873 1358 1909 habuit,
1404 1878 1440 1902 ut
1474 1872 1581 1903 Deum
1617 1877 1830 1913 agnoscerent
1864 1873 1974 1904 fideles
2007 1883 2194 1904 mensarum

1226 1925 1359 1947 suarum
1384 1926 1452 1946 esse
1477 1915 1667 1955 praesidem,
1699 1916 1773 1955 quia
1797 1916 1896 1947 totius
1920 1916 2029 1956 populi
2053 1916 2195 1955 nomine,

1199 1968 1326 1997 »panes
1361 1958 1393 1988 in
1429 1958 1548 1998 templo
1583 1958 1772 1997 prostabant
1812 1959 1872 1989 sub
1907 1959 1968 1990 Dei
2008 1963 2192 1998 conspectu.

1227 2001 1350 2033 Similis
1374 2001 1591 2040 primitiarum
1616 2002 1676 2031 fuit
1698 2002 1795 2038 ratio,
1830 2001 1863 2031 in
1887 2001 2003 2041 quibus
2025 2011 2193 2032 conseera-

1228 2044 1323 2075 batur
1354 2044 1452 2074 totius
1476 2044 1552 2074 anni
1574 2049 1770 2083 proventus:
1806 2048 1840 2074 nt
1871 2044 1955 2075 inter
1978 2043 2091 2084 epulas
2115 2053 2192 2083 quo—

1228 2097 1289 2127 que
1319 2087 1460 2117 colerent
1484 2086 1545 2117 Dei
1581 2087 1784 2123 memoriam,
1816 2087 1868 2126 qui
1898 2097 1951 2117 eos
1980 2086 2132 2126 pascebat
2156 2089 2193 2117 ut

1229 2136 1318 2170 pater
1341 2129 1433 2161 filios.
1470 2130 1575 2160 Panes
1598 2130 1751 2160 facierum
1779 2134 1935 2161 vocantur
1958 2139 1976 2159 a
2000 2129 2099 2166 Mose,
2119 2128 2193 2169 quia

1228 2183 1356 2212 semper
1386 2173 1585 2212 apparebant
1615 2182 1720 2203 coram
1753 2172 1837 2209 Deo,
1872 2182 1933 2212 quo
1964 2171 2059 2202 etiam
2095 2182 2192 2203 sensu

1229 2216 1381 2246 dixerunt
1402 2215 1519 2246 Graeci
1541 2225 1642 2255 panes
1666 2218 1841 2255 προθέσεως
1864 2215 1939 2254 quia
1963 2220 2090 2255 praesto
2109 2225 2192 2246 sem-

1229 2269 1284 2298 per
1308 2263 1409 2289 erant.
1435 2257 1507 2288 Non
1531 2259 1616 2288 enim
1640 2258 1686 2288 fas
1706 2263 1775 2288 erat
1795 2258 1917 2297 priores
1936 2257 2072 2294 auferre,
2093 2257 2194 2289 donec

1228 2302 1502 2332 substituerentur
1526 2301 1579 2331 alii
1602 2301 1635 2331 in
1662 2300 1775 2332 locum.
1800 2300 1954 2331 Pluribus
1978 2311 2063 2332 nunc
2082 2311 2194 2340 super-

1227 2344 1336 2381 sedeo,
1379 2344 1452 2383 quia
1493 2343 1588 2383 paulo
1623 2348 1694 2383 post
1729 2354 1809 2383 quae
1845 2353 1930 2374 nunc
1962 2343 2074 2374 omitto
2108 2349 2193 2375 trac-

1226 2386 1324 2418 tanda
1348 2392 1452 2417 erunt.

1482 2530 1544 2561 EX
1568 2530 1731 2562 EODEM
1757 2531 1933 2562 (ἈΡΙΤΕ.

1306 2598 1356 2629 31.
1384 2598 1494 2630 Facies
1514 2599 1583 2629 item
1601 2599 1819 2630 caudelalwum
1842 2609 1879 2630 cat
1901 2609 1979 2631 auro
1996 2609 2094 2638 puro:
2119 2599 2191 2631 duc-

1220 2642 1271 2672 tile
1292 2642 1341 2680 sict
1364 2641 1581 2673 candelabrum
1618 2642 1697 2673 illud
1707 2655 1713 2672 .-
1742 2642 1852 2673 hastile
1880 2643 1964 2679 cius.
1996 2645 2023 2673 et
2052 2642 2194 2674 calamus
