2304 3034
132 210 193 242 705

133 303 243 334 tionis:
276 312 361 333 anno
391 309 496 332 tamen
519 299 653 330 Iubilaei
684 298 821 329 liberum
853 298 973 329 dimitti
993 299 1091 336 iubet,

133 356 196 386 quo
219 345 378 386 generalis
400 343 495 375 fiebat
518 342 742 379 manumissio,
767 346 923 381 quantum
947 340 987 372 ad
1011 342 1091 372 filios

133 389 293 419 Abrahae.
337 386 429 418 Finis
458 389 564 415 autem
594 384 675 423 legis
706 384 784 421 fuit,
814 394 854 414 ne
884 383 955 423 quis
981 394 1091 414 eorum

133 441 213 471 quos
243 430 333 461 Deus
363 428 570 468 adoptaverat
600 426 798 457 alienaretur
828 436 846 456 a
875 436 993 466 genere
1024 437 1090 465 suo,

132 479 228 513 atque
256 473 315 503 hoo
343 470 435 502 modo
463 469 651 500 descisceret
683 480 700 500 a
730 469 871 508 genuino
901 469 963 499 Dei
992 469 1092 508 ipsius

132 516 228 546 cultu.
274 514 310 545 Id
333 518 435 544 totum
457 511 743 550 comprehenditur
765 521 860 542 versu
886 511 1013 549 ultimo⁷
1038 511 1091 542 ubi

133 559 252 589 iterum
280 555 468 597 pronunciat
492 554 580 584 Deus
611 554 692 584 filios
717 553 868 584 Abrahae
898 564 966 585 esse
997 565 1091 585 suum

132 601 307 641 peculium,
334 597 483 638 quoniam
513 607 566 627 eos
596 596 704 626 eduxit
729 607 744 626 e
769 602 854 626 terra
878 597 1034 637 Aegypti,
1060 601 1091 627 et

133 643 273 674 vicissim
301 651 334 671 se
363 639 555 679 peculiarem
581 649 649 669 esse
672 639 814 679 ipsorum
844 639 960 669 Deum.
1005 639 1090 669 Nam

133 690 168 716 ut
191 684 252 715 Dei
275 683 425 714 beneficio
443 682 529 721 ipsos
550 682 611 712 frui
631 692 767 721 aequum
788 682 856 718 fuit,
881 682 926 712 sie
945 681 1089 713 vicissim

132 728 274 767 integros
287 725 406 756 servari
419 724 560 764 oportuit
579 725 611 754 in
632 730 717 755 recto
737 734 880 763 puroque
900 725 967 755 eius
986 724 1089 755 cultu:

132 770 159 801 si
183 780 258 800 vero
280 767 416 798 fuissent
438 767 584 807 gentium
605 766 775 806 mancipia,
800 777 864 797 nou
884 766 977 797 modo
997 767 1090 797 dimi-

132 812 291 843 nuebatur
312 810 431 840 electus
455 808 600 849 populus,
623 809 677 840 sed
702 809 904 849 polluebatur
923 810 1089 840 circumci-

133 855 193 892 sio,
218 858 248 884 et
270 852 385 892 impiae
415 852 586 883 defectioni
610 851 704 882 ianua
730 852 939 891 aperiebatur.
988 852 1088 882 Porro

131 897 232 937 legem
256 905 345 926 suam
369 894 460 925 Deus
482 894 526 924 ita
551 901 709 934 temperat
738 900 773 925 ut
802 894 976 933 inquilinos
1001 895 1088 925 nullo

130 940 237 978 iniquo
260 937 425 977 dispendio
448 943 572 977 gravet.
596 948 695 976 quum
719 937 790 976 plus
814 937 907 976 ipsis.
932 944 1087 976 quantum

131 981 169 1012 ad
191 990 299 1012 servos
312 979 485 1016 Hebraeos,
510 979 666 1020 largiatur
686 990 782 1019 quam
801 980 972 1020 indigenis.
1008 980 1088 1010 Exi·
1114 1012 1116 1022 v

128 1025 206 1055 bant
234 1023 318 1053 enim
342 1022 433 1053 liberi
458 1032 542 1053 anno
567 1023 702 1062 septimo
726 1023 752 1053 si
776 1033 809 1052 se
833 1022 987 1053 fratribus
1012 1033 1088 1053 ven-
1113 1030 1115 1036 ’

129 1066 290 1097 diderant:
314 1066 371 1095 sub
391 1065 557 1104 inquilinis
586 1076 661 1095 vero
692 1065 927 1096 extendebatur
948 1066 1088 1096 servitus

128 1108 166 1138 ad
189 1118 308 1138 annum
334 1108 646 1147 quinquagesimum.

126 1235 230 1266 licitus
258 1235 357 1266 fuerit
378 1235 470 1266 Deus
500 1236 616 1275 populo
644 1246 701 1267 suo
731 1236 854 1275 largam
878 1241 908 1266 et
934 1236 1087 1275 multipli-

126 1288 194 1309 cem
218 1278 374 1309 bonorum
396 1279 541 1309 omnium
562 1279 702 1319 copiam.
723 1289 787 1309 non
808 1278 937 1309 aliunde
956 1279 1090 1319 contigit
1114 1313 1116 1322 J

125 1321 246 1360 inopia,
271 1322 362 1352 euius
386 1331 470 1351 nunc
494 1322 529 1351 fit
553 1321 688 1357 mentio,
720 1332 815 1361 quam
840 1332 880 1352 ex
904 1321 964 1352 Dei
990 1322 1087 1352 male-

126 1363 273 1394 dictione.
320 1363 477 1395 Videmus
508 1374 584 1404 ergo
613 1371 647 1394 ut
678 1374 734 1403 pro
763 1364 1007 1404 incomparabili
1032 1374 1089 1395 sua

126 1405 270 1437 bonitate
294 1417 427 1437 manum
451 1406 595 1446 porrigat
625 1407 705 1446 legis
737 1417 812 1437 suae
843 1407 1088 1447 transgressori-

125 1449 199 1480 bus:
223 1454 255 1479 et
278 1448 354 1480 dum
378 1460 430 1480 eos
454 1450 604 1489 pauperie
628 1449 779 1489 castigat,
810 1449 906 1479 simul
930 1450 993 1481 illis
1017 1460 1087 1489 pro-
1115 1475 1117 1485 ‚

126 1491 254 1531 spiciat,
279 1491 455 1531 quamlibet
478 1493 542 1522 sint
566 1491 705 1532 indigni.
739 1498 770 1523 et
794 1493 958 1523 aerumnis
983 1492 1088 1523 mede-

126 1540 197 1565 atur
220 1544 300 1574 quas
323 1545 381 1566 sua
404 1534 496 1574 eulpa
520 1540 762 1566 contraxerunt.

424 1703 486 1734 EX
511 1704 661 1735 LEVIT.
686 1703 796 1735 XXV.

210 1789 259 1820 23.
288 1789 385 1819 Terra
404 1791 502 1819 (iidem
525 1799 580 1818 non
600 1789 742 1820 rendetzir
764 1788 906 1827 absolute,
929 1790 1003 1829 qnia
1025 1800 1091 1821 mea

125 1834 169 1863 est
189 1834 288 1862 terra:
315 1841 369 1862 vos
397 1832 475 1862 enim
503 1832 676 1871 pereqrini,
707 1835 732 1862 et
756 1832 890 1863 advenae
913 1834 984 1863 estis
1008 1834 1092 1871 apud

125 1885 180 1905 me.
214 1874 264 1905 24.
290 1873 331 1904 In
353 1875 499 1905 universa
523 1877 622 1905 (intem
645 1878 725 1905 terra
745 1876 953 1913 possessionis
977 1878 1092 1906 restrae

125 1917 361 1956 redemptionem
394 1917 509 1947 dabitis
541 1919 647 1948 terrae.
701 1918 750 1948 25.
790 1918 889 1956 (emim
917 1921 1092 1949 attenuatus

126 1959 220 1998 fuerit
247 1959 347 1998 frater
377 1962 463 1995 tuns,
493 1961 518 1989 et
548 1960 718 1991 vendiderit
741 1960 777 1991 de
801 1962 994 1999 possessione
1016 1972 1091 1991 sem:

126 2003 195 2033 tune
213 2002 309 2033 veniet
327 2002 497 2040 redemptor
514 2002 582 2033 eius
600 2003 797 2041 propinquus
817 2003 897 2041 ipsi:
920 2007 947 2034 et
965 2004 1091 2034 redimet

128 2044 326 2076 venditionem
353 2044 467 2083 fratris
494 2045 553 2076 sni.
599 2045 648 2076 26.
681 2045 738 2081 Ei,
767 2046 796 2075 si
826 2056 884 2076 non
905 2046 1003 2085 fuerit
1024 2047 1091 2077 viro

129 2086 307 2126 redemptor,
331 2087 383 2118 sed
407 2087 643 2126 cqwrelienderit
665 2098 778 2119 neanias
800 2089 875 2125 eius,
899 2091 925 2119 et
943 2089 1092 2119 invenerit

131 2129 207 2166 quod
229 2129 343 2169 suffieit
365 2129 405 2160 ud
427 2130 496 2160 eius
518 2130 758 2170 redemptionem,
793 2131 842 2161 27.
871 2131 956 2163 Teme
973 2141 1090 2171 suppu-

99 2186 102 2189 ·
130 2171 201 2202 tabit
222 2182 317 2203 annos
344 2173 528 2203 venditionis
554 2183 643 2210 suae,
674 2176 701 2204 et
724 2174 858 2205 restituet
878 2174 958 2212 quod
985 2184 1092 2213 snper-

131 2215 176 2245 est
203 2215 268 2244 viro
293 2215 343 2246 cui
364 2215 515 2251 vendidit,
551 2218 578 2246 et
609 2218 774 2247 revertetur
806 2217 847 2248 ad
864 2217 1091 2255 possessionem

133 2265 230 2287 suam.
274 2257 323 2288 28.
356 2257 392 2288 Si·
422 2268 490 2289 vero
520 2268 578 2288 non
608 2259 757 2289 invenerit
786 2269 898 2290 manus
920 2260 987 2290 eius
1010 2259 1090 2299 quod

134 2297 267 2337 sufficiat
289 2300 328 2331 ad
357 2300 544 2331 reddendum
568 2301 624 2339 illi,
647 2303 711 2331 tum
734 2302 788 2332 erit
813 2302 943 2333 venditio
966 2302 1033 2333 eius
1056 2302 1088 2333 in

135 2349 228 2370 manu
249 2341 314 2372 eius
335 2343 389 2381 qui
409 2344 480 2374 emit
501 2343 598 2381 illum,
621 2354 717 2382 usque
740 2344 780 2375 ad
803 2354 918 2375 aonium
941 2344 1090 2376 Iubiiaei:

135 2384 167 2412 at
188 2384 352 2422 egredietur
373 2385 406 2416 in
428 2386 583 2424 Iubilaw,
611 2389 833 2426 reveneturque
863 2387 904 2418 ad
920 2388 1089 2425 possessio-

135 2434 203 2455 nem
223 2435 320 2457 suam.
363 2427 414 2459 29.
452 2429 510 2459 Vir
537 2431 638 2460 autem
659 2440 754 2468 quum
775 2430 945 2461 vendiderit
967 2430 1090 2462 domum

97 2471 100 2476 ·
135 2466 329 2499 habitationis
349 2470 382 2500 in
403 2471 476 2502 urbe
497 2475 630 2508 murata,
653 2473 711 2503 erit
732 2472 895 2513 redemptio
917 2473 984 2503 eius
1002 2473 1091 2504 donec

135 2509 319 2548 compleatur
339 2521 440 2544 annus
460 2514 643 2546 venditionis
670 2515 751 2546 eins:
781 2525 862 2546 anno
883 2525 943 2546 uno
966 2516 1023 2546 erit
1045 2526 1090 2546 re-

136 2551 266 2590 demptio
289 2553 362 2584 eius.
407 2555 455 2587 30.
483 2557 568 2596 Quod
590 2557 619 2588 si
641 2567 698 2588 non
722 2558 895 2589 redimatur
921 2557 1012 2590 donee
1034 2559 1090 2589 im-

130 2593 257 2642 pleatnr
275 2594 324 2626 illi
335 2606 433 2628 annus
448 2599 571 2640 inteyer,
589 2600 756 2632 remanebit
772 2601 881 2632 domus
897 2610 975 2639 quae
994 2601 1091 2640 fuerit

137 2646 171 2667 m
198 2639 318 2668 civitate
343 2639 392 2670 cui
420 2643 462 2671 est
486 2651 611 2680 murus,
645 2643 778 2675 absolute
804 2644 912 2675 ementi
939 2644 1027 2675 illam
1056 2644 1090 2675 in

222 2686 330 2714 Calvini
345 2696 433 2722 opera.
472 2692 527 2718 Vol.
546 2692 657 2720 XXIV.

835 205 1057 238 OCTAVUM
1080 206 1400 238 PRAEOEPTUM.

691 1107 754 1138 Illa
784 1112 910 1138 tantum
943 1108 1088 1147 exceptio
1113 1103 1115 1122 ¹*

125 1150 185 1182 fuit
203 1150 320 1186 addita,
340 1156 376 1180 ut
394 1160 472 1190 quos
491 1156 613 1181 emerat⁴
626 1150 808 1191 alienigena
821 1161 940 1187 servos,
960 1156 1088 1190 accepto
1113 1157 1114 1160 ’

126 1192 227 1233 pretio
251 1194 503 1223 manumitteret.
539 1193 713 1224 Caeterum
737 1204 834 1233 quum
859 1194 997 1223 antehac
1021 1194 1087 1233 pol·
1113 1226 1115 1235 ,

2053 212 2116 244 706

1141 300 1387 339 generationibus
1405 301 1488 331 eins.-
1506 311 1565 332 non
1583 301 1754 341 eyreclietur
1765 303 1798 333 in
1811 302 1960 336 Inbilaeo.
1984 305 2034 336 31.
2048 305 2114 337 Do-

1143 352 1212 372 mus
1235 345 1335 373 autem
1357 343 1503 374 villarum
1522 343 1633 382 quibus
1652 354 1712 374 non
1730 348 1772 376 est
1790 355 1900 377 murus
1918 348 1952 378 in
1971 348 2112 387 circuitu,

1142 385 1308 415 socmzdnm
1338 395 1448 425 aqi-um
1477 388 1575 417 terrae
1605 386 1833 426 aestimabitur,
1863 390 2031 429 redemptio
2053 391 2112 422 erit

1142 427 1179 463 ei,
1203 430 1229 457 et
1251 427 1285 457 in
1305 427 1445 459 Inbilaeo
1464 429 1642 468 eyredietnr.
1677 429 1727 460 32.
1756 430 1884 462 Urbium
1902 435 2003 463 antem
2023 433 2112 464 Levi-

1143 472 1260 505 tarnm,
1291 472 1318 500 et
1347 471 1506 501 domorum
1533 471 1656 502 urbium
1680 474 1891 510 possessionis
1913 485 2032 513 eornm,
2064 486 2112 506 re-

1143 512 1273 550 demptio
1291 516 1441 552 perpetna
1464 514 1522 544 erit
1545 514 1671 545 Levitis.
1717 515 1766 545 33.
1795 515 1854 554 Qui
1876 519 1978 547 antem
2004 519 2113 549 emerit

1143 565 1162 584 α
1187 554 1318 592 Levitis,
1343 556 1512 594 eyredietur
1533 556 1666 587 venditio
1687 557 1812 595 domus,
1837 561 1863 588 et
1884 559 1971 590 urbis
1987 570 2113 598 posses-

1143 597 1241 627 sionis
1259 598 1326 627 eins
1343 598 1376 628 in
1397 598 1546 635 subitam,
1566 600 1640 637 qnia
1661 600 1768 631 domus
1786 600 1910 631 urbium
1930 602 2111 634 Levitariim

1142 642 1184 669 cst
1197 640 1353 677 possessio
1372 650 1473 670 eornm
1494 641 1526 671 in
1539 642 1637 672 medio
1653 642 1795 681 filiorum
1808 643 1917 674 Israel.
1953 645 2003 675 34.
2024 646 2112 685 Ayer

1142 685 1239 712 (notem
1281 682 1421 713 suburbii
1454 684 1577 714 urbium
1616 694 1721 715 eornm
1751 695 1813 716 non
1840 686 1998 723 rendetnr,
2032 688 2108 727 qnia

1137 725 1291 763 possessio
1308 727 1461 764 perpetim
1484 728 1526 756 est
1550 726 1625 757 illis.

1226 810 1275 841 23.
1315 810 1412 840 Terra
1435 813 1544 841 autem.
1579 811 1664 850 Quia
1688 812 1767 852 legis
1792 812 1889 844 huius
1909 815 1990 845 ratio
2014 825 2111 854 pecu-

1141 851 1229 883 liaris
1253 853 1312 883 fuit
1337 852 1409 883 filiis
1434 853 1602 889 Abrahae,
1634 855 1691 884 vix
1716 865 1791 886 usus
1815 857 1918 895 aptari
1942 861 2047 896 potest
2069 857 2110 888 ad

1141 895 1280 935 reliquos
1299 895 1443 934 populos.
1477 895 1532 926 Sic
1555 897 1639 926 enim
1660 898 1802 936 aequalis
1824 899 1884 929 sub
1907 899 2001 931 Iosue
2025 900 2110 931 faeta

1141 944 1209 967 erat
1234 944 1339 968 terrae
1363 937 1510 977 partitio,
1543 943 1578 968 ut
1607 939 1639 969 in
1664 940 1809 979 singulas
1834 941 1938 973 tribus
1961 946 1993 973 et
2016 942 2108 973 fami-

1141 980 1199 1010 lias
1224 980 1395 1011 distributa
1424 979 1606 1011 haereditas
1637 988 1730 1013 esset.
1776 983 1845 1013 Imo
1876 995 1938 1023 quo
1966 986 2110 1016 sanctior

1141 1027 1286 1053 maneret
1309 1022 1480 1062 unicuique
1500 1034 1558 1054 sua
1576 1025 1744 1063 possessio,
1770 1031 1855 1056 sorte
1879 1027 1983 1058 divisa
2004 1027 2110 1059 fuerat

1142 1071 1241 1103 terra,
1270 1076 1305 1096 ac
1336 1066 1363 1096 si
1394 1065 1484 1096 Deus
1516 1076 1612 1096 manu
1645 1077 1702 1097 sua
1734 1079 1785 1098 eos
1817 1069 1936 1100 locaret
1966 1070 1998 1100 in
2022 1077 2111 1101 certa

1141 1109 1286 1138 statione.
1332 1108 1480 1147 Denique
1510 1108 1637 1139 sortitio
1669 1110 1724 1140 illa
1747 1111 1880 1150 perinde
1903 1117 1973 1143 erat
1996 1123 2032 1143 ac
2055 1113 2110 1144 de-

1141 1156 1263 1181 cretum
1283 1150 1470 1181 inviolabile
1487 1151 1589 1190 ipsius
1604 1151 1674 1189 Dei,
1700 1158 1734 1182 ut
1755 1164 1882 1193 semper
1903 1155 2027 1195 vigeret
2046 1156 2110 1187 foe-

1141 1192 1226 1224 deris
1248 1193 1418 1231 memoria,
1443 1204 1505 1233 quo
1524 1198 1630 1225 terrae
1655 1195 1837 1227 haereditas
1860 1198 2018 1236 promissa
2041 1199 2110 1229 fue-

1141 1240 1191 1266 rat
1224 1235 1375 1266 Abrahae
1409 1241 1441 1266 ct
1474 1236 1543 1267 eins
1576 1238 1722 1276 posteris.
1769 1240 1875 1278 Atque
1910 1240 1987 1270 adeo
2023 1249 2110 1272 terra.

1143 1278 1299 1309 Chunaan
1324 1278 1421 1308 arrha
1445 1284 1527 1315 erat,
1560 1279 1610 1310 vel
1634 1280 1833 1320 symbolum,
1860 1282 1908 1313 vel
1940 1284 2109 1322 speculum

1143 1321 1323 1360 adoptionis
1346 1321 1378 1351 in
1403 1332 1465 1360 qua
1489 1321 1621 1352 fundata
1644 1328 1713 1353 erat
1736 1334 1845 1354 eorum
1870 1325 1966 1356 salus.
1999 1325 2110 1364 Quare

1143 1364 1260 1394 mirum
1296 1374 1359 1394 non
1394 1368 1441 1393 cst
1474 1365 1499 1394 si
1534 1364 1614 1395 illud
1653 1366 1885 1397 inaestimabile
1919 1367 2111 1399 beneficium

1144 1407 1232 1437 Deus
1267 1406 1405 1436 noluerit
1436 1417 1577 1446 unquam
1612 1408 1813 1439 intercidere.
1858 1409 1896 1440 Id
1931 1416 2038 1441 autem
2069 1421 2111 1442 ne

1144 1450 1249 1486 fieret,
1293 1455 1447 1488 tanquam
1488 1450 1642 1488 providus
1682 1452 1912 1491 paterfamilias
1958 1454 2108 1484 fraenum

1144 1492 1255 1522 iniecit
1283 1491 1355 1522 filiis
1383 1492 1465 1529 suis,
1492 1503 1533 1522 ne
1556 1493 1682 1533 prodigi
1707 1495 1819 1525 fierent
1844 1495 1945 1525 nimia
1968 1496 2109 1527 licentia.

1144 1534 1227 1564 Nam
1248 1534 1302 1573 qui
1322 1538 1505 1574 suspectum
1531 1535 1628 1566 habet
1652 1536 1831 1575 haeredem,
1857 1542 1944 1568 vetat
1967 1538 2110 1570 alienare

1145 1577 1227 1616 quod
1253 1577 1406 1616 relinquit
1425 1577 1667 1616 patrimonium.
1703 1579 1790 1610 Talis
1809 1580 1918 1619 itaque
1941 1581 2002 1611 suit
2025 1585 2111 1612 vete-

1145 1620 1188 1650 ris
1212 1619 1320 1658 populi
1344 1619 1500 1657 conditio,
1527 1631 1606 1659 quae
1631 1622 1809 1660 promiscue
1832 1623 1871 1652 ad
1895 1623 1973 1654 alias
1996 1629 2110 1664 gentes

1144 1662 1312 1693 transferri
1339 1662 1466 1701 nequit,
1498 1663 1612 1702 quibus
1646 1664 1719 1694 data
1750 1676 1812 1695 non
1841 1665 1900 1695 fuit
1929 1667 2111 1697 communis

1146 1704 1335 1735 haereditas.
1384 1705 1522 1744 Aliquod
1556 1706 1590 1736 in
1619 1706 1689 1737 iure
1724 1707 1902 1738 redimendi
1934 1708 2109 1749 vestigium

1144 1752 1291 1787 apparet:
1321 1747 1377 1778 sed
1406 1748 1479 1787 quia
1507 1747 1539 1778 id
1566 1749 1683 1787 pendet
1713 1761 1751 1780 ex
1776 1751 1915 1789 partium
1939 1760 2108 1789 consensu,

1144 1790 1259 1820 deiude
1278 1790 1424 1829 specialis
1439 1795 1486 1821 est
1503 1791 1713 1822 contrahendi
1733 1793 1823 1830 ratio,
1844 1793 1925 1823 nihil
1944 1793 1983 1823 ad
2002 1793 2108 1834 legem

1144 1833 1244 1863 Mosis
1273 1843 1353 1872 quae
1382 1836 1446 1863 tam
1475 1833 1624 1864 homines
1647 1845 1742 1874 quam
1767 1846 1862 1875 agros
1887 1836 1920 1865 in
1944 1836 2109 1876 integrum

1143 1875 1293 1905 restituit.
1346 1875 1416 1906 Iam
1450 1876 1534 1915 quod
1564 1881 1652 1907 terra
1677 1878 1835 1908 Ohanaau
1875 1878 1935 1908 Dei
1968 1883 2108 1917 vocatur,

1143 1917 1274 1957 perinde
1303 1922 1351 1948 est
1382 1928 1417 1949 ac
1447 1919 1473 1948 si
1505 1918 1662 1950 directum
1692 1921 1760 1951 eius
1789 1920 1965 1951 dominium
1989 1920 2040 1962 (ut
2062 1921 2108 1952 lo—

1142 1960 1298 2001 quuntur)
1332 1961 1400 1999 ipse
1433 1961 1494 1991 sibi
1529 1962 1583 1992 uni
1618 1969 1790 2000 assereret,
1826 1963 1919 1994 sicuti
1954 1964 2108 1994 continuo

1142 2008 1213 2043 post
1236 2003 1353 2033 elarius
1377 2010 1519 2034 mentem
1543 2015 1636 2035 suam
1660 2005 1808 2044 explicat,
1833 2006 1886 2036 ubi
1906 2005 1987 2037 filios
2006 2006 2110 2038 Israel

1143 2046 1219 2076 dicit
1241 2046 1275 2076 in
1294 2056 1331 2076 ea
1353 2046 1553 2085 peregrinari
1578 2052 1731 2087 tanquam
1755 2059 1829 2079 snos
1849 2048 2001 2088 hospites.
2035 2049 2109 2080 Etsi

1142 2089 1227 2119 enim
1257 2088 1377 2127 optima
1400 2088 1464 2119 illis
1487 2089 1548 2119 fuit
1578 2101 1658 2129 quae
1682 2091 1774 2121 iustis
1798 2096 1829 2122 et
1852 2091 2016 2131 perpetuis
2036 2102 2109 2131 pos-

1142 2130 1319 2162 sessoribus
1337 2131 1476 2162 conditio
1500 2142 1569 2163 esse
1593 2136 1712 2172 potest:
1744 2133 1803 2164 Dei
1828 2138 1935 2164 tamen
1959 2134 2121 2174 respectu'

1142 2184 1205 2204 non
1236 2173 1297 2204 nisi
1329 2173 1433 2204 coloni
1463 2179 1569 2213 erant,
1604 2176 1678 2214 quia
1707 2176 1853 2216 precario
1884 2180 2009 2207 tantum
2042 2177 2108 2209 illic

1141 2216 1354 2256 quiescebant.
1384 2216 1424 2246 In
1444 2227 1578 2254 summa,
1602 2218 1692 2249 Deus
1712 2218 1849 2249 fundum
1869 2218 1929 2249 sibi
1949 2219 2108 2257 vendicat,

1141 2270 1182 2289 ne
1206 2269 1345 2298 unquam
1369 2258 1517 2290 efflueret
1539 2259 1723 2291 donationis
1746 2261 1909 2292 memoria.

1226 2302 1276 2332 24.
1311 2301 1352 2331 In
1373 2302 1519 2332 universa
1540 2305 1632 2334 terra.
1666 2305 1850 2343 Antequam
1870 2303 1908 2334 ad
1931 2303 2108 2336 jubilaeum

1141 2344 1264 2381 veniat,
1300 2354 1414 2383 agrum
1445 2354 1463 2374 a
1491 2355 1632 2385 paupere
1663 2346 1846 2384 venditum,
1881 2356 1947 2377 non
1978 2352 2107 2378 tantum

1140 2387 1387 2426 consanguineis
1417 2386 1574 2418 redimere
1599 2389 1774 2428 permittit,
1803 2388 1858 2419 sed
1888 2389 1950 2429 ipsi
1980 2400 2107 2430 quoque

1141 2429 1314 2467 venditori,
1345 2429 1371 2459 si
1395 2439 1488 2461 nemo
1515 2431 1713 2462 interveniat
1742 2431 1933 2471 redemptor.
1978 2432 2107 2473 Cogna-

1141 2473 1181 2503 tis
1211 2472 1321 2502 eadem
1353 2471 1438 2512 apud
1466 2472 1545 2503 alias
1575 2483 1701 2513 quoque
1729 2478 1842 2514 gentes
1872 2473 1945 2505 data
1973 2474 2037 2506 fuit.
2069 2475 2107 2506 li-

1140 2515 1262 2551 bertas,
1292 2514 1347 2545 sed
1370 2515 1403 2545 in
1427 2514 1590 2546 diversum
1620 2517 1734 2556 finem,
1766 2521 1802 2547 ut
1824 2527 1942 2547 nomen
1964 2517 2107 2549 familiae

1139 2561 1404 2589 conservaretur:
1436 2557 1583 2589 venditor
1613 2563 1720 2590 autem
1744 2558 1783 2589 ad
1806 2559 2029 2591 redimendum
2049 2561 2106 2592 ad-

1140 2601 1258 2631 missus
1282 2610 1346 2630 non
1369 2600 1446 2637 fuit,
1474 2600 1537 2631 nisi
1560 2600 1677 2632 diserte
1700 2601 1732 2632 id
1755 2605 1926 2641 exceptum
1948 2607 2046 2641 esset,
2070 2603 2107 2634 in

1141 2646 1316 2674 contractu.
1361 2642 1468 2683 Agros
1491 2647 1600 2674 autem
1625 2654 1756 2675 manere
1785 2644 1888 2676 voluit
1910 2645 2001 2677 Deus
2030 2656 2107 2686 pos—
