2304 3034
141 182 201 212 ‘237

141 274 280 305 dandam
316 285 384 305 esse
417 284 546 314 operam
581 277 616 304 ut
648 283 682 304 se
715 273 900 303 contineant
933 271 990 302 sub
1028 272 1097 303 eius

141 317 299 348 custodia:
324 327 384 356 qua
407 317 435 347 si
458 316 569 346 nudati
593 316 674 353 sint,
705 314 786 344 nihil
810 318 937 353 praeter
960 314 1096 353 ignomi-

140 361 226 390 niam
261 365 291 390 et
321 359 475 398 pudorem
509 357 649 388 restabit.
701 356 824 387 Eodem
854 366 950 386 sensu
979 356 1095 393 adiicit,

139 413 208 434 esse
228 403 333 432 Deum
357 403 511 441 ipsorum:
536 400 609 439 quia
632 399 711 429 nihil
736 399 839 438 magis
858 409 1045 437 perversum
1065 406 1096 429 et
1120 413 1122 437 ;

139 445 313 476 absurdum
327 454 419 483 quam
433 444 536 482 ipsum
550 441 661 472 mundi
673 442 817 481 opificem
832 451 895 471 non
915 440 1094 478 admittere,

138 488 193 518 ubi
216 498 249 517 se
273 487 355 517 ultro
378 487 410 516 in
434 486 538 516 Deum
563 484 665 514 offert.
708 483 918 514 Subnectitur
940 483 1094 522 probatio,

138 530 220 569 quod
255 529 364 560 multis
397 527 559 558 miraculis
592 526 745 556 virtutem
781 536 871 556 suam
895 527 1038 556 exseruit
1060 526 1093 556 in

138 573 274 603 salutem
304 570 420 610 populi.
466 569 508 599 Et
538 579 599 608 quo
627 569 729 608 magis
760 568 994 599 inexcusabiles
1024 569 1092 599 red-

139 615 275 651 dantur,
314 622 423 643 eorum
457 611 564 642 oculos
603 616 650 640 tot
684 611 840 641 virtutum
876 621 956 650 quae
989 610 1093 641 editae

136 658 266 688 fuerant
291 656 322 685 in
353 655 492 693 ipsorum
523 654 679 689 favorem,
710 658 807 684 testes
835 654 921 684 citat.
968 653 1093 684 Deinde

136 700 230 730 altius
253 696 445 733 conscendit,
469 696 556 726 brevi
581 701 724 735 tempore
748 696 938 726 mirabiliter
961 702 1091 727 auctum

136 742 231 772 fuisse
245 742 382 780 ipsorum
396 748 511 778 genus:
531 738 616 768 unde
629 744 797 773 constaret,
819 745 944 777 praeter
958 745 1091 769 naturae

135 784 275 818 modum,
297 781 423 812 coelesti
448 781 566 811 virtute
586 781 630 812 sic
650 781 748 811 fuisse
769 781 946 811 incredibili
967 782 1090 811 ratione

134 830 353 866 propagatum.
399 823 482 853 Nam
517 823 549 853 in
579 834 614 853 eo
643 829 729 854 certe
760 823 887 854 refulsit,
917 823 1090 863 singularis

134 869 195 900 Dei
215 866 398 901 benedictio,
419 865 499 905 quod
520 866 688 905 progenita.
712 872 787 897 sunt
812 866 929 905 septies
954 872 1090 897 centena

134 911 298 942 hominum
317 909 415 938 millia
438 909 523 938 iutra
546 908 697 939 ducentos
721 909 954 948 quinquaginta
976 919 1088 940 annos.

132 954 203 984 Hoc
225 962 287 983 non
312 951 458 981 viderant
480 951 580 982 oculis
603 951 669 982 suis
693 952 746 990 qui
770 957 847 982 tuuc
867 956 959 981 eraut
977 962 1087 990 super-

130 997 228 1027 stites.
273 993 336 1025 Sed
362 994 467 1024 Mose-s
491 993 529 1023 ab
552 994 675 1033 origine
707 995 823 1033 repetit
846 994 908 1024 Dei
940 995 1086 1034 gratiam,

129 1049 189 1078 quo
222 1037 340 1068 certius
374 1042 564 1075 agnoscant,
599 1036 751 1075 quidquid
790 1036 915 1076 experti
957 1037 1087 1067 fuerunt

127 1080 264 1121 pendere
288 1090 326 1109 ex
353 1079 524 1118 adoptione
546 1079 603 1108 illa.
626 1089 705 1118 quae
735 1079 822 1118 ipsos
852 1079 1001 1109 effecerat
1024 1079 1086 1109 Dei

126 1123 286 1163 populum.

210 1165 304 1195 Deut.
332 1165 378 1199 11.
405 1164 431 1194 1.
466 1163 572 1203 Diliye
595 1164 970 1203 'itaquelehommDeum
987 1167 1084 1195 tzmm.

125 1207 175 1238 Ad
198 1207 283 1237 huuc
306 1217 438 1246 scopum
463 1206 613 1245 dirigitur
637 1213 703 1236 tota
735 1207 852 1243 oratio,
882 1213 916 1237 ut
947 1207 1084 1246 populus

123 1260 180 1280 sua
198 1250 378 1280 ohedientia
397 1249 625 1289 gratitudinem
647 1254 792 1286 testetur,
813 1254 909 1288 atque
929 1250 973 1279 ita
988 1249 1082 1280 bene-

122 1293 202 1323 ficiis
216 1292 275 1322 Dei
295 1291 429 1323 allectus
449 1292 550 1331 legem
571 1292 638 1322 eius
660 1298 846 1322 reverenter
867 1292 1080 1331 amplexetur.

122 1334 194 1373 Qua
228 1335 322 1365 etiam
359 1333 396 1364 de
429 1345 540 1370 causa,
574 1340 746 1374 antequam
781 1334 820 1364 de
860 1335 940 1372 legis
981 1335 1081 1374 ipsius

123 1377 345 1408 observatione
376 1377 566 1416 praecipiat,
597 1377 698 1416 exigit
726 1387 865 1407 amorem
891 1377 962 1407 Dei.
1010 1378 1078 1408 Etsi

121 1421 205 1451 enim
226 1430 282 1459 pro
295 1420 430 1459 imperio
448 1429 484 1450 ac
502 1421 670 1450 minaciter
688 1420 796 1450 iubere
816 1426 947 1459 poterat,
967 1421 1079 1450 maluit

121 1463 261 1499 comiter,
286 1463 447 1502 proposita
469 1463 592 1502 gratiae
614 1473 690 1493 suae
714 1462 897 1497 dulcedine„
924 1463 1076 1502 populum

121 1504 158 1535 ad
189 1504 373 1544 obsequium
405 1505 570 1535 adducere.
624 1505 661 1535 In
692 1516 832 1541 summa,
865 1505 1013 1536 hortatur
1042 1510 1078 1535 ut

120 1548 225 1578 Deum
246 1548 336 1579 cuius
355 1558 462 1578 amore
485 1549 648 1587 provocati
669 1554 754 1583 suut,
774 1554 887 1578 mutuo
900 1548 1075 1578 redament.

120 1589 249 1620 Interea
270 1597 381 1621 notare
404 1590 563 1626 convenit,
588 1590 780 1630 principium
805 1591 854 1621 vel
880 1596 975 1631 caput
997 1591 1076 1630 legis

119 1633 179 1662 rite
211 1633 388 1664 servandae
423 1643 491 1663 esse
524 1633 689 1663 liberalem
721 1634 871 1663 affectum
902 1634 977 1673 quia
1011 1644 1075 1664 non

119 1680 223 1714 potest
235 1676 304 1706 Deo
327 1676 452 1715 placere
475 1676 557 1715 quod
583 1676 612 1706 vi
636 1682 691 1706 aut
710 1682 796 1706 metu
816 1676 924 1707 servili
949 1687 1078 1716 expres-

119 1728 190 1748 sum
213 1724 270 1749 est.
315 1718 491 1757 Praecepta
516 1719 595 1758 legis
619 1719 764 1758 pluribus
790 1720 893 1750 verbis
919 1718 1075 1759 designat,

119 1770 179 1799 quo
209 1761 362 1791 attentius
392 1761 499 1791 studia
529 1772 586 1792 sua
615 1761 777 1800 applicent
806 1761 844 1792 ad
879 1762 1075 1793 audiendum

119 1803 234 1841 Deum,
255 1804 308 1843 qui
328 1804 366 1834 ad
387 1804 587 1834 formandam
608 1814 718 1834 eorum
739 1805 840 1834 vitam
861 1804 941 1834 nihil
959 1805 1076 1835 omisit.
1101 1826 1103 1832 ,

119 1845 190 1876 Hac
218 1847 301 1876 enim
330 1848 501 1876 verborum
533 1847 735 1877 distinctione
766 1848 940 1886 significat,
972 1848 1076 1878 Deum
1101 1884 1103 1893 x

119 1887 318 1919 familiariter
348 1893 377 1919 et
406 1889 506 1919 solide
536 1889 682 1920 docuisse
712 1890 865 1929 quidquid
896 1900 975 1929 opus
999 1896 1076 1920 erat.

119 1930 168 1961 De
192 1932 294 1962 tribus
324 1931 393 1962 aliis
425 1932 571 1969 vocibus,
602 1933 748 1968 statutis,
779 1931 907 1963 iudiciis
931 1938 962 1963 et
985 1943 1076 1972 prae-

119 1974 234 2012 ceptis,
266 1974 336 2004 vide
365 1973 440 2014 quid
472 1974 607 2005 dixerim
640 1975 670 2004 in
695 1975 840 2005 Genesin
864 1980 895 2005 et
918 1976 1075 2006 Psalmos.

119 2015 242 2046 Nomen
266 2023 398 2049 ῙἾἾὩΨΤΞ,
418 2028 472 2047 seu
496 2017 674 2055 custodiae,
704 2017 787 2056 quod
811 2018 913 2057 primo
933 2018 1001 2049 loco
1024 2018 1076 2049 hic

120 2059 255 2096 ponitur,
275 2059 377 2098 legem
391 2059 466 2090 hinc
484 2059 695 2096 commendat,
716 2060 797 2099 quod
818 2060 908 2091 velut-
926 2061 1077 2091 cancellis

121 2101 358 2132 circumscribat
393 2103 492 2133 vitam
528 2108 688 2139 nostram,
722 2114 762 2133 ne
797 2103 835 2133 ad
868 2103 1015 2134 dextram
1044 2110 1077 2134 et

121 2143 280 2174 sinistram
304 2144 464 2176 erroribus
487 2146 527 2175 sit
551 2146 698 2176 obnoxia.
743 2145 781 2175 In
807 2147 869 2176 fine
900 2157 1012 2177 versus
1036 2147 1074 2177 ad

122 2187 387 2224 perseverandum
401 2187 563 2218 hortatur:
575 2189 648 2227 quia
661 2189 707 2219 fas
720 2198 784 2218 non
798 2194 865 2219 erat
878 2188 1075 2220 liberationis

122 2229 303 2258 memoriam
329 2240 466 2268 unquam
491 2230 691 2261 intercidere.

205 2269 233 2300 2.
253 2270 294 2301 Et
304 2272 402 2303 scitote
413 2272 515 2304 hodie:
532 2284 591 2305 non
603 2274 763 2304 enimcum
778 2273 864 2312 filiis.
896 2274 1075 2305 Confirmat

123 2320 231 2342 rursus
254 2314 446 2352 superiorem
470 2317 676 2346 sententiam:
707 2316 781 2355 quia
812 2318 891 2348 satis
914 2328 1074 2357 superque

123 2354 294 2391 praeclaris
318 2356 377 2386 Dei
404 2359 550 2396 operibus
581 2359 683 2389 edocti
711 2358 833 2389 fuerint
861 2360 963 2399 qualis
991 2365 1075 2392 esset

123 2395 191 2425 eius
214 2398 362 2434 potentia,
385 2405 416 2429 et
438 2411 531 2439 quam
555 2402 727 2442 singularis
751 2412 828 2441 erga
849 2403 934 2442 ipsos
953 2403 1074 2434 miseri-

123 2437 238 2468 cordia.
273 2439 371 2470 Porro
393 2440 511 2481 duplex
534 2454 603 2474 esse
626 2449 732 2484 potest
757 2445 926 2476 verborum
950 2456 1072 2477 sensus.

123 2479 263 2518 Quidam
286 2482 371 2512 enim
394 2483 437 2514 ita
459 2492 647 2517 contexunt:
673 2488 864 2526 Cognoscite
887 2488 980 2519 hodie
1004 2500 1074 2519 eru-

124 2521 276 2553 ditionem
300 2524 450 2562 Iehovae‚
474 2534 504 2558 et
527 2529 711 2568 parenthesi
735 2530 921 2561 includunt:
960 2531 1072 2571 Neque

123 2565 207 2594 enim
227 2576 297 2596 cum
322 2566 395 2598 filiis
418 2570 532 2601 vestris
562 2571 691 2611 loquor,
722 2573 773 2611 qui
805 2584 868 2604 non
900 2579 1070 2610 noverunt,

123 2617 224 2646 neque
246 2608 403 2640 viderunt.

861 178 1123 211 PRAEFATIO
1146 180 1195 211 IN
1218 182 1390 214 LEGEM.

447 2611 511 2642 Alii
540 2619 648 2644 autem
677 2614 809 2645 verbum
834 2615 983 2647 hortandi
1008 2616 1069 2648 Co·
1096 2645 1097 2654 ,

2045 188 2107 219 238

1150 276 1310 314 gnoscite,
1341 287 1483 307 seorsum
1513 281 1544 307 et
1567 277 1636 309 sine
1659 279 1836 310 adiectione
1865 280 1991 320 legunt:
2021 282 2105 320 quod

1150 318 1307 355 posterius
1331 319 1410 348 mihi
1434 320 1536 360 magis
1559 320 1687 352 arridet.
1733 321 1925 362 Quanquam
1956 322 1995 353 ad
2018 334 2105 354 sum-

1149 369 1232 390 mam
1257 361 1301 391 rei
1324 361 1404 391 nihil
1429 362 1492 392 fere
1523 363 1656 394 interest
1685 365 1844 395 utramvis
1870 366 2104 405 expositionem

1147 412 1326 440 sequamur.
1374 404 1535 436 Admonet
1565 407 1651 436 enim
1676 407 1795 444 Moses,
1825 408 1850 438 si
1874 408 1966 439 modo
1990 409 2104 439 attenti

1147 443 1211 474 sint
1242 446 1280 475 ad
1311 456 1407 485 opera
1437 447 1512 483 Dei,
1543 448 1739 479 luculentam
1770 449 1836 480 illic
1865 451 2004 490 conspici
2035 451 2103 482 eius

1147 486 1292 525 gloriam,
1315 499 1395 527 quac
1418 489 1457 519 ad
1480 490 1547 521 eius
1571 492 1717 522 timorem
1742 492 1827 531 ipsos
1849 493 1984 524 erudiat..
2030 494 2103 532 Quo

1147 535 1253 559 autem
1278 531 1499 562 vehementius
1522 533 1593 564 illos
1617 540 1738 573 urgeat,
1763 535 1851 565 addit
1873 546 1906 566 se
1931 547 1994 566 non
2017 536 2104 576 loqui

1119 581 1120 587 ¹
1147 581 1217 601 cum
1243 573 1387 611 posteris,
1412 574 1450 604 ad
1474 585 1552 614 quos
1576 577 1765 615 perferenda
1788 582 1857 608 erat
1875 578 2104 610 miraculorum

1146 613 1247 649 fania,
1276 615 1330 645 sed
1362 617 1460 647 verba
1490 618 1592 648 faeere
1621 620 1704 658 apud
1734 620 1875 651 oculatos
1907 627 2017 659 testes,
2049 622 2103 662 qui

1146 656 1233 686 nulla
1257 657 1440 696 probatione
1464 659 1644 700 indigeant,
1673 672 1770 701 quum
1794 667 1879 693 certa
1903 665 2103 703 experientia

1145 699 1210 728 sint
1229 701 1376 731 convicti.
1414 702 1562 733 Pluribus
1582 711 1686 734 autem
1711 705 1823 744 elogiis
1846 706 1981 746 insignit
2004 707 2101 737 mira-

1145 741 1216 771 cula
1240 742 1302 779 illa,
1327 743 1439 782 quibus
1463 745 1615 776 virt-utem
1642 757 1732 777 suam
1759 748 1846 778 Deus
1870 758 1905 778 ac
1929 749 2101 780 bonitatem

1145 788 1280 815 testatus
1310 786 1393 825 apud
1427 787 1511 826 ipsos
1541 789 1659 818 fuerat:
1689 800 1729 819 nc
1759 789 1871 821 leviter
1899 796 2102 830 praetereant

1143 836 1224 865 quae
1248 827 1344 867 digna.
1367 834 1458 859 erant
1480 830 1620 861 maximo
1652 832 1755 863 studio
1786 838 1817 863 et
1848 833 1975 864 assidua
1998 834 2100 865 medi-

1143 870 1271 900 tatione.
1307 869 1357 900 De
1380 871 1511 911 reliquis
1535 883 1615 911 quae
1639 873 1714 904 alibi
1738 875 1884 914 exposita
1905 882 1989 914 sunt,
2014 887 2100 908 nunc

1142 910 1247 942 dicere
1270 913 1472 952 supersedeo.
1517 915 1641 945 Nomen
1667 923 1758 953 ἾΟῚὉ,
1794 918 1875 957 quod
1906 919 2009 958 primo
2031 919 2101 950 loco

1141 955 1239 992 ponit,
1259 956 1410 995 generale
1432 962 1489 993 esty
1512 964 1543 987 et
1566 958 1604 988 ad
1629 969 1739 990 omnes
1760 961 1881 999 species
1905 961 2100 993 extenditur.

1140 996 1254 1036 Itaque
1296 1008 1460 1037 perperam
1504 1006 1670 1031 verterunt
1708 1003 1800 1033 multi
1837 1003 2102 1045 Castigationem.

1141 1038 1233 1077 Quod
1254 1040 1287 1070 in
1308 1041 1370 1070 fine
1390 1052 1500 1073 versus
1519 1043 1662 1081 proxime
1682 1046 1845 1084 sequentis
1864 1045 1941 1077 dicit
1960 1047 2101 1087 perditos

1140 1082 1237 1112 fuisse
1262 1084 1438 1123 Aegyptios
1461 1085 1499 1114 ad
1524 1085 1612 1116 illum
1637 1086 1736 1121 diem,
1768 1088 1928 1127 intellige,
1958 1089 2099 1121 fructum

1139 1124 1237 1155 cladis
1260 1135 1321 1164 qua
1348 1127 1434 1157 Deus
1458 1127 1527 1157 illos
1550 1130 1758 1169 consumpsit,
1783 1132 1872 1170 quasi
1896 1138 2098 1171 praesentem

1138 1166 1242 1198 adhuc
1265 1169 1386 1199 sentiri.

1223 1210 1252 1241 ἴ).
1280 1211 1364 1249 Quae
1380 1214 1541 1250 praeterea
1562 1214 1633 1252 fecit
1651 1215 1732 1245 vohis
1745 1215 1864 1247 Ielcora..
1900 1217 1949 1247 De
1969 1217 2019 1248 his
2037 1228 2096 1248 suo

1137 1251 1203 1283 loco
1227 1252 1365 1289 dicetur,
1400 1259 1436 1284 ut
1468 1255 1548 1286 feret
1581 1256 1733 1288 historiae
1763 1259 1879 1296 series,
1909 1269 1927 1289 a
1957 1270 2018 1299 qua
2043 1260 2095 1292 hic

1136 1295 1316 1333 pauxillum
1341 1296 1507 1328 deflectere
1530 1309 1580 1328 me
1602 1300 1706 1339 coegit
1729 1300 1861 1331 docendi
1885 1303 1974 1333 ratio.
2010 1303 2094 1333 Nam

1136 1337 1257 1373 Moses,
1283 1344 1319 1368 ut
1342 1340 1482 1370 sanctior
1504 1347 1587 1371 esset
1605 1341 1685 1381 legis
1708 1344 1881 1380 autoritas,
1905 1346 2093 1376 summatim

1134 1390 1352 1420 quaecumque
1376 1383 1575 1422 contigerant
1601 1384 1633 1413 in
1657 1384 1791 1423 deserto,
1815 1387 1881 1417 suis
1900 1387 1931 1417 in
1952 1387 2092 1418 medium

1133 1424 1312 1462 proposuit:
1343 1430 1379 1454 ut
1409 1426 1525 1464 partim
1550 1433 1670 1456 metum
1693 1428 1874 1459 incuterent
1904 1440 1962 1460 suo
1986 1431 2092 1471 rigore

1134 1465 1192 1495 Dei
1218 1465 1350 1503 iudicia,
1376 1469 1491 1507 partim
1516 1469 1668 1500 beneficia
1698 1471 1820 1501 animos
1844 1482 1901 1502 sua
1925 1472 2092 1503 dulcedine

1132 1508 1306 1539 allicerent.
1343 1510 1483 1540 Tandem
1504 1511 1672 1549 concludit,
1697 1523 1730 1543 se
1750 1524 1813 1543 non
1833 1514 1917 1553 loqui
1938 1515 1975 1546 de
1996 1516 2090 1546 rebus

1131 1551 1317 1592 incognitis,
1348 1552 1402 1583 sed
1433 1564 1581 1585 revocare
1612 1559 1735 1585 tautum
1760 1556 1792 1586 in
1815 1558 2005 1588 memoriam
2030 1559 2089 1589 Dei

1130 1604 1234 1633 opera,
1260 1604 1394 1634 quorum
1419 1595 1478 1635 ipsi
1504 1597 1633 1627 fuerunt
1657 1605 1859 1636 spectatores.

1440 1765 1504 1795 EX
1527 1765 1658 1798 DEUT.
1683 1767 1776 1798 VIII.

1215 1850 1241 1880 1.
1266 1850 1359 1881 Omne
1373 1853 1568 1889 praeceptum
1587 1852 1666 1890 quod
1683 1863 1733 1892 eyo
1746 1854 1906 1893 praecipio
1924 1854 1979 1885 tibi
1990 1855 2084 1893 hodie,

1129 1893 1305 1923 custodietis
1323 1895 1356 1922 ut
1376 1894 1517 1931 sociatis,
1541 1896 1573 1924 ut
1592 1895 1717 1931 vivatis,
1742 1898 1767 1925 et
1786 1896 2041 1934 multiplicemini,
2060 1901 2087 1929 et

1129 1935 1350 1974 ingyrediamimss
1381 1939 1414 1966 rut
1443 1937 1628 1974 possideatis
1660 1940 1771 1968 terram
1804 1939 1842 1969 de
1875 1949 1935 1977 qua
1969 1941 2087 1972 iuravit

1129 1977 1242 2008 Iehova
1259 1978 1405 2017 patribus
1426 1980 1544 2009 vestris.
1590 1979 1617 2010 ⁶2.
1642 1979 1881 2019 Illmm'nerisqzte
1903 1983 1994 2013 totius
2017 1984 2086 2014 viae

1123 2030 1181 2059 per
1203 2031 1295 2059 quam
1323 2021 1450 2052 deduxit
1480 2024 1506 2051 lc
1529 2021 1642 2052 Ieleova.
1665 2022 1751 2053 Deus
1773 2026 1844 2053 tuus
1865 2024 1929 2054 iam
1951 2026 2085 2063 quadra-

1126 2064 1213 2102 ginta
1236 2064 1330 2093 annis
1351 2064 1383 2094 in
1406 2064 1537 2101 deserto,
1567 2067 1599 2094 ut
1628 2065 1777 2104 affligseret
1798 2068 1824 2096 te
1847 2076 1882 2096 (ιο
1904 2069 2030 2098 tentaret
2049 2072 2084 2105 ie,

1128 2108 1161 2136 ut
1178 2106 1267 2136 sciret
1284 2107 1360 2145 quid
1378 2106 1500 2137 haberes
1518 2107 1549 2137 ‘in
1569 2108 1655 2138 corde
1672 2110 1730 2143 tuo,
1749 2110 1852 2138 utrum
1870 2109 2086 2142 observaturus

1128 2158 1209 2179 esses
1225 2152 1392 2187 praecepta
1425 2150 1508 2185 eius,
1543 2159 1655 2180 aimon.
1700 2150 1728 2180 3.
1762 2150 1806 2181 Et
1836 2152 1951 2190 afflavit
1976 2155 2014 2191 te,
2049 2164 2084 2184 ac

1127 2191 1246 2222 esurire
1264 2194 1290 2222 te
1306 2192 1385 2230 fecit,
1401 2195 1507 2231 postea
1520 2193 1608 2230 pavit
1626 2195 1651 2222 tc
1669 2202 1749 2229 man,
1769 2194 1848 2231 quod
1866 2204 1927 2224 non
1946 2205 2083 2232 noveraS,

1127 2244 1220 2272 neque
1250 2237 1393 2264 noverant
1418 2237 1525 2273 patres
1554 2235 1616 2265 tui.-
1644 2238 1675 2265 ut
1704 2235 1782 2266 scire
1810 2236 1925 2274 faceret
1953 2240 1979 2267 te
2004 2239 2084 2276 quod

1127 2286 1186 2306 non
1209 2277 1242 2307 in
1260 2287 1345 2315 pane
1367 2277 1429 2307 solo
1452 2277 1527 2307 vit-et
1549 2277 1648 2315 ltomo,
1672 2278 1724 2308 sed
1745 2279 1828 2308 omni
1849 2289 1881 2309 eo
1904 2279 1983 2317 quod
2003 2291 2085 2320 eyre-

1126 2319 1211 2349 ditur
1244 2329 1281 2349 ez
1314 2328 1364 2350 ore
1392 2319 1519 2350 leleovae
1547 2320 1626 2350 vivet
1654 2320 1747 2350 homo.
1799 2321 1828 2351 4.
1867 2321 2084 2354 Vestimentum

1125 2363 1211 2391 tuum
1234 2372 1426 2400 nequaquam
1456 2363 1599 2392 veteravit
1620 2372 1712 2401 super
1733 2365 1773 2400 te,
1806 2374 1901 2402 neque
1922 2374 1980 2403 pes
2009 2368 2083 2396 tuus

1125 2404 1273 2434 iutmn'ztt't
1291 2405 1354 2434 iam
1373 2405 1577 2443 q'nadragyinta
1595 2405 1696 2435 annis.
1730 2405 1758 2435 5.
1780 2404 1927 2444 Sciasque
1944 2407 1977 2437 in
1995 2408 2083 2439 corde

1124 2448 1174 2477 tuo
1197 2448 1277 2485 quod
1299 2448 1550 2485 quemamodum
1573 2448 1673 2478 erudit
1695 2447 1780 2478 homo
1796 2448 1895 2486 filium
1914 2459 2014 2487 suum,
2038 2451 2082 2481 sic

1125 2489 1238 2520 Ielzoca
1251 2489 1337 2520 Deus
1359 2493 1432 2520 tuus
1449 2490 1549 2520 erudit
1566 2492 1601 2519 te.
1637 2490 1664 2519 6.
1689 2489 1731 2520 Et
1753 2492 1900 2521 custodies
1917 2495 2082 2531 praecepta

1125 2531 1254 2563 Iclzovae
1287 2531 1349 2563 Det
1385 2534 1444 2569 tui,
1484 2535 1517 2562 ut
1556 2532 1692 2562 mnhules
1724 2542 1785 2571 per
1824 2534 1892 2564 vias
1931 2535 2014 2572 eius,
2053 2538 2082 2566 ct

1122 2575 1231 2605 timeas
1256 2584 1331 2606 eum.
