2304 3034
116 195 177 227 301

116 288 220 328 piant:
244 288 378 327 ideoque
402 288 460 319 sibi
484 291 649 319 accersant
663 285 804 316 diversos
823 285 933 315 titulos
953 285 991 315 ad
1012 286 1074 316 iac-

116 331 214 361 tanda
234 332 361 370 pietatis
384 331 488 361 ol'ticia
510 340 590 369 quae
615 328 702 358 nulla
722 335 807 358 sunt.
843 327 885 357 Et
904 334 989 358 certe
1013 328 1074 358 nisi

115 373 244 404 Iudaeis
266 374 417 403 iniectum
433 372 545 403 fuisset
557 372 712 406 fraenum,
731 370 789 400 zeli
810 369 944 408 duplicis
959 371 1074 400 famam

116 421 301 455 captassent
320 426 357 446 ex
380 415 482 446 fallaci
502 414 671 450 oblatione,
701 421 758 442 noc
783 412 846 442 illis
866 412 978 451 religio
998 412 1076 443 fuis-

117 464 174 494 set,
200 458 325 489 dicandi
348 464 515 497 praetextu
540 456 663 494 eripere
684 455 751 485 Deo
775 454 857 493 quod
878 455 978 493 ipsius
998 460 1075 485 erat.

202 500 298 531 Deut.
321 501 368 535 15,
390 500 439 530 19.
472 498 565 530 Omne
582 497 830 536 primoqevitmn.
878 496 1077 536 Adiungitur

116 543 218 574 altera
245 544 359 580 cautio,
389 552 427 572 ne
456 551 548 580 quem
573 540 712 570 fructum
746 539 925 578 percipiant
949 551 986 569 ex
1012 540 1077 579 pri-

115 586 298 625 mogenitis.
329 585 482 615 Poteram
504 583 588 612 enim
615 582 703 611 bovis
726 591 823 620 opera
843 582 890 611 vel
918 582 957 612 ad
981 593 1074 612 aran-

117 628 203 666 dum,
239 628 286 658 vel
318 627 355 657 ad
390 635 536 656 vecturas
571 625 632 654 uti:
668 630 816 663 poterant
846 625 942 654 etiam
974 634 1076 664 agnos

115 670 262 705 tondere,
294 676 325 700 et
347 675 456 708 postea
477 667 594 697 animal
620 666 760 697 deterius
783 666 941 697 adducere
964 668 1002 697 ad
1029 674 1074 696 ta-

114 712 334 744 bernaculum.
378 710 473 741 Iubet
495 720 571 749 ergo
598 710 684 740 Deus
707 710 765 739 sibi
790 709 872 739 bona
894 709 956 739 fide
987 715 1019 740 et
1041 709 1074 739 in

115 755 250 786 solidum
275 753 413 794 persolvi
434 753 515 792 quod
541 751 682 782 debetur.
729 751 822 789 Quod
853 752 879 781 si
911 763 949 782 ex
980 752 1075 783 malis

115 798 256 828 moribus
277 802 369 827 natae
387 803 459 825 sunt
482 795 582 825 bonae
603 794 705 833 leges:
732 795 806 824 hinc
825 800 959 834 apparet
977 806 1071 834 quani

115 840 226 871 audaci
249 838 421 879 cupiditate
445 848 571 876 semper
594 837 677 876 rapti
712 837 830 867 fuerint
857 837 1003 868 homines
1034 838 1072 867 ad

113 883 246 922 impium
261 882 399 912 lucrum:
424 890 520 919 quum
541 890 692 918 expresso
711 879 815 909 edicto
837 880 999 920 prohiberi
1021 891 1074 911 ne-

114 935 200 956 cesse
223 925 315 954 fuerit
340 934 379 953 ne
403 933 441 953 ex
469 922 528 952 Dei
552 924 674 952 iactura
698 921 853 953 ditescere
873 929 1072 962 appeterent.

113 966 222 1006 Quare
245 966 271 997 si
294 966 379 996 acuti
404 972 435 995 et
458 975 588 1003 sagaces
611 966 677 994 sint
701 964 753 995 alii
778 965 816 995 ad
837 965 916 995 alios
935 965 1072 996 circum-

110 1009 299 1045 veniendos,
330 1008 409 1038 nihil
446 1009 573 1045 mirum,
607 1007 734 1045 quando
769 1008 901 1038 minime
926 1008 1073 1038 dubitant

109 1052 202 1083 malis
225 1051 347 1082 artibus
370 1061 440 1081 cum
467 1049 536 1080 Deo
561 1050 680 1080 ludere.

124 1220 362 1252 APPENDIX
388 1220 497 1251 ALIA
529 1219 590 1250 DE
616 1218 765 1251 CENSU
788 1219 1047 1251 SOLVENDO.

397 1263 461 1294 EX
486 1262 633 1293 EXODI
658 1261 771 1293 XXX.

188 1349 236 1379 11.
272 1349 432 1387 Loquutus
464 1351 507 1379 est
535 1348 647 1379 Ieleova
682 1347 724 1378 acl
759 1347 884 1382 Mosen,
923 1349 1067 1379 dicendo:

102 1391 151 1422 12.
178 1392 333 1423 Subduees
354 1401 506 1421 summam
533 1391 670 1430 filiorum
699 1390 817 1425 Israel,
847 1394 943 1430 prout
965 1401 1068 1421 uume-

100 1435 164 1465 rati
193 1434 308 1473 fuerint
338 1434 418 1464 iuter
445 1444 509 1464 eos:
542 1433 657 1465 dobunt
686 1433 804 1472 sin-qula?
832 1434 1067 1472 redemptionem

101 1477 225 1508 animae
247 1487 322 1508 suae
346 1476 475 1507 Iehovae
497 1487 591 1515 quum
621 1476 834 1506 numeraveris
861 1487 918 1513 eos,
948 1480 975 1507 et
1004 1487 1066 1508 riou

100 1520 157 1551 erit
185 1520 218 1550 in
248 1520 293 1550 eis
318 1519 414 1558 playa
443 1530 538 1558 quum
567 1519 780 1550 rmmeeraverzls
811 1528 867 1549 eos.
924 1519 972 1550 13.
1000 1519 1066 1550 Hoc

99 1562 215 1593 dabunt
236 1563 364 1601 quisque
385 1563 540 1593 transiens
564 1562 643 1592 iuter
672 1564 864 1597 muneratos,
896 1561 1066 1592 dimidium

99 1604 168 1636 sicli
194 1606 359 1636 secuudum
389 1604 500 1635 siclum
527 1605 709 1635 sanctuarii.
765 1603 881 1642 Veffl‘ntz'
914 1604 1066 1635 obolorum

99 1650 143 1678 est
186 1648 299 1685 siclus,
343 1647 510 1678 dimidium
554 1647 622 1678 suli
667 1648 725 1678 erit
768 1646 879 1677 oblatio
924 1647 1063 1678 Ielzovae.

102 1689 148 1720 14.
175 1690 272 1722 Dives
301 1700 359 1721 nou
388 1690 520 1730 awebit,
555 1693 580 1720 et
604 1700 730 1729 pauper
757 1699 817 1720 uon
847 1690 996 1720 dinzinuet
1028 1700 1066 1721 ea:

99 1733 230 1764 dimidio
253 1733 336 1768 siclo,
360 1733 462 1763 dando
484 1732 662 1763 oblationem
682 1733 811 1763 Ielzovae
833 1733 874 1762 od
892 1733 1066 1772 expiandas

100 1777 222 1806 animas
244 1771 371 1806 vestras.
428 1775 471 1806 15.
505 1776 705 1815 Aecipt'esque
730 1775 895 1813 pecuniam
919 1776 1066 1815 expiatio—

100 1828 175 1848 num
198 1829 215 1849 a
236 1818 314 1856 filiis
339 1818 447 1855 Israel,
471 1820 497 1848 et
518 1818 609 1849 dabis
632 1828 700 1848 eam
722 1819 754 1848 in
778 1828 854 1856 opus
876 1818 1066 1848 tabernaculi

100 1861 281 1892 testimonii:
310 1861 424 1900 eritque
450 1861 527 1899 filiis
558 1861 659 1892 Israel
693 1862 724 1891 in
759 1860 935 1891 memoriale
964 1871 1066 1892 eoram

102 1903 223 1940 Iehova,
247 1903 288 1934 acl
310 1904 486 1943 expiandas
509 1905 634 1934 animas
653 1906 778 1934 vestras.

186 1988 234 2019 12.
262 1988 414 2020 Subduces
437 1999 590 2019 summam
607 1988 744 2026 filiorum
758 1988 867 2019 Israel.
892 1988 1062 2019 Tributum

101 2030 183 2071 quod
212 2032 263 2062 hic
292 2033 323 2062 in
354 2031 536 2071 peragendo
565 2042 661 2062 censu
693 2032 802 2071 populi
837 2031 938 2071 exigit
963 2032 1061 2064 Dens,

102 2074 221 2112 optima
250 2076 372 2105 ratione
403 2075 584 2104 annectitur
613 2076 714 2113 primo
747 2082 924 2114 praecepto,
979 2074 1060 2104 Nam

103 2116 190 2147 Deus
203 2116 385 2148 tributarios
405 2117 463 2147 sibi
484 2117 614 2153 facit-ns,
635 2128 710 2147 suae
730 2117 861 2147 ditionis
881 2128 915 2147 ac
935 2117 1060 2156 imperii

104 2168 171 2189 esse
201 2159 353 2193 ostendit,
384 2167 415 2189 et
443 2160 515 2198 quia
548 2160 606 2190 sibi
631 2170 685 2190 eos
709 2160 932 2199 acquisiverat,
965 2160 1060 2199 pendi

104 2199 163 2230 sibi
202 2202 306 2232 voluit
344 2201 421 2232 illud
460 2203 635 2242 agnitionis
677 2203 894 2232 voluntarium
932 2213 1059 2233 munus.

103 2242 267 2283 Principes
299 2245 332 2274 in
367 2245 502 2275 subditis
537 2246 747 2275 munerandis
777 2252 943 2276 recensent
975 2246 1061 2275 vires

105 2293 190 2315 suas:
222 2285 308 2317 Deus
338 2294 462 2323 autem,
493 2290 545 2327 qui
571 2288 735 2318 hominum
761 2299 857 2327 opera
886 2295 917 2318 et
940 2289 1060 2318 auxilio

105 2336 167 2356 non
191 2327 319 2368 indiget,
343 2330 442 2360 voluit
462 2330 626 2361 Israelitas
649 2332 763 2361 saltem
789 2331 893 2370 aliquo
915 2331 1060 2371 symbolo

106 2369 215 2399 testari
245 2381 277 2400 se
308 2371 421 2411 degere
449 2374 507 2403 sub
538 2374 607 2404 eius
641 2384 738 2404 mauu
773 2384 791 2404 a
818 2385 879 2412 quo
904 2373 1060 2413 redempti

106 2416 207 2441 erant.
266 2412 375 2451 Itaque
415 2425 512 2454 quum
557 2416 661 2446 David
703 2416 855 2455 populum
899 2417 1061 2446 recensuit.

106 2451 148 2493 (2.
173 2453 260 2484 Sam.
284 2455 332 2491 24,
355 2456 400 2496 2),
432 2458 507 2488 haec
527 2459 583 2489 fuit
609 2460 762 2498 quaedam
789 2459 896 2498 populi
921 2459 1062 2489 emanci-

107 2495 193 2534 patio
217 2506 234 2524 a
249 2496 305 2526 Dei
329 2500 534 2531 subiectione:
560 2502 693 2541 ideoque
718 2502 795 2532 hacc
814 2502 881 2532 sive
900 2502 1060 2540 superbia,

106 2538 175 2567 sive
197 2539 375 2577 temeritas,
405 2542 470 2571 sive
498 2544 696 2583 ingratitudo
720 2551 783 2574 tam
809 2555 919 2574 severe
949 2547 1061 2583 punita

106 2580 174 2610 fuit.
220 2581 318 2611 Porro
347 2584 419 2621 quia
449 2588 570 2617 censeri
596 2589 747 2626 populun]
773 2593 805 2616 ct
833 2587 909 2617 utile
935 2593 968 2617 et
994 2597 1059 2617 rec-

106 2627 176 2652 tum
200 2622 272 2661 fuit,
299 2623 407 2656 addita
428 2629 613 2667 exceptione
636 2630 667 2659 id
693 2630 899 2669 permittitur,
932 2635 965 2660 ut
989 2640 1060 2669 pre-

835 191 1021 223 PRIMUM
1045 192 1364 226 PRAEOEPTUM.

2028 196 2090 227 302

1129 286 1211 317 tium
1257 287 1486 327 redemptionis
1534 289 1566 319 in
1612 289 1740 330 singula
1779 288 1884 328 capita
1924 288 2088 326 solvendo,

1131 328 1234 360 Deum
1266 331 1395 361 unicum
1428 341 1537 371 regem
1560 336 1745 372 agnoscant.
1789 331 1884 370 Quod
1908 331 1962 362 alii
1985 331 2090 371 placa-

1129 372 1246 402 tionem
1280 373 1327 403 vel
1364 374 1581 413 expiationem
1617 385 1680 405 non
1715 374 1798 405 male
1832 378 1980 411 vertunt,
2014 375 2090 414 quia.

1129 413 1203 443 dum
1236 425 1269 445 se
1299 415 1483 446 fatebantur
1513 417 1581 447 Deo
1608 417 1708 447 vitam
1738 417 1869 456 debere,
1898 416 1957 448 hoc
1990 418 2090 457 grati-

1129 457 1251 488 tudinis
1285 459 1468 489 testimonio
1497 459 1562 490 illis
1591 465 1661 490 erat
1684 460 1850 499 propitius.
1896 459 2091 499 Quanquam

1128 504 1235 537 posset
1264 509 1281 530 a
1309 501 1445 541 tegendo
1476 501 1604 532 deduci:
1639 502 1714 542 quia
1743 512 1814 533 cum
1845 501 1929 533 ultro
1956 513 1989 533 se
2019 502 2089 534 Deo

1128 541 1336 580 subiicerent,
1380 549 1411 574 et
1445 545 1656 584 confugerent
1690 544 1749 575 sub
1782 544 1930 575 umbram
1965 545 2090 576 alarum

1128 583 1205 618 eius,
1236 584 1295 614 hoc
1321 586 1543 625 integumento
1575 587 1690 617 muniti
1721 592 1813 617 erant
1836 597 1872 618 ac
1895 589 1966 618 tuti.
2012 587 2089 618 Ideo

1128 626 1224 665 paulo
1254 632 1324 665 post
1348 628 1465 659 dicitur
1495 639 1614 660 munus
1638 629 1697 661 hoc
1720 629 1826 660 offerri
1851 630 1929 665 Deo,
1954 629 1993 660 ad
2017 640 2089 670 pro-

1127 668 1308 707 pitiandum
1333 681 1428 709 super
1451 671 1627 702 animabus.
1668 673 1712 702 Et
1735 672 1795 703 hoc
1818 671 1888 702 aliis
1912 672 2018 703 verbis
2037 683 2091 703 ex-

1127 710 1287 749 primitur.
1334 712 1382 743 Ne
1405 714 1571 753 contingat
1594 714 1698 754 plaga,
1727 719 1783 745 aut
1805 714 1924 745 clades:
1957 715 2032 754 quia
2054 715 2089 745 in

1127 753 1193 783 sola
1218 753 1279 784 Dci
1304 756 1500 793 protectione
1524 757 1585 787 sita
1607 763 1677 787 erat
1700 767 1811 788 eorum
1835 757 1932 791 salus,
1956 768 1996 788 ne
2019 758 2090 797 qui-

1127 795 1265 826 buslibet
1289 797 1382 828 malis
1405 798 1533 829 obnoxii
1558 804 1673 830 essent.
1719 799 1763 830 Et
1785 810 1883 839 quum
1907 800 2089 832 Pharaonis

1127 839 1212 868 servi
1246 845 1369 876 essent,
1400 851 1462 871 non
1498 841 1607 872 fuisset
1641 842 1786 881 legitima
1819 852 1928 873 eorum
1958 842 2089 874 libertas

1126 881 1186 910 nisi
1213 881 1280 911 Deo
1304 888 1416 913 autore
1439 889 1470 913 et
1493 884 1630 915 vindice.
1676 884 1785 923 Quare
1813 895 1853 916 ne
1884 895 1987 924 poena
2017 890 2088 916 tan-

1125 934 1219 962 quam
1243 925 1346 954 servis
1365 925 1509 965 fugitivis
1528 926 1737 967 infligeretur,
1761 938 1896 967 aequum
1918 927 1978 958 fuit
2000 927 2085 959 salu-

1126 972 1188 996 tem
1213 967 1347 997 solemni
1372 968 1435 998 ritu
1460 969 1544 1008 ipsos
1565 969 1632 1000 Deo
1650 969 1839 1001 adscribere.
1870 970 1987 1001 Parem
2008 981 2084 1001 vero

1125 1019 1283 1039 summam
1315 1010 1463 1041 omnibus
1493 1010 1627 1047 indixit,
1656 1018 1692 1042 ut
1714 1012 1842 1053 singuli,
1866 1013 2085 1053 cuiuscunque

1125 1057 1233 1081 essent
1256 1051 1386 1088 ordinis,
1415 1063 1433 1083 a
1458 1054 1589 1084 minimo
1613 1065 1712 1093 usque
1735 1055 1773 1085 ad
1799 1055 1994 1094 maximum,
2024 1056 2084 1086 sci-

1124 1099 1197 1123 rent
1231 1104 1265 1124 se
1300 1098 1382 1126 totos
1415 1095 1502 1126 illius
1533 1107 1611 1127 esse.
1656 1097 1723 1128 Nee
1753 1098 1870 1128 mirum
1895 1103 1956 1134 est,
1986 1108 2085 1137 quum

1124 1136 1183 1167 hoc
1205 1143 1288 1167 esset
1312 1137 1360 1168 ius
1381 1138 1557 1176 personale,
1581 1138 1630 1180 (ut
1648 1140 1747 1180 vulgo
1767 1140 1962 1182 loquuntur),
1986 1141 2084 1172 facul-

1123 1184 1206 1209 tates
1238 1190 1303 1209 non
1334 1181 1460 1211 venisse
1491 1182 1523 1211 in
1554 1182 1724 1218 rationem,
1756 1188 1792 1213 ut
1821 1183 1894 1223 plus
1923 1183 2084 1214 conferret

1123 1221 1213 1252 dives
1236 1232 1331 1261 quam
1355 1233 1486 1262 pauper,
1509 1224 1563 1254 sed
1588 1224 1670 1255 idem
1692 1235 1748 1264 pro
1767 1225 1903 1266 singulis
1925 1225 2084 1265 capitibus

1122 1265 1260 1303 pretium
1285 1265 1470 1296 solveretur.
1496 1265 1633 1297 Valebat
1655 1273 1762 1297 autem
1786 1268 1883 1299 siclus
1906 1268 2083 1299 sanctuarii

1122 1306 1344 1337 tetradachma
1367 1308 1509 1339 Atticum
1533 1308 1615 1348 quod
1644 1309 1796 1341 Budaeus
1830 1310 1979 1341 aestimat
2006 1321 2082 1350 qua-

1122 1349 1298 1380 tuordecim
1335 1350 1444 1381 solidis
1477 1351 1615 1391 gallicis,
1650 1352 1701 1382 vel
1725 1352 1861 1384 circiter.
1916 1353 2000 1384 Nam
2035 1352 2082 1384 di-

1121 1391 1277 1423 drachma
1307 1399 1430 1432 septem
1453 1394 1528 1424 facit
1551 1393 1683 1430 solidos,
1714 1395 1807 1426 sicuti
1831 1394 1985 1426 drachma
2005 1396 2082 1426 sim-

1121 1434 1192 1473 plex
1208 1435 1287 1465 duos
1306 1441 1338 1465 et.
1353 1436 1611 1475 sesquialterum,
1632 1437 1737 1467 minus
1750 1437 1914 1468 denariolo
1927 1438 2080 1469 turonico.

1120 1477 1207 1507 Illud
1237 1483 1284 1508 est
1316 1478 1501 1509 didrachma
1532 1479 1621 1510 euius
1653 1480 1774 1510 mentio
1808 1480 1845 1510 fit
1878 1480 1964 1520 apud
1996 1481 2081 1512 Mat-

1120 1520 1251 1550 thaeum
1277 1520 1325 1557 17,
1350 1520 1400 1552 24.
1446 1521 1527 1551 Nam
1548 1532 1646 1561 quum
1669 1522 1792 1553 subacti
1815 1533 1833 1552 a
1851 1522 2009 1554 Romanis
2032 1534 2081 1554 es-

1119 1569 1190 1593 sent
1214 1562 1334 1601 Iudaei,
1360 1563 1521 1603 probabile
1544 1569 1608 1600 est,
1643 1575 1704 1604 quo
1727 1565 1829 1604 magis
1849 1565 2081 1597 contumeliosa

1119 1611 1204 1636 esset
1226 1606 1377 1643 servitus,
1402 1606 1461 1637 hoc
1481 1607 1530 1637 ius
1550 1607 1662 1637 tributi
1682 1607 1720 1637 ad
1735 1607 1872 1638 victores
1885 1608 2080 1639 translatum

1120 1658 1198 1679 esse.
1222 1648 1306 1678 Nam
1332 1649 1409 1680 haec
1432 1649 1549 1680 oblatio
1573 1649 1728 1680 divinitus
1752 1650 1957 1690 praescripta,
1981 1661 2081 1691 quum

1120 1691 1321 1721 liberationis
1344 1696 1428 1722 esset
1461 1691 1638 1729 symbolum
1664 1691 1800 1723 Iudaeos
1830 1692 1869 1723 ab
1893 1693 1980 1724 omni
2008 1703 2081 1733 pro-

1119 1733 1194 1764 fano
1218 1734 1352 1773 imperio
1383 1734 1560 1771 eximebat,
1593 1740 1744 1774 tanquam
1775 1734 1906 1774 liberos,
1936 1735 1990 1766 vel
2022 1736 2080 1766 uni

1120 1776 1190 1806 Deo
1213 1776 1365 1808 addictos.
1421 1776 1487 1808 Sed
1510 1777 1584 1817 quia
1609 1777 1668 1808 Dei
1691 1778 1800 1817 iugum
1823 1788 1881 1808 sua
1904 1778 2081 1818 pervicacia.

1119 1824 1342 1857 excusserant,
1373 1830 1406 1850 se
1433 1820 1501 1850 iure
1531 1830 1588 1850 suo
1617 1820 1789 1859 exspoliari
1818 1825 1932 1859 sponte
1965 1831 2080 1860 passus

1118 1868 1164 1892 est
1188 1862 1274 1893 Deus
1299 1867 1334 1892 ut
1357 1862 1479 1892 alienae
1503 1862 1669 1902 tyrannidi
1693 1873 1745 1893 eos
1767 1862 1946 1894 subiiceret.
1977 1863 2080 1902 quue

1117 1905 1254 1944 contigit
1277 1905 1335 1935 sub
1359 1905 1482 1937 Christi
1507 1905 1697 1942 adventum,
1727 1910 1763 1935 ut
1785 1905 1854 1936 eius
1884 1905 2078 1937 desiderium

1116 1947 1148 1977 in
1174 1958 1283 1977 eorum
1307 1948 1423 1978 animis
1453 1958 1537 1978 nova
1566 1953 1596 1978 et
1630 1947 1758 1978 insolita
1781 1948 1944 1988 oppressio
1974 1948 2078 1988 magis

1116 1990 1314 2020 accenderet.
1339 1990 1538 2030 Quantisper
1559 1995 1664 2021 autem
1685 2001 1724 2020 ex
1741 1990 1821 2030 legis
1832 1990 1984 2022 mandato
2003 2001 2077 2022 cen-

1115 2042 1169 2063 sus
1194 2033 1245 2063 hic
1268 2033 1392 2063 solutus
1414 2039 1471 2069 est,
1495 2032 1649 2063 admoniti
1673 2032 1806 2063 fuerunt
1830 2032 1942 2063 Iudaei
1965 2044 1999 2064 se
2021 2043 2076 2073 po-

1115 2075 1225 2115 pulum
1249 2085 1318 2107 esse
1342 2076 1411 2106 Deo
1434 2086 1569 2106 sacrum.

1404 2243 1468 2274 Ex
1492 2243 1665 2274 NUMER.
1691 2243 1740 2274 VI
1755 2243 1786 2284 ¹).

1200 2330 1227 2360 1.
1253 2329 1294 2360 Et
1324 2330 1468 2369 loquutus
1495 2331 1537 2359 est
1567 2328 1680 2359 Ielzova
1713 2327 1754 2358 ad
1787 2327 1906 2363 Mosen,
1935 2328 2076 2360 diceudo:

1114 2373 1142 2403 2.
1167 2372 1331 2412 Alloquere
1350 2373 1433 2411 filios
1456 2371 1567 2408 Israel,
1598 2374 1625 2401 et
1647 2371 1697 2401 dio
1719 2370 1780 2401 eis:
1812 2370 1867 2400 Vir
1890 2373 1943 2401 aut
1965 2371 2076 2402 mulier

1113 2426 1206 2454 quum
1230 2416 1420 2453 separaverit
1441 2425 1472 2445 se
1493 2414 1622 2444 vovendo
1643 2415 1745 2444 votum
1769 2413 1937 2451 Nazaraei,
1967 2414 2008 2445 ad
2029 2424 2075 2445 se-

1200 2535 1226 2567 1)
1246 2535 1350 2560 Abhinc
1369 2535 1396 2559 z'n
1416 2534 1508 2559 latinis
1526 2532 1722 2564 e.remplaribus
1745 2531 1834 2556 nullae
1853 2531 1968 2564 amplius
1986 2531 2076 2557 rubri-

1114 2577 1160 2594 cae
1179 2570 1380 2601 Appendieibus
1398 2568 1589 2600 praefiquntur.
1620 2566 1752 2590 Gallicum
1771 2574 1832 2590 vero
1850 2566 1892 2591 hie
1910 2569 1933 2591 et
1952 2565 2075 2598 deinceps

1113 2604 1216 2628 effidem
1237 2604 1367 2629 adserunt
1385 2606 1413 2627 ut
1440 2606 1533 2627 antea:
1570 2601 1656 2625 Autre
1682 2600 1853 2633 dependence
1877 2600 1911 2624 du
1935 2608 2002 2625 voeu
2027 2600 2074 2625 des

1114 2638 1268 2662 Nazaricns.
