2304 3034
173 234 236 265 247

174 328 250 359 edes·
273 329 298 357 ct
320 324 487 359 saon-cris,
519 325 545 352 et
567 322 671 351 domos
701 322 840 361 εἴη-09105
869 321 1024 360 aedifices,
1054 325 1143 361 atque

174 370 290 401 habim
315 369 344 398 in
367 367 447 397 illis-.-
482 365 529 395 13.
554 362 596 395 Et
619 364 705 395 boves
729 364 775 394 mi
799 374 925 402 ovesque
948 366 1017 394 tuae
1039 364 1142 395 multi-

169 413 334 452 plicemtm·
368 410 528 447 arfatum
564 417 681 445 quoque
717 409 742 437 el
776 416 890 437 aarum
924 406 1144 445 multzpzz'eetm·

175 455 245 486 tabi:
264 464 348 483 amm
360 452 491 490 inquam
506 449 705 489 qnorlesttihe‘
718 449 951 488 multiplicetur:
988 449 1036 480 14.
1066 450 1144 480 Tum

175 498 302 527 dentem
324 505 376 525 <or
398 496 494 531 lnam,
518 496 543 524 et
566 492 760 523 obliviscaris
785 492 914 522 Ieltevae
928 491 990 522 Dei
1013 493 1066 529 lui,
1090 493 1143 531 qm]

175 539 276 570 edm-fr
300 540 324 567 le
346 547 360 567 e
384 540 467 567 terra
492 536 633 575 Aeyypti,
657 546 672 566 e
695 535 783 566 domo
806 545 971 565 servorum.
1007 535 1055 565 15.
1083 536 1143 574 (gui

175 581 299 612 ‹Ivdearil
323 583 349 610 le
367 590 426 618 per
448 580 603 609 desertum
627 588 771 617 matyrium
794 580 819 608 et
842 577 977 608 terribile
995 579 1144 617 serpentis

175 623 344 654 fulmentis.
377 625 402 652 el
431 621 621 660 scorpionis,
653 624 678 651 et
707 621 793 656 sitis,
830 621 862 650 'in
889 631 947 659 que
969 621 1056 651 nulla
1078 624 1143 652 crat

175 677 273 705 aqua:
295 666 348 704 qui
372 665 478 696 edurit
501 664 555 694 tihi
579 674 727 702 (ιτ-[1101710
744 666 837 702 petra
855 663 963 694 silicis.
1007 664 1055 694 16.
1083 665 1142 702 Qui

167 710 259 748 paz-ir
276 711 301 739 te
320 718 391 738 num]
419 708 447 737 iu
467 707 592 740 deserto,
616 706 695 745 quod
717 717 775 737 non
800 708 944 736 noverant
959 709 1068 744 patres
1087 707 1140 744 tut,

175 755 207 782 zet
229 752 378 791 (zfjliyeret‘
401 753 434 787 tc,
457 752 483 780 el
500 749 648 787 probaret
678 752 719 784 te,
749 752 781 779 ut
810 749 995 788 benefaceret
1024 750 1078 780 tibi
1107 750 1140 780 in

174 795 338 825 novissimo
361 795 420 823 tue.
476 793 522 822 17.
556 792 593 823 st
620 793 708 822 dicas
736 792 768 822 in
798 792 885 823 eorde
912 794 977 829 tuo,
1006 793 1141 831 potentia

173 848 239 868 mea
272 840 297 867 et
328 836 422 867 robur
454 845 568 865 11101105
602 845 683 865 meae
708 835 839 873 paravit
873 834 951 865 mihi
978 834 1037 865 lias
1062 845 1138 874 opes.

175 881 224 911 18.
259 880 317 910 Sed
346 879 521 909 memineris
550 878 678 908 Ieltowe
706 878 768 908 Dei
797 877 852 915 tui,
886 878 962 916 quia
995 879 1060 917 ipse
1090 878 1141 908 dat

174 923 228 954 tihi
250 922 422 962 jamdudum
444 921 485 951 ad
503 921 671 960 parandas
689 931 767 960 opes,
792 923 825 950 ut
848 921 998 959 confirmet
1018 924 1141 959 paetum

173 976 263 996 suum
288 964 368 1004 qued
391 964 665 1002 iuravitpatribus
688 964 758 999 tuis,
782 964 861 994 sient
883 964 917 994 *in
935 963 991 994 hac
1013 964 1070 995 die.

259 1051 306 1081 11,
334 1049 412 1080 Cave
434 1050 490 1080 tibi
514 1060 556 1080 ne.
607 1048 714 1087 Quam
739 1049 921 1079 necessaria
945 1049 1039 1079 fuerit
1064 1049 1141 1081 haec

172 1093 355 1129 admonitio,
381 1103 420 1123 ex
440 1093 602 1123 communi
625 1092 725 1122 totius
745 1092 879 1122 humani
900 1092 1028 1132 generis
1053 1092 1140 1129 vitio,

168 1135 251 1176 quod
269 1137 388 1175 passim
414 1135 518 1166 adhue
543 1135 679 1165 nimium
706 1141 883 1174 grassatur,
908 1135 1079 1165 aestimare
1103 1135 1139 1165 li-

169 1184 227 1211 cet.
265 1179 328 1208 Vix
354 1179 436 1209 enim
459 1178 655 1208 centesimus
674 1178 807 1218 quisque
828 1178 1009 1218 reperietur
1028 1178 1059 1208 in
1079 1188 1140 1217 quo

168 1222 321 1252 ferociam
348 1232 410 1251 non
435 1230 567 1261 generet
592 1221 733 1251 satietas.
780 1221 876 1251 Dicet
900 1228 1009 1260 postea
1032 1221 1140 1251 Moses

168 1266 202 1295 in
227 1265 350 1295 cantico
375 1263 412 1294 de
437 1265 619 1303 pervicacia
638 1264 725 1294 111105
745 1264 869 1303 populi:
896 1264 1048 1302 Dilectus,
1068 1263 1138 1303 pin—

169 1308 308 1348 guedine
332 1306 489 1337 obductus
513 1312 543 1337 et
568 1308 735 1347 saginatus
758 1307 946 1338 calcitravit.
1001 1307 1138 1337 Necesse

168 1352 268 1391 igitur
298 1350 358 1380 fuit
389 1351 535 1380 fraenum
565 1350 651 1381 iniici
687 1355 752 1380 tam
777 1350 974 1380 refraetariis
998 1349 1138 1380 homini-

169 1393 228 1424 bus
251 1395 315 1423 imo
338 1393 457 1423 arctius
486 1392 664 1433 constringi
695 1403 805 1423 eorum
837 1393 1000 1424 lasciviam
1033 1393 1064 1422 in
1090 1403 1137 1423 re-

169 1436 228 1466 bus
252 1435 424 1476 prosperis.
472 1435 536 1467 Sed
562 1437 599 1466 ad
632 1446 689 1466 005
713 1446 836 1475 quoque
861 1435 994 1465 eandem
1021 1435 1136 1466 doctri-

170 1490 246 1509 nam
270 1479 443 1509 extendere
468 1479 543 1509 lieet
566 1489 601 1510 ac
625 1479 795 1510 convenit:
828 1479 901 1518 quia
932 1489 1043 1509 omnes
1073 1478 1138 1509 fere

169 1522 307 1552 inebriat
342 1521 496 1557 felicitas,
532 1527 567 1552 ut
602 1526 713 1552 eontra
750 1521 851 1552 Deum
885 1522 1139 1561 intemperanter

169 1565 351 1601 lasciviant,
388 1566 500 1604 suique
530 1570 561 1595 et
606 1565 692 1595 illius
727 1564 968 1595 obliviscantur.
1026 1564 1138 1603 Itaque

171 1609 280 1639 Moses
303 1619 366 1638 000
384 1612 508 1638 tantum
532 1612 618 1637 vetat
631 1607 795 1638 Israelitas
815 1608 960 1647 ingratos
979 1618 1045 1638 esse
1062 1608 1138 1644 Deo,

171 1651 225 1681 sed
250 1650 401 1681 admonet
424 1656 460 1680 ut
483 1662 516 1681 50
541 1651 723 1681 custodiant
749 1650 820 1691 (hoe
845 1651 929 1680 enim
955 1649 1051 1681 verbo
1077 1650 1138 1680 uti-

171 1699 224 1724 tur
244 1704 301 1734 pro
321 1693 447 1734 cavere)
467 1693 506 1724 ab
530 1694 627 1733 impia
648 1694 703 1724 illa
723 1693 968 1734 ingratitudine.
996 1693 1137 1723 Alteram

173 1747 246 1767 mox
287 1736 467 1767 custodiam
505 1736 652 1777 adiungit
693 1747 750 1776 pro
793 1736 872 1776 legis
907 1736 1138 1766 observatione.

170 1780 261 1810 Haec
286 1787 392 1810 tamen
415 1790 541 1810 summa
564 1785 621 1817 est,
646 1790 772 1810 summa
796 1789 872 1809 eura
903 1784 935 1809 et
963 1779 1140 1809 attentione

171 1834 251 1862 opus
275 1833 345 1853 esse
372 1822 411 1853 ad
436 1822 616 1853 cavendum
642 1833 681 1853 ne
712 1823 742 1852 in
770 1822 866 1852 rebus
890 1821 981 1852 laetis
1007 1821 1141 1861 obrepat

171 1866 233 1896 Dei
258 1865 391 1895 oblivio:
423 1870 519 1904 :itque
549 1866 594 1896 ita
625 1875 760 1895 excusso
784 1866 852 1895 0105
877 1865 999 1901 timore,
1031 1871 1062 1895 et
1085 1864 1138 1894 ab·

172 1908 444 1948 100101031511130,
469 1909 574 1938 earnis
594 1919 670 1939 suae
687 1908 917 1947 cupiditatibus
940 1907 1138 1948 indulgeant.

173 1951 257 1981 Num
292 1957 512 1991 contemptum
550 1952 629 1991 legis
665 1951 757 1982 docet
795 1950 1037 1991 ingratitudinis
1075 1950 1138 1989 sig—

174 2005 250 2024 num
276 1995 357 2029 fore,
384 1994 459 2033 (111111
483 1994 605 2025 scilieet
629 1994 697 2025 fieri
729 2004 793 2024 non
825 1994 926 2034 possit
960 1994 1036 2033 quin
1072 1993 1139 2023 Deo

173 2048 206 2068 se
227 2037 408 2073 subiiciunt,
431 2037 600 2077 legemque
623 2037 691 2067 01115
715 2037 896 2073 observent,
922 2037 948 2067 si
972 2036 1065 2066 modo
1090 2045 1139 2065 re-

173 2086 287 2120 putent
312 2080 377 2110 solo
397 2081 464 2110 01115
489 2080 643 2110 beneficio
674 2091 707 2110 sc
738 2080 873 2111 feliciter
896 2090 999 2120 agere.
1046 2078 1139 2116 Quod

171 2123 319 2163 pluribus
350 2122 457 2153 verbis
489 2123 592 2162 legem
618 2122 776 2163 designat,
809 2123 949 2153 diximus
973 2122 1034 2152 iam
1065 2120 1139 2151 alibi

173 2166 212 2197 ad
254 2166 413 2205 perfectae
455 2165 618 2197 doetrinae
659 2165 970 2196 commendationem
1016 2164 1140 2194 valere:

172 2220 207 2240 110
232 2209 257 2239 51
282 2208 410 2244 (liceret,
436 2209 559 2238 0111111111
579 2213 665 2239 reete
691 2208 820 2239 vivendi
844 2214 966 2248 partem
982 2207 1046 2237 illie
1070 2216 1140 2237 esse

172 2252 334 2282 omissam.
382 2252 510 2282 Asserit
545 2252 642 2282 etiam
674 2252 733 2282 1100
762 2251 831 2282 1000
861 2251 910 2291 (ut
932 2260 1026 2290 saepe
1050 2248 1140 2289 alias)

173 2294 345 2324 ministerii
366 2295 415 2325 5111
437 2294 542 2330 fidem,
564 2304 605 2324 00
626 2295 893 2333 tergiversentur,
909 2293 984 2323 (1001
1000 2292 1140 2322 1101011115

173 2338 316 2367 mortalis
350 2337 524 2377 imperium
561 2336 754 2370 detrectant.
798 2347 861 2367 non
903 2347 936 2367 se
971 2340 1141 2375 propterea

174 2381 243 2410 Deo
269 2380 403 2410 rebelles
427 2391 505 2410 0550.
538 2380 625 2417 Ergo
651 2391 713 2410 non
739 2380 833 2410 aliter
856 2379 1008 2419 pietatem
1029 2388 1139 2408 eorum

175 2423 244 2453 Deo
274 2423 466 2462 placituram
499 2422 575 2453 dicit
606 2423 667 2453 nisi
700 2423 802 2463 legem
833 2432 850 2452 a
880 2432 912 2452 sc
944 2421 1138 2460 propositam

174 2466 353 2496 observent.

264 2509 309 2538 12.
338 2508 385 2539 Ne
406 2508 484 2547 forte
506 2508 646 2539 eomedas
664 2510 690 2538 et
712 2508 872 2538 satureris.
899 2507 1017 2537 Fusius
1037 2505 1139 2544 expli-
1165 2538 1167 2545 χ

174 2558 223 2581 cat
248 2551 328 2590 qnod
354 2562 458 2590 nuper
482 2551 638 2581 vidimus:
663 2551 732 2581 fieri
757 2550 876 2581 seilicet
899 2559 991 2590 posse
1014 2554 1047 2579 ut
1073 2549 1139 2578 lon-

176 2594 264 2631 «11010
289 2601 318 2623 t‹
322 2605 441 2633 ruperis
472 2599 579 2624 tractu
611 2604 630 2624 a
654 2594 713 2624 Dei
740 2594 853 2623 timore
877 2598 907 2622 ct
931 2591 1036 2621 studio
1060 2591 1139 2629 luris
1165 2614 1167 2622 0

1165 2633 1166 2636 ¹
1165 2645 1274 2678 pane
1300 2634 1349 2664 vel
1375 2635 1536 2672 alimento,
1562 2636 1639 2666 haee
1664 2635 1725 2665 duo
1746 2635 1841 2665 simul
1866 2635 2069 2675 coniungam.

175 2636 212 2665 «11-
208 2637 333 2669 ·ti‹-:i1nt,
358 2647 457 2676 009110
482 2648 522 2666 ni.
525 2648 556 2673 itr
560 2638 585 2667 is
610 2636 790 2667 cavendum
816 2646 855 2666 ne
875 2635 1027 2664 diuturna
1050 2634 1139 2672 qui‹s

174 2686 205 2707 01
225 2678 262 2708 11(
277 2680 343 2708 titia
363 2680 479 2709 01111101
501 2675 564 2709 illis
578 2679 724 2710 obducat.
750 2680 856 2709 Causa
869 2684 974 2708 autem
989 2676 1137 2707 (1011011)
1163 2696 1166 2711 2

906 228 1054 259 PRAEF
1063 229 1167 260 ATIO
1192 229 1240 260 IN
1266 228 1437 260 LEGEM.

2100 228 2161 259 248

1197 323 1246 353 nis
1271 333 1366 362 quam
1398 322 1549 361 exprimit
1580 321 1754 362 diligenter
1777 321 1934 352 notanda:
1969 332 2084 362 nempe
2108 333 2161 353 511-

1197 366 1314 405 perbia,
1339 376 1401 405 qua
1426 365 1593 395 hominum
1618 365 1742 395 animos
1765 364 1879 394 inflare
1903 363 2008 395 solent
2028 364 2161 396 divitiae

1195 413 1226 438 et
1249 419 1333 448 opes.
1380 408 1504 438 Rarum
1530 407 1615 437 enim
1642 406 1818 437 modestiae
1842 407 2025 446 exemplum
2049 412 2098 438 est
2126 408 2160 439 in

1195 451 1278 482 laeta
1301 452 1437 488 fortuna,
1462 451 1538 489 quin
1563 450 1679 488 potius,
1704 449 1838 480 simulac
1865 460 1898 480 se
1917 450 2030 480 florere
2049 450 2162 482 vident

1196 493 1353 529 homines,
1378 498 1506 533 turgere
1528 492 1611 523 fastu
1632 492 1804 531 incipiunt:
1831 497 1926 532 atque
1945 493 1990 523 ita
2009 503 2099 523 suam
2116 494 2160 523 al-

1195 537 1367 567 titudinem
1393 536 1553 566 0011101οι·
1583 539 1619 565 ut
1642 535 1747 565 Deum
1777 545 1901 575 quoque
1924 535 2030 574 ipsum
2056 535 2161 575 despi-

1194 579 1288 610 ciunt.
1314 579 1385 609 Hae
1407 578 1529 608 ratione
1554 583 1642 608 vetat
1665 577 1787 608 Paulus
1811 577 1852 619 (1.
1877 578 1958 608 Tim.
1983 578 2011 614 6,
2038 577 2090 620 17)
2114 579 2160 608 di—

1196 622 1276 652 vites
1300 621 1398 652 huius
1421 620 1539 652 saeculi
1561 620 1656 650 nimis
1675 620 1738 650 alte
1757 631 1878 661 sapere,
1902 621 1952 651 vel
1977 631 2107 661 sperare
2126 621 2159 651 in

1193 665 1285 695 bonis
1316 664 1455 695 incertis.
1502 663 1645 694 Docebat
1674 663 1819 702 quidem,
1853 674 1913 704 quo
1943 663 2116 703 benignius
2142 674 2161 695 a

1193 707 1263 738 Deo
1278 712 1462 743 tractamur,
1483 705 1640 745 placidius
1660 716 1718 737 nos
1738 706 1927 737 submittere
1943 706 2013 737 eius
2026 707 2160 747 imperio

1193 750 1247 780 sed
1276 750 1336 781 alio
1356 749 1403 791 (ut
1423 748 1502 789 dixi)
1523 759 1581 778 nos
1602 749 1686 788 rapit
1705 756 1840 780 naturae
1863 749 2016 788 pravitas,
2042 754 2077 780 ut
2098 749 2159 780 Dei

1193 792 1404 833 indulgentia,
1424 803 1503 831 quae
1524 801 1582 821 nos
1601 792 1729 822 flectere
1749 792 1787 822 ad
1808 792 2091 823 mansuetudinem
2106 791 2159 822 de-

1194 836 1296 872 bebat,
1317 836 1555 866 insolescamus.
1592 834 1685 872 Quod
1707 834 1733 865 si
1748 846 1808 865 non
1824 835 1970 875 protinus
1983 836 2159 875 contingat,

1194 879 1245 909 ubi
1260 885 1366 909 tamen
1380 877 1532 908 continuo
1546 882 1656 907 tenore
1679 878 1749 907 fluit
1774 878 1980 918 prosperitas,
2004 878 2159 918 paulatim

1192 922 1328 961 optimos
1352 931 1493 960 quosque
1515 926 1727 960 corrumpunt
1756 920 1900 959 delitiae,
1928 925 1966 951 ut
1987 920 2117 951 tandem
2141 931 2159 951 a

1193 975 1226 994 50
1249 965 1325 1004 ipsis
1349 964 1552 1003 degenerent.
1588 963 1676 1003 Ergo
1700 964 1724 993 si
1748 968 1870 994 rectum
1896 974 2026 995 cursum
2050 970 2159 994 tenere

1193 1008 1356 1046 cupimus,
1385 1008 1418 1037 in
1448 1006 1507 1036 hoe
1538 1010 1603 1036 tam
1635 1006 1756 1036 exitiali
1781 1007 1952 1046 superbiae
1976 1006 2085 1037 morbo
2108 1017 2158 1037 sa-

1194 1050 1301 1080 nando
1315 1050 1393 1079 eniti
1408 1060 1463 1079 nos
1482 1053 1615 1088 oportet.
1642 1048 1768 1080 Deinde
1781 1051 1855 1089 quia
1869 1049 2010 1081 Satanae
2024 1050 2158 1080 artifieio

1192 1093 1343 1123 continua
1378 1093 1573 1132 prosperitas
1607 1092 1673 1122 suis
1707 1092 1866 1123 illecebris
1898 1103 1955 1123 nos
1986 1092 2156 1129 demulcet,

1192 1135 1352 1166 diseamus
1378 1146 1438 1165 non
1463 1146 1526 1165 uno
1550 1138 1676 1165 tantum
1702 1135 1752 1166 die
1776 1146 1899 1172 cavere,
1926 1135 1981 1166 sed
2005 1135 2157 1166 excubias

1192 1189 1287 1219 agere
1310 1183 1376 1208 toto
1400 1178 1485 1208 vitae
1508 1188 1613 1208 cursu.
1647 1177 1825 1217 Superbiae
1849 1186 1957 1209 autem
1982 1178 2158 1218 prudenter

1191 1221 1331 1252 occurrit
1366 1222 1488 1256 Moses,
1519 1231 1676 1251 revocans
1710 1221 1869 1252 Israelitis
1902 1221 1933 1251 10
1970 1222 2157 1252 memoriam

1192 1264 1295 1303 qualis
1318 1265 1414 1294 fuerit
1438 1264 1541 1303 prima
1564 1274 1674 1294 eorum
1699 1264 1848 1295 conditio.
1894 1264 1989 1295 Unde
2013 1265 2098 1295 enim
2122 1265 2159 1295 fit

1192 1312 1229 1337 ut.
1248 1307 1440 1338 confidentia
1463 1312 1494 1337 et
1517 1307 1600 1338 fastu
1626 1306 1842 1338 intumescant
1865 1307 1919 1347 qui
1949 1307 2007 1338 sibi
2031 1312 2064 1337 et
2086 1307 2157 1338 aliis

1192 1350 1345 1380 videntur
1369 1350 1399 1380 in
1424 1349 1544 1380 inundo
1569 1349 1675 1380 beati?
1700 1350 1762 1381 nisi
1785 1350 1868 1389 quod
1893 1349 1931 1380 de
1955 1350 2081 1390 origine
2100 1360 2158 1380 sua

1192 1404 1257 1423 uon
1286 1394 1443 1432 cogitant:
1479 1392 1534 1423 sed
1565 1392 1698 1432 perinde
1728 1403 1764 1424 ac
1791 1393 1817 1423 51
1849 1392 1972 1432 delapsi
2003 1398 2111 1423 essent
2141 1403 2158 1423 e

1192 1436 1338 1471 0011111115,
1363 1435 1468 1466 onmia
1482 1445 1558 1474 prae
1571 1447 1604 1466 50
1618 1435 1808 1475 despiciunt.
1833 1436 1933 1467 Pauci
1952 1435 2038 1466 enim
2051 1435 2157 1466 Codro

1192 1479 1321 1516 similes,
1347 1479 1398 1518 qui
1424 1489 1559 1518 regnum
1585 1478 1735 1518 adeptuS‚
1770 1489 1897 1518 semper
1920 1479 2060 1519 ingenue
2083 1488 2158 1517 prae

1192 1532 1225 1552 se
1239 1521 1314 1552 tulit
1326 1531 1364 1551 ex
1385 1532 1445 1561 quo
1464 1526 1556 1560 patre
1575 1526 1671 1552 natus
1692 1530 1784 1560 esset,
1802 1532 1919 1561 nempe
1939 1521 2046 1562 figulo.
2072 1521 2158 1552 Huic

1192 1564 1272 1594 vitio
1306 1563 1402 1603 (quod
1439 1564 1532 1594 nimis
1568 1565 1686 1604 passim
1722 1564 1849 1606 regnat)
1889 1575 1975 1595 nune
2010 1564 2159 1595 medetur

1194 1608 1290 1643 Deus,
1312 1608 1385 1637 dum
1410 1607 1567 1637 Israelitis
1587 1612 1816 1639 commemorat
1836 1607 2006 1647 pristinum
2026 1612 2157 1645 statum,

1192 1657 1221 1680 et
1255 1655 1402 1690 reputare
1431 1650 1520 1680 iubet
1550 1651 1708 1691 singulari
1740 1651 1892 1682 beneficio
1922 1650 1997 1681 inde
2031 1655 2159 1690 ereptos

1192 1694 1298 1723 fuisse.
1345 1692 1420 1724 Sola
1445 1693 1530 1723 enim
1560 1693 1759 1724 liberationis
1784 1693 1938 1724 memoria
1962 1693 1995 1724 in
2019 1693 2083 1723 illis
2107 1704 2158 1724 ar-

1192 1737 1369 1775 rogantiam
1395 1736 1525 1766 domare
1549 1740 1689 1776 peterat:
1715 1736 1842 1776 quando
1872 1736 1952 1766 nihil
1977 1737 2079 1776 magis
2103 1735 2158 1766 ab-

1191 1779 1323 1809 surdum
1363 1790 1457 1818 quam
1494 1789 1547 1810 eos
1582 1779 1772 1811 insolescere
1803 1779 1855 1819 qui
1891 1783 1966 1810 ante
1996 1778 2158 1819 mancipia

1191 1822 1317 1852 fuerant
1340 1822 1586 1861 superbissimae
1608 1823 1723 1862 gentis,
1749 1832 1807 1853 nec
1826 1822 1886 1852 sibi
1906 1821 2088 1853 libertatem
2109 1832 2159 1852 ae-

1191 1865 1366 1904 quisierant
1391 1865 1521 1904 propria
1543 1865 1673 1902 virtute,
1697 1864 1753 1895 sed
1778 1870 1906 1905 praeter
1925 1875 2015 1905 spem
2040 1869 2072 1895 et
2092 1875 2158 1895 me—

1192 1908 1290 1937 ritum
1324 1908 1529 1938 obtinuerant
1554 1918 1570 1937 a
1593 1919 1681 1938 mera
1705 1908 1766 1938 Dei
1790 1908 1910 1948 gratia:
1945 1907 2061 1938 deinde
2084 1918 2157 1947 pro-

1192 1951 1257 1990 fugi
1282 1957 1471 1981 erraverant
1488 1961 1544 1998 per
1563 1951 1736 1989 desertum,
1760 1961 1796 1998 ae
1815 1951 1956 1989 tandem,
1982 1950 2052 1981 Deo
2067 1950 2157 1988 duee,

1192 1998 1309 2023 terrun
1335 1994 1391 2024 sibi
1418 1994 1606 2033 promissam
1631 1993 1768 2034 ingressi
1790 1994 1925 2024 summat
1956 1993 1995 2023 In
2018 2003 2157 2031 summa,

1191 2035 1324 2076 petindf
1348 2048 1385 2076 w
1378 2037 1413 2066 it
1444 2047 1516 2067 cum
1548 2036 1612 2067 illis
1637 2036 1726 2067 Deus
1755 2046 1791 2066 ae
1820 2037 1847 2066 si
1871 2035 2005 2074 homini,
2033 2036 2085 2076 qui
2110 2047 2155 2066 re-

1192 2084 1287 2118 pente
1307 2078 1396 2109 (lives
1421 2080 1522 2111 taetus
1546 2090 1579 2109 se
1601 2080 1857 2119 intemperanter
1880 2082 2015 2119 gereret,
2040 2089 2154 2118 expro-

1194 2122 1302 2151 bretur
1333 2122 1467 2161 pristina
1496 2122 1604 2161 inopia
1638 2127 1669 2153 et¹
1701 2121 1898 2153 mendicitas.
1957 2122 2057 2152 Porro
2081 2122 2156 2161 quia

1193 2163 1348 2194 tardiores
1379 2169 1472 2195 erant
1502 2175 1596 2204 qnam
1628 2169 1661 2195 ut
1693 2170 1839 2204 prompto
1871 2170 1902 2194 et
1925 2164 2023 2195 alacri
2047 2165 2156 2195 animo

1193 2207 1275 2237 lianc
1308 2207 1559 2238 admonitionem
1602 2207 1822 2247 susciperent,
1864 2207 2008 2247 pluribus
2050 2206 2157 2238 verbis

1192 2250 1364 2289 amplificat
1398 2251 1504 2281 Moses
1528 2250 1590 2280 Dei
1622 2250 1775 2281 beneficia
1804 2260 1885 2289 quae
1908 2249 2033 2289 experti
2063 2258 2156 2280 erant

1192 2293 1224 2322 in
1249 2293 1382 2324 deserto.
1430 2293 1507 2324 Fuit
1535 2294 1621 2324 enim
1651 2293 1710 2324 hoe
1740 2292 1942 2329 incredibile,
1974 2303 2036 2323 non
2060 2292 2157 2324 modo

1193 2335 1278 2365 inter
1297 2336 1496 2366 truculentas
1515 2336 1642 2373 bestias,
1666 2335 1720 2366 sed
1740 2336 1825 2366 inter
1848 2335 2032 2375 scorpiones
2057 2339 2090 2366 et
2108 2335 2155 2366 vi-

1192 2389 1293 2417 peras,
1319 2384 1349 2408 et.
1372 2379 1525 2419 quidquid
1544 2379 1740 2409 virulentum
1765 2383 1813 2409 est
1833 2378 1864 2408 in
1890 2388 2007 2418 genere
2026 2388 2157 2418 serpen-

1193 2421 1291 2456 tium,
1317 2422 1442 2451 turbam
1469 2422 1555 2452 illam
1583 2432 1623 2452 ex
1647 2422 1734 2456 viris,
1760 2421 1958 2458 mulieribus,
1984 2421 2101 2461 pueris,
2125 2426 2157 2451 et

1192 2464 1295 2494 servis
1327 2465 1517 2503 permixtam
1550 2464 1695 2495 habitare
1730 2464 1840 2494 multis
1870 2464 1973 2494 annis.
2027 2464 2156 2495 Clarius

1192 2507 1315 2537 refulsit
1332 2507 1388 2536 Dei
1414 2507 1539 2538 bonitas
1559 2508 1591 2538 in
1612 2506 1778 2547 repentino
1799 2507 1962 2543 miraculo,
1987 2506 2069 2547 quod
2088 2507 2155 2537 siti-

1191 2549 1308 2579 01110515
1343 2555 1451 2588 potum
1488 2561 1527 2580 ex
1558 2561 1636 2590 rupe
1667 2554 1741 2580 ante
1772 2549 1861 2580 arida
1885 2549 2042 2589 praebuit.
2090 2548 2154 2580 Sed

1192 2592 1265 2631 quia
1294 2593 1441 2631 proximo
1475 2604 1567 2624 versu
1597 2598 1842 2630 commemorat,
1871 2603 1945 2622 man
1974 2592 2073 2623 fuisse
2098 2602 2158 2632 pro

1281 2678 1327 2707 145.
1351 2678 1411 2716 (gui
1425 2679 1515 2717 parit
1533 2681 1558 2709 te
1570 2689 1642 2709 man
1662 2679 1826 2709 indescrto.
1853 2677 1991 2709 Dixerat
2005 2677 2154 2709 eductam
