2304 3034
113 184 174 215 461

114 278 204 308 hune
227 278 436 316 posteriorem
459 286 585 308 sensum
616 274 803 314 amplector:
833 273 982 313 quamvis
1010 283 1074 304 non

116 319 285 360 displiceat
307 321 405 351 etiam
428 319 554 360 propria
576 316 777 356 significatio.

200 362 250 393 27.
270 362 313 393 Ec
325 364 438 402 ponent
455 371 559 392 nomen
576 369 684 390 meum.
720 358 821 388 Recte
833 356 961 397 quidem
975 357 1076 388 vertit

115 404 351 445 Hieronymus:
375 403 577 435 Invoeabunt
599 411 728 431 nomen:
761 400 815 431 sed
846 400 921 440 quia
943 399 1074 439 empha-

115 448 180 478 tica
198 453 247 478 est
267 448 415 479 hebraica
433 445 583 486 loquutiO,
604 453 674 474 eam
695 444 834 473 retinere
847 442 954 473 malui.
988 442 1073 473 Nam

116 490 207 521 Deus
229 500 345 521 nomen
369 499 459 520 suum
483 486 566 527 apud
596 485 777 516 sacerdotes
807 485 954 524 deponit,
983 491 1015 515 ut
1041 486 1073 515 in

116 532 259 563 medium
283 532 423 572 quotidie
445 532 608 570 proterant
630 532 785 567 tanquam
816 527 1073 564 benevolentiae,

117 580 148 605 et
166 585 247 614 quae
269 574 344 605 inde
366 574 466 604 oritur
489 571 612 607 salutis,
635 571 764 610 pignus.
800 570 882 601 Nam
903 570 1073 609 promissio

117 628 200 657 quae
223 617 351 648 tandem
375 614 557 650 subiicitur,
588 614 759 643 confirmat
782 623 844 643 non
869 613 998 643 inanem
1023 612 1073 643 vel

115 660 242 691 irritam
266 660 361 690 fuisse
383 657 463 688 hane
486 655 735 692 caeremoniam,
764 655 816 686 ubi
841 666 873 685 se
897 655 1015 694 populo
1039 666 1073 686 re

115 703 186 742 ipsa
209 702 447 733 benedicturum
467 698 617 729 affirmat.
653 699 759 737 Atque
783 698 858 728 hinc
881 698 1073 738 colligimus,

117 744 269 785 quidquid
294 746 451 783 peragunt
480 740 632 772 ecclesiae
661 741 803 771 ministri
834 751 873 771 ex
898 740 960 770 Dei
984 751 1074 771 man-

118 788 207 825 dato,
243 797 315 818 vero
345 790 375 815 et
401 782 500 815 solido
534 783 650 813 effectu
683 784 788 822 ipsum
824 783 964 814 sancire:
1000 783 1074 822 quia

117 830 200 860 nihil
227 840 283 869 per
309 827 471 858 ministros
501 826 696 865 pronunciat
726 826 808 865 quod
839 836 903 856 non
934 830 1075 865 praestet

119 877 214 912 atque
235 870 365 910 impleat
388 869 519 908 spiritus
544 869 592 898 sui
624 869 753 899 virtute.
800 868 865 899 Sed
896 868 1073 898 notandum

118 920 166 946 est
188 915 231 945 ita
253 911 458 944 benedicendi
478 921 597 941 munus
620 911 659 941 ad
683 910 864 941 sacerdotes
888 911 1073 948 transferre,

118 961 156 988 ut
178 957 225 987 ius
247 955 309 986 illis
332 964 423 984 suum
449 963 512 983 non
543 953 698 992 resignet:
723 954 798 993 quia
822 958 990 993 postquam
1015 955 1073 983 mi-

118 998 281 1030 nisterium
305 996 367 1027 illis
389 996 565 1032 mandavit,
588 995 649 1027 sibi
674 997 727 1026 uni
751 996 854 1035 ipsam
879 996 925 1026 rei
949 995 1074 1027 exhibi-

116 1042 234 1072 tionem
257 1039 411 1071 vendicat.

373 1183 437 1214 EX
459 1183 632 1215 NUMER.
657 1182 804 1214 XXXV.

197 1252 223 1283 1.
248 1251 289 1282 Et
312 1252 455 1291 loquutus
478 1255 521 1282 est
543 1251 655 1282 Iahon-a
679 1251 713 1282 iu
734 1251 954 1290 campestribus
978 1251 1073 1283 Moab

110 1296 200 1327 iuxta
223 1294 389 1326 Iordanem
415 1294 549 1332 Iericho,
577 1294 715 1324 diceudo:
759 1294 787 1324 2.
820 1293 969 1333 I’raecipe
995 1295 1073 1333 filiis

111 1337 213 1369 Israel
234 1340 267 1368 ut
288 1337 359 1368 dent
370 1337 489 1368 Levitis
505 1338 542 1368 de
564 1336 749 1367 haereditate
765 1337 974 1375 possessionis
996 1348 1073 1368 suae

109 1379 197 1412 urbes
219 1380 260 1411 aol
281 1379 496 1417 habitandum,
519 1383 545 1410 et
567 1379 743 1410 suburbana
771 1379 896 1409 urbium
919 1380 1070 1418 ipsarum,

104 1433 164 1463 per
181 1422 329 1454 circuitus
346 1433 453 1453 earum
472 1422 586 1453 dabitis
604 1423 682 1460 ipsis
696 1422 820 1452 Levitis.
856 1422 884 1452 3.
910 1422 1072 1462 Eruntyuo

110 1465 200 1496 urbes
229 1465 295 1496 illis
324 1465 365 1496 ad
398 1465 617 1496 habitandum:
650 1464 829 1495 suburbana
862 1475 931 1495 vero
964 1476 1072 1496 earum

110 1511 198 1539 eruut
218 1507 406 1539 animalibus
424 1518 545 1538 eorum:
568 1512 592 1538 et
615 1507 804 1538 substantiae
827 1517 938 1544 eorum,
963 1511 989 1539 et
1011 1518 1071 1539 om-

110 1551 200 1581 uibus
217 1550 319 1581 bestiis
337 1561 449 1581 eorum.
483 1550 512 1581 4.
537 1550 581 1581 Et
598 1550 794 1581 surburbana
817 1550 941 1580 urbium
965 1561 1071 1582 earum

110 1603 188 1633 quas
216 1592 329 1624 dabitis
358 1593 489 1631 Levitis,
520 1604 539 1624 a
563 1594 685 1632 pariete
714 1593 816 1629 urbis,
840 1595 865 1622 el
887 1593 1069 1631 forinsecus,

110 1635 192 1666 mille
224 1636 388 1666 cubilorum
417 1639 506 1666 erunt
528 1646 590 1675 per
616 1636 786 1666 circuitum.
839 1635 867 1666 5.
902 1635 1071 1667 Praeterea

110 1678 273 1709 metiemini
301 1681 387 1709 extra
416 1678 520 1709 urbem
542 1690 561 1709 a
586 1678 682 1717 playa
710 1678 851 1709 orientali
879 1678 939 1709 duo
968 1679 1071 1710 millia

111 1720 283 1758 cubitorum,
304 1723 331 1751 et
347 1731 367 1751 a
382 1721 478 1761 playa
497 1721 672 1752 meridiana
691 1721 752 1751 duo
771 1721 872 1752 millia
891 1721 1070 1760 cubitorum,

112 1765 138 1794 et
155 1773 174 1794 a
190 1763 287 1804 playa
309 1764 484 1795 occidentali
502 1765 562 1795 duo
581 1763 681 1795 millia
699 1764 876 1800 cubitorum,
895 1766 921 1794 et
939 1775 959 1794 a
972 1764 1070 1805 playa

113 1805 287 1844 aquilonari
309 1806 368 1837 (luo
390 1806 492 1838 millia
513 1807 699 1838 cubitorum:
722 1809 748 1837 et
770 1806 843 1837 urbs
866 1807 936 1845 ipsa
957 1808 1014 1838 erit
1036 1808 1070 1837 in

112 1849 224 1879 medio.-
253 1849 314 1880 isla
342 1859 488 1880 mensura
517 1851 574 1880 erit
602 1849 646 1880 eis
668 1849 913 1880 suburbanorum
934 1849 1068 1881 urbium.

113 1890 141 1921 6.
164 1890 212 1922 De
232 1891 358 1922 urbibus
379 1894 480 1923 autem
502 1903 581 1931 quas
603 1891 716 1923 dabitis
739 1892 872 1929 Levitis,
902 1895 990 1923 eruut
1016 1903 1070 1923 sea:

112 1932 201 1964 wrbes
221 1934 348 1974 refuyii,
377 1945 455 1973 quas
482 1935 596 1966 dabitis
618 1937 652 1965 ut
672 1934 775 1975 fuyial
799 1935 872 1966 illue
900 1934 1071 1966 homicida.-

113 1978 139 2006 et
172 1978 293 2014 praeter
331 1977 404 2008 illas
443 1977 558 2009 dabitis
597 1977 805 2017 quadrayinta
848 1977 928 2008 duas
972 1978 1069 2009 urbes.

115 2018 142 2049 7.
169 2018 276 2050 Omnes
298 2020 386 2050 urbes
407 2030 487 2059 quas
514 2021 628 2052 dabitis
653 2019 786 2057 Levitis,
815 2023 903 2051 erunt
935 2021 1070 2059 quadra-

113 2061 198 2100 yinta
215 2064 275 2092 octo
298 2061 402 2098 urbes,
434 2063 522 2102 ipsas
551 2066 577 2094 et
598 2062 775 2094 suburbana
804 2073 911 2093 earum
940 2063 1071 2095 dabitis:

115 2102 143 2134 8.
167 2101 209 2134 Et
219 2103 308 2135 urbes
325 2114 402 2143 quas
419 2105 533 2136 dabitis
550 2106 587 2137 de
598 2106 792 2144 possessione
807 2105 945 2143 filiorum
958 2106 1069 2143 Israel,

115 2144 152 2175 ab
172 2156 204 2176 eo
225 2149 279 2185 qui
298 2147 403 2187 plures
424 2147 577 2185 habuerit,
597 2149 704 2188 plures
727 2149 900 2187 accipietis:
929 2151 955 2178 et
978 2149 1015 2179 ab
1038 2159 1070 2180 eo

115 2188 168 2226 qui
184 2189 358 2227 pauciores,
377 2191 540 2228 pauciores
561 2191 707 2230 capietis.-
728 2191 845 2230 siuyuli
863 2200 923 2229 pro
946 2193 1069 2230 quanti-

116 2232 174 2260 tate
201 2232 400 2268 possessionis
426 2243 500 2264 suae
528 2244 621 2273 quam
644 2234 852 2272 possederint,
888 2233 1003 2265 dabunt
1033 2245 1070 2265 ex

114 2271 240 2304 urbibus
259 2273 326 2304 suis
348 2274 472 2307 Levitis.

202 2356 229 2386 1.
254 2356 296 2387 Et
317 2358 457 2398 loquutus
478 2365 519 2393 est
538 2361 660 2393 Ieltova.
697 2361 856 2400 Quamvis
875 2361 966 2392 nulla
985 2369 1070 2394 esset

116 2398 297 2446 haereditas
328 2401 424 2432 tribui
452 2404 550 2441 Levi,
582 2404 686 2435 locum
722 2410 830 2435 tamen
862 2405 1069 2437 habitationis

116 2442 274 2481 assignari
296 2445 443 2481 oportuit.
486 2446 621 2478 Fundus
644 2458 794 2487 agrorum
820 2447 945 2478 Levitis
977 2448 1070 2480 datus

116 2488 254 2531 nonnest
276 2485 330 2515 ubi
352 2493 493 2518 sererent
516 2496 570 2519 aut
593 2496 764 2521 meterent:
796 2491 850 2521 sed
881 2500 1069 2529 compensa-

116 2531 213 2573 tionis
236 2526 303 2574 loco
322 2527 452 2560 fuerunt
470 2530 609 2563 decimae
629 2533 712 2563 iusta
731 2534 832 2572 portio
856 2534 970 2571 victus,
994 2534 1068 2564 sub-

117 2568 221 2599 ductis
244 2575 339 2599 etiam
362 2570 489 2604 decimis
512 2585 591 2613 quae
614 2576 759 2606 solebant
786 2577 910 2616 erogari
934 2576 965 2606 in
990 2587 1067 2616 pau·

115 2621 217 2650 peres.
264 2610 356 2643 Nunc
379 2619 484 2646 autem
508 2616 570 2648 illis
593 2618 695 2657 quoad
719 2618 914 2649 domicilium
942 2621 1067 2659 prospi-

805 180 1055 212 SECUNDUM
1077 180 1397 212 PRAEOEPTUM.

2027 187 2089 218 462

1128 274 1225 304 citur:
1251 275 1305 305 ubi
1326 275 1498 317 diligenter
1516 275 1753 308 observandum
1774 282 1831 315 est,
1852 278 1896 309 sio
1914 288 1972 319 per
1991 283 2089 311 totam

1128 321 1246 347 terram
1271 318 1430 355 distribui,
1455 322 1490 349 ut
1513 318 1580 349 sint
1603 320 1694 359 quasi
1717 320 1862 360 dispositi
1885 320 2030 353 custodes
2049 322 2090 353 ad

1127 361 1384 392 conservandum
1408 361 1470 393 Dei
1493 361 1633 398 cultum,
1664 373 1705 392 ne
1737 373 1799 402 qua
1822 363 1954 403 obrepat
1977 374 2089 404 super-

1109 401 1226 438 ·stitio,
1268 403 1318 433 vel
1352 403 1492 444 populus
1524 404 1557 434 in
1593 414 1736 435 crassum
1770 405 1831 436 Dei
1869 411 2089 447 contemptum

1126 443 1260 476 labatur.
1313 446 1442 478 Scimus
1472 447 1559 477 enim
1589 446 1745 477 divinitus
1768 458 1836 479 esse
1859 448 1992 480 electos:
2023 460 2088 480 non

1126 491 1249 517 tantum
1271 492 1305 518 ut
1323 489 1532 520 eaeremoniis
1551 488 1664 520 darent
1683 499 1823 529 operam,
1846 491 1901 521 sed
1924 496 1959 522 ut
1982 496 2089 523 essent

1126 528 1205 569 legis
1228 530 1436 571 interpretes,
1473 531 1511 562 ad
1535 531 1709 562 fovendam
1732 532 1765 562 in
1789 533 1907 572 populo
1930 535 2088 566 sinceram

1126 571 1287 610 pietatem.
1322 574 1392 604 Iam
1412 575 1438 604 si
1457 585 1569 605 omnes
1587 574 1683 605 simul
1702 575 1735 604 in
1755 586 1819 606 una
1837 576 1975 607 statione
1993 577 2091 608 locati

1125 614 1229 644 forent
1252 616 1430 654 perieulum
1454 622 1531 653 erat,
1556 627 1596 647 ne
1618 617 1651 647 in
1676 621 1742 648 tota
1765 622 1851 648 terra
1873 619 1983 649 statim
2008 620 2088 660 legis

1126 657 1271 688 doctrina
1294 659 1326 689 in
1356 659 1551 689 oblivionem
1583 659 1723 690 veniret:
1755 664 1849 699 atque
1878 661 1923 692 ita
1947 661 2088 701 reliquae

1126 699 1229 730 tribus
1252 702 1522 739 profanescerent.
1568 701 1677 740 Quare
1701 702 1753 733 hie
1782 703 1897 733 enituit
1925 704 2087 744 incompa-

1127 741 1237 772 rabilis
1266 743 1330 774 Dei
1359 744 1499 780 bonitas,
1531 743 1607 774 dum
1638 755 1741 784 poena
1772 747 1862 785 quasi
1893 745 1927 776 in
1957 746 2086 779 virtutis

1126 785 1321 823 praemium,
1353 791 1384 817 et
1402 786 1581 826 ignominia
1604 787 1635 817 in
1660 787 1814 818 honorem
1838 798 1992 819 conversa
2014 790 2085 821 fuit.

1126 827 1216 858 Haec
1240 829 1324 859 enim
1349 829 1515 868 dissipatio
1538 829 1682 860 leviticae
1706 830 1810 861 tribus
1833 831 1997 871 praedicta
2020 833 2087 863 fue-

1127 875 1176 900 rat
1195 881 1213 900 a
1232 876 1324 901 sanet
1361 872 1543 910 patriarcha
1563 871 1666 909 Iacob,
1690 878 1726 903 ut
1748 873 1868 912 posteri
1888 874 1922 904 in
1942 884 1978 904 ea
2002 878 2088 906 terra

1126 911 1261 952 dispersi
1286 920 1401 950 esseut,
1425 924 1522 953 quam
1545 919 1640 944 autor
1662 915 1789 954 generis
1803 916 1883 947 Levi
1908 916 2087 948 detestabili

1125 955 1230 989 caede,
1255 961 1287 986 et
1309 957 1464 988 scelerata
1488 956 1621 995 perfidia
1647 957 1814 996 polluerat.
1861 959 1990 990 Eventu
2014 970 2086 999 pro—

1126 998 1213 1028 bavit
1226 998 1316 1029 Deus
1335 999 1366 1029 id
1385 999 1548 1029 oraculum
1569 1010 1586 1029 a
1607 1009 1639 1030 se
1658 1000 1846 1039 profectum,
1870 1012 1934 1032 non
1958 1002 2085 1033 irritum

1126 1041 1291 1072 excidisse.
1343 1042 1472 1072 Interea
1502 1052 1598 1080 quum
1631 1043 1743 1073 merito
1775 1044 1806 1073 in
1837 1043 1965 1084 signum
1994 1045 2086 1076 dede-

1126 1084 1208 1114 coris
1232 1083 1295 1115 huc
1318 1090 1347 1115 et
1372 1084 1448 1115 illue
1471 1084 1634 1124 relegandi
1660 1090 1767 1115 essent
1779 1086 1925 1123 Levitae,
1949 1087 2086 1127 singulis

1126 1131 1231 1157 terrae
1265 1127 1410 1166 partibus
1443 1126 1575 1157 fuerunt
1608 1128 1774 1166 praefecti,
1805 1133 1841 1158 ut
1871 1129 1949 1160 alias
1983 1130 2086 1162 tribus

1126 1170 1303 1200 retinerent
1325 1169 1384 1200 sub
1407 1169 1486 1209 legis
1511 1170 1594 1209 iugo.
1640 1169 1709 1200 Iam
1733 1170 1914 1202 admirabili
1935 1172 1997 1202 Dei
2015 1183 2087 1212 pro-

1126 1211 1269 1243 videntia
1309 1213 1413 1251 potius
1455 1212 1548 1243 locati
1582 1217 1656 1243 sunt
1690 1213 1722 1243 in
1755 1214 1893 1253 propriis
1926 1218 1958 1245 et
1990 1215 2086 1246 certis

1127 1254 1272 1291 sedibus,
1303 1265 1398 1294 quam
1430 1255 1504 1285 data
1534 1254 1666 1286 libertas
1696 1259 1732 1286 ut
1759 1257 1939 1295 promiscue
1962 1257 2085 1297 reliquo

1127 1297 1243 1337 populo
1273 1308 1306 1328 se
1337 1298 1517 1328 miscerent.
1562 1297 1665 1329 Urbes
1689 1299 1773 1328 enim
1804 1309 1884 1339 quas
1906 1299 1970 1330 illis
1993 1299 2085 1331 Deus

1127 1340 1284 1377 attribuit,
1308 1340 1441 1370 totidem
1465 1340 1597 1371 suerunt
1621 1340 1757 1378 scholae,
1782 1340 1835 1372 ubi
1859 1352 1892 1373 se
1915 1342 2030 1374 melius
2054 1347 2085 1374 et

1126 1382 1257 1414 liberius
1289 1388 1476 1414 exercerent
1504 1383 1536 1413 in
1561 1383 1631 1423 lege
1654 1383 1819 1415 discenda:
1851 1395 1946 1424 seque
1967 1385 2084 1416 forma-

1125 1431 1197 1456 rent
1220 1425 1260 1456 ad
1283 1425 1466 1457 obeundum
1486 1425 1618 1456 docendi
1638 1437 1764 1457 munus.
1809 1426 1892 1457 Nam
1917 1427 1943 1457 si
1966 1428 2084 1467 passim

1126 1468 1328 1499 habitassent
1361 1479 1433 1500 cum
1470 1469 1583 1509 vulgo,
1618 1469 1757 1508 proclive
1791 1475 1859 1500 erat
1886 1474 1954 1500 tum
1982 1471 2084 1502 multa

1125 1512 1202 1542 vitia
1226 1511 1431 1548 contra-here,
1459 1516 1525 1541 tum
1550 1512 1715 1551 negligere
1738 1511 1880 1542 studium
1903 1512 1992 1552 legis.
2038 1514 2085 1544 At

1123 1564 1221 1593 quum
1252 1555 1285 1584 in
1320 1559 1423 1585 certas
1455 1553 1572 1585 classes
1605 1560 1712 1584 essent
1740 1554 1879 1592 collecti,
1908 1555 1980 1585 talis
2009 1566 2084 1587 con-

1123 1597 1241 1627 iunctio
1265 1607 1319 1627 eos
1343 1596 1511 1627 admonuit
1534 1607 1551 1626 a
1574 1596 1665 1636 plebe
1690 1608 1757 1627 esse
1781 1596 1965 1635 disiunctos,
1991 1602 2025 1628 ut
2049 1608 2083 1629 se

1122 1639 1250 1678 penitus
1274 1639 1342 1670 Deo
1372 1638 1567 1669 addicerent..
1614 1638 1705 1669 Adde
1735 1639 1818 1679 quod
1848 1650 1957 1670 eorum
1988 1640 2083 1672 urbes

1122 1682 1254 1712 fuerunt
1287 1683 1378 1721 quasi
1412 1681 1562 1713 lucernae
1599 1692 1679 1721 quae
1713 1682 1752 1712 ad
1785 1686 1945 1713 extremos·
1980 1694 2082 1723 usque

1122 1725 1258 1765 angulos
1291 1725 1461 1764 fulgerent.
1515 1724 1617 1755 Erant
1646 1734 1722 1764 ergo
1752 1729 1903 1763 tanquam
1933 1725 2083 1757 claustris

1121 1768 1248 1804 muniti,
1264 1778 1304 1798 ne
1319 1772 1384 1798 tam
1404 1767 1495 1797 facile
1508 1767 1548 1798 ad
1561 1777 1613 1797 eos
1626 1770 1834 1807 penetrarent
1847 1768 1995 1808 vulgares
2013 1779 2082 1800 cor-

1121 1810 1276 1849 ruptelae.
1321 1810 1397 1850 Ipsa
1429 1819 1554 1849 quoque
1585 1810 1736 1840 sodalitas
1760 1810 1926 1840 stimulare
1950 1820 2003 1842 eos
2027 1811 2081 1842 de-

1122 1852 1204 1891 buit,
1235 1860 1269 1883 ut
1298 1853 1352 1884 alii
1382 1853 1459 1883 alios
1490 1857 1602 1883 mutuo
1632 1852 1670 1883 ad
1695 1853 1940 1890 continentiam,
1975 1864 2082 1885 mores

1120 1895 1283 1932 honestos,
1307 1903 1338 1926 et
1357 1895 1496 1935 pudicos,
1517 1895 1765 1935 temperantiam
1785 1895 1925 1935 aliasque
1943 1896 2082 1927 virtutes

1122 1938 1183 1969 Dei
1207 1939 1309 1970 servis
1329 1938 1444 1977 dignas
1464 1938 1685 1968 hortarentur:
1709 1937 1794 1977 quod
1813 1938 1838 1969 si
1858 1938 1897 1968 ad
1917 1938 2080 1970 licentiam

1121 1981 1316 2018 diffluerent,
1340 1981 1447 2011 minus
1466 1980 1664 2011 excusabiles
1683 1980 1828 2011 fuissent.
1864 1981 1951 2021 Ergo
1969 1991 2079 2012 eorum

1122 2024 1217 2055 urbes
1248 2025 1339 2063 quasi
1369 2023 1515 2063 speculae
1546 2024 1690 2061 fuerunt,
1721 2024 1754 2053 in
1785 2023 1900 2062 quibus
1929 2023 2079 2056 excubias

1122 2071 1270 2107 agerent,
1307 2066 1345 2097 ad
1380 2066 1575 2105 impietatem
1611 2076 1628 2096 e
1661 2065 1777 2096 finibus
1811 2070 1941 2097 sanetae
1975 2070 2080 2097 terrae

1121 2110 1302 2140 arcendam.
1336 2109 1430 2139 Illinc
1449 2108 1565 2139 diffusa
1584 2108 1643 2138 fuit
1660 2108 1715 2139 lux
1739 2108 1884 2139 coelestis
1907 2107 2079 2147 doetrinae,

1122 2152 1210 2183 illinc
1237 2162 1385 2191 sparsum
1410 2152 1495 2182 vitae
1519 2161 1643 2187 semen,
1671 2151 1758 2181 illinc
1788 2151 1926 2189 petenda
1948 2151 2080 2183 fuerunt

1121 2200 1249 2226 sanctae
1273 2199 1304 2225 et
1325 2194 1428 2225 omnis
1452 2193 1648 2234 integritatis
1672 2193 1827 2232 exempla.

1206 2238 1234 2268 4.
1266 2237 1310 2267 Et
1337 2237 1515 2267 suburbana
1543 2235 1665 2266 urbium
1692 2246 1808 2266 earum.
1853 2235 1916 2267 Hic
1945 2241 2079 2277 apparet

1121 2280 1261 2311 varietas
1283 2291 1323 2311 cx
1347 2291 1409 2319 qua
1427 2280 1528 2309 oritur
1547 2279 1697 2318 quaestio.
1734 2278 1843 2309 Primo
1862 2279 1946 2309 enim
1966 2279 2079 2311 definit

1121 2323 1228 2353 Moses
1241 2322 1392 2353 suburbia
1406 2322 1492 2352 mille
1506 2321 1621 2351 cubitis
1637 2320 1674 2351 ab
1688 2321 1774 2358 urbe,
1788 2331 1902 2352 versus
1920 2332 2078 2362 quemque

1120 2366 1311 2402 terminum,
1340 2370 1449 2404 postea
1473 2363 1600 2394 videtur
1623 2362 1795 2394 extendere
1819 2363 1858 2394 ad
1882 2364 1943 2395 duo
1967 2365 2076 2397 millia.

1120 2408 1259 2446 Quidam
1284 2408 1370 2438 hune
1390 2407 1509 2438 nodum
1531 2407 1576 2437 ita
1594 2405 1777 2445 expediunt,
1794 2406 1864 2437 loca
1883 2406 1955 2438 urbi
1973 2408 2077 2447 magis

1119 2451 1240 2487 vicina,
1276 2450 1414 2490 tuguriis
1445 2453 1475 2480 et
1504 2449 1606 2479 hortis
1635 2448 1733 2479 fuisse
1765 2448 1932 2480 destinata.
1985 2450 2077 2482 Mille

1120 2499 1227 2524 autem
1251 2493 1368 2524 cubitis
1394 2502 1526 2523 vacuum
1552 2491 1647 2522 fuisse
1677 2493 1817 2530 spatium
1842 2494 1997 2524 armentis
2026 2494 2076 2525 vel

1120 2535 1271 2576 gregibus
1295 2535 1476 2575 pascendis:
1507 2533 1589 2573 quod
1621 2533 1771 2565 videntur
1793 2535 1926 2566 finxisse
1950 2540 2074 2567 tantum

1120 2584 1154 2609 ut
1177 2578 1376 2618 subterfugio
1401 2577 1567 2608 eluderent
1590 2576 1802 2608 obiectionem
1832 2580 2073 2619 repugnantiae.

1120 2621 1190 2660 Ego
1216 2632 1288 2651 vcro
1313 2621 1416 2660 potius
1441 2620 1603 2655 existimo,
1628 2624 1794 2659 postquam
1819 2620 1906 2650 niille
1934 2622 2075 2661 undique
