2304 3034
178 188 242 220 259

508 310 573 342 EX
593 310 727 342 DEU'P.
751 310 811 341 IV.

262 409 311 439 44.
338 406 422 437 Haec
450 408 492 436 est
524 405 573 435 let·
602 414 696 444 quum
721 403 887 443 proposuit
910 403 1013 435 Moses
1041 414 1146 436 coram

176 453 253 491 fillis
277 450 388 481 Isiuel.
434 449 484 479 45
512 447 597 479 Haec
628 447 802 478 testimonia
831 449 858 477 et
880 449 995 478 statuta
1016 449 1043 478 et
1064 448 1145 479 tadi-

177 497 224 527 σία
243 504 322 533 qaae
337 491 559 531 pronunciarit
573 490 677 521 Moses
693 490 773 528 filiis
786 489 897 526 Israel
921 499 1016 528 qaum
1033 491 1145 530 egressi

176 539 272 569 essent
294 546 331 566 ea
343 535 487 574 Aegygfflto.
523 533 574 564 46.
598 533 702 564 Trans
715 532 881 563 Iordanem
904 533 937 562 in
961 532 1039 563 valle
1061 543 1076 564 e
1097 543 1144 564 re-

175 581 262 620 aiente
286 577 374 608 Beth·
366 587 450 624 -peor
477 577 511 607 in
541 579 624 607 terra
649 575 748 606 Selzon
771 575 853 615 regiis
875 575 1144 613 Emorrlzaeorzcm,

177 623 229 662 qai
252 621 409 651 habitabat
432 620 464 650 in
479 619 616 650 Hesbon:
641 628 728 657 quem
744 618 901 656 percussit
914 617 1016 649 Moses
1039 621 1065 649 et
1085 618 1146 657 filii

176 664 286 698 Israel.
307 673 401 702 quum
424 662 537 702 egressi
556 664 655 692 essent
673 672 710 692 ei
723 662 868 701 Aeyypto
913 661 963 692 47.
984 660 1028 692 Et
1039 672 1145 700 posse-

177 708 285 739 demant
308 710 419 737 terrum
445 705 520 741 eius,
552 707 578 735 et
600 707 716 735 terram
743 704 787 743 09
809 704 891 744 repis
913 703 1042 741 Busan,
1073 704 1146 736 duo-

176 760 245 780 rum
269 759 373 789 repam
396 747 666 783 Emorrlzaeommz,
691 747 744 786 qui
765 750 852 777 erant
874 750 961 777 trans
981 729 1146 778 Ior’darzem

178 793 219 823 ad
242 796 341 823 ortum
360 791 441 822 solis.
484 790 535 822 48.
566 790 615 821 Ab
637 791 741 820 Aroer
766 790 820 829 qm·
842 792 908 820 erat
931 790 1019 820 turm
1041 790 1146 830 ripam

176 836 319 866 torrentis
343 836 461 867 Arnon.
486 843 583 872 usque
606 833 647 864 ad
669 835 800 863 montem
825 832 900 863 Sion
924 833 978 872 9111
1000 835 1042 864 est
1065 832 1146 863 Her-

178 889 255 909 mon.
306 877 356 907 49.
381 876 422 907 Et
444 877 625 907 universam
648 876 848 907 solitudinem
870 878 958 906 trans
982 875 1146 906 Iordanem

176 921 217 951 ad
237 921 379 952 orientem
402 929 500 958 usque
524 919 565 950 ad
583 929 671 949 mare
689 918 846 960 planitiei,
870 918 925 949 sub
948 918 1147 957 effusionibus

178 973 338 1003 uquarum.

470 1159 535 1190 EX
558 1158 692 1190 DEUT.
717 1158 849 1190 XXIX.

260 1255 272 1284 1
293 1255 325 1293 ¹).
352 1254 439 1285 Haeo
462 1256 533 1285 sunt
556 1253 647 1284 rerba
668 1253 802 1293 foederis
825 1263 902 1292 qnae
920 1253 1077 1293 praecepit
1097 1252 1145 1284 Ie-

172 1296 247 1327 hova
262 1297 347 1328 Most
371 1300 405 1327 ut
423 1300 570 1337 pauperet
592 1306 660 1329 cum
681 1296 759 1335 siliis
771 1295 874 1326 Israel
895 1296 929 1326 in
952 1298 1032 1327 terra
1051 1295 1146 1327 Moab
1170 1308 1172 1313 ’

168 1342 292 1379 praeter
313 1340 426 1380 foedus
449 1340 529 1380 quod
546 1340 709 1380 pepiyerat
732 1348 800 1369 oum
824 1339 903 1378 ¹ipsis
926 1339 960 1370 ia
984 1339 1093 1370 Horeb.

258 1451 365 1482 Levit.
388 1452 438 1489 27,
458 1451 508 1482 34.
535 1451 620 1482 Haec
642 1452 714 1482 sunt
731 1452 906 1489 praecepta.
945 1450 1038 1481 Prior
1057 1450 1145 1483 100115

172 1495 379 1525 commendat
403 1495 507 1535 legem
532 1504 613 1534 qnae
643 1493 847 1534 promulgata
877 1493 939 1524 fuit
966 1498 998 1524 et
1027 1495 1145 1534 scripta

171 1536 205 1566 in
230 1536 356 1568 duabus
382 1537 518 1575 tabulis,
553 1548 626 1569 eum
651 1536 822 1568 sententiis
846 1546 928 1576 quae
951 1537 1046 1568 simul
1077 1538 1144 1568 fue-

169 1586 246 1610 runt
271 1590 421 1611 annexae
447 1580 487 1611 ad
512 1580 574 1611 Dei
598 1583 740 1610 mentem
765 1578 885 1610 clarius
910 1580 1143 1619 explicandam.

169 1665 224 1695 sed
255 1666 340 1705 quod
374 1666 517 1697 breviter
541 1667 796 1706 perstrinxerat,
831 1665 1064 1704 interpretatus
1087 1671 1144 1697 est.

170 1707 273 1738 Porro
298 1708 376 1740 huie
397 1709 562 1740 doctrinae
583 1709 678 1740 fidem
699 1707 850 1739 conciliat
863 1708 985 1739 Moses:
1005 1709 1144 1748 primum

170 1750 208 1781 ab
229 1752 418 1789 autoritate,
444 1752 519 1792 quia
540 1752 698 1783 divinitus
717 1751 760 1781 sit
779 1750 907 1787 tradita,
928 1750 1043 1782 deinde
1062 1751 1145 1792 quod

170 1792 231 1824 sibi
257 1804 323 1824 non
357 1795 535 1835 sumpserit
563 1794 759 1835 legislatoris
783 1799 908 1833 partes,
941 1793 996 1824 sed
1027 1805 1045 1825 a
1074 1794 1145 1825 Deo

171 1842 297 1867 creatus
324 1837 433 1875 fuerit,
458 1848 494 1869 ae
519 1845 651 1868 vocatus
675 1837 714 1868 ad
736 1836 797 1867 hoo
811 1847 931 1867 munus
952 1836 1144 1868 obeundum.

171 1921 209 1952 ad
234 1933 287 1953 eos
312 1924 434 1954 missus
458 1924 555 1955 fuerit
580 1923 691 1954 doctor
714 1928 745 1953 et
768 1923 932 1962 magister.

257 1964 356 1996 Deut.
370 1967 435 2003 1,1.
450 1966 537 1998 Haec
549 1970 621 1998 sant
634 1966 732 1997 verba.
746 1964 792 1995 Hi
805 1964 867 1996 duo
881 1965 1072 2005 posteriores
1085 1965 1145 1997 loci

256 2085 281 2116 1)
301 2085 383 2110 Hebr.
406 2085 447 2115 28,
466 2086 506 2111 69.

908 182 1172 216 PRAEFATIO
1196 184 1245 215 IN
1266 183 1439 215 LEGEM.

2102 183 2166 214 260

1200 278 1328 317 proprie
1348 277 1387 308 ad
1408 276 1600 316 appendices
1620 280 1776 315 spectant,
1805 275 1920 315 quibus
1946 282 2057 316 postea
2075 279 2166 310 Deus

1200 320 1317 351 clarius
1338 325 1369 350 et
1395 319 1498 359 magis
1522 318 1724 349 familiariter
1747 318 1924 349 illustravit
1947 319 2051 359 legem
2076 322 2165 361 prius

1199 373 1218 393 a
1241 374 1274 394 se
1298 363 1419 393 datam:
1452 361 1732 400 comprehendunt
1762 371 1888 400 quoque
1912 361 2164 402 exhortationes,

1200 406 1317 445 quibus
1352 405 1461 445 populi
1497 405 1620 434 animos
1655 403 1784 443 subegit
1824 403 1863 434 ad
1904 404 2092 444 obsequium
2134 413 2164 437 et

1199 449 1304 488 elogia
1327 448 1441 488 quibus
1465 447 1568 486 legem
1600 446 1730 476 ornavit
1759 456 1795 477 ae
1818 446 1983 477 stabilivit.
2029 447 2165 480 Summa

1199 497 1256 527 est,
1290 491 1402 521 Mosen
1436 489 1563 529 prodire
1595 489 1656 519 Dei
1688 488 1872 519 ministrum
1901 495 1934 519 et
1962 500 2164 529 praeconem,

1199 534 1253 573 qui
1277 544 1316 564 ex
1340 534 1441 573 ipsius
1471 543 1525 563 ore
1550 531 1663 563 Israeli
1687 531 1884 571 praescribat
1913 532 2066 572 quidquid
2097 544 2165 565 rec-

1199 583 1267 607 tum
1292 581 1324 606 et
1346 577 1467 606 iustum
1487 579 1544 605 est.
1592 574 1765 605 Caeterum
1788 585 1887 614 quum
1913 575 2005 606 dicit:
2030 575 2165 607 Praeter

1199 618 1309 650 foedus
1330 619 1444 649 initum
1474 619 1505 648 in
1530 624 1638 648 monte
1658 617 1779 655 Horeb,
1804 628 1868 647 non
1892 618 2055 657 significat
2075 619 2166 658 quid-

1199 672 1294 701 quam
1319 662 1417 692 fuisse
1441 660 1595 697 additum,
1620 660 1681 690 nisi
1705 666 1863 699 quatenus
1886 661 2028 700 oportuit
2056 661 2165 693 decem

1200 704 1297 735 verba
1322 704 1467 743 pluribus
1486 703 1614 742 exponi,
1639 713 1679 733 ne
1700 703 1841 734 brevitas
1860 703 2090 734 obscuritatem
2109 715 2166 744 pa-

1200 753 1285 778 reret
1309 748 1340 778 in
1365 747 1436 777 rudi
1461 750 1493 776 et
1512 745 1604 776 tardo
1622 745 1749 785 populo.
1774 745 1885 785 Neque
1905 746 1990 776 enim
2013 747 2110 785 Deus,
2131 752 2167 778 ut

1200 790 1305 821 solent
1335 789 1457 820 terreni
1488 799 1596 828 reges,
1629 789 1832 828 experientia
1854 788 2039 820 admonitus
2062 790 2165 830 legem

1200 844 1289 864 suain
1323 832 1534 871 locupletavit
1563 832 1654 862 novis
1689 832 1883 871 praeceptis:
1915 832 1969 863 sed
2004 833 2167 863 consuluit

1200 876 1292 916 pigro
1316 880 1348 905 et
1371 885 1477 906 crasso
1502 874 1611 914 populi
1635 874 1774 914 ingenio.
1822 875 1910 914 Ergo
1934 875 2092 914 particula
2110 886 2166 906 ex·

1200 918 1355 958 ceptionis
1380 928 1442 948 non
1467 916 1613 957 designat
1633 916 1752 956 aliquid
1773 917 1998 958 adventitium,
2022 918 2078 949 sed
2097 922 2167 949 tan-

1200 967 1269 992 tum
1293 961 1453 1001 significat
1475 960 1578 990 Deum
1603 960 1744 990 secundo
1768 960 1903 991 iterasse
1926 961 2036 991 foedus
2059 972 2165 997 suum,

1200 1015 1261 1044 quo
1290 1003 1471 1034 distinctius
1501 1009 1533 1032 et
1564 1003 1682 1033 certius
1701 1008 1808 1043 posset
1832 1003 1981 1044 intelligi.
2028 1003 2102 1042 Qua
2131 1004 2165 1034 in

1201 1058 1233 1077 re
1263 1057 1372 1077 rarum
1401 1045 1622 1085 indulgentiae
1653 1046 1815 1085 specimen
1846 1045 1961 1083 edidit,
1995 1046 2078 1086 quod
2107 1046 2166 1078 sub

1200 1094 1306 1120 terrae
1336 1089 1518 1129 ingressum
1541 1088 1653 1119 foedus
1687 1099 1780 1119 suum
1805 1089 1932 1120 circiter
1965 1089 2060 1120 annis
2093 1100 2167 1130 qua-

1200 1133 1350 1172 draginta
1380 1139 1450 1171 post
1478 1132 1546 1162 eius
1576 1132 1867 1172 promulgationem
1899 1132 2090 1169 renovavit,
2121 1132 2167 1163 lu-

1199 1175 1329 1206 culenta
1363 1174 1579 1214 explicatione
1614 1174 1732 1211 addita,
1765 1175 1840 1214 quia
1870 1180 1949 1206 tunc
1979 1185 2052 1206 cum
2083 1185 2167 1207 nova

1199 1223 1295 1258 gente
1319 1222 1387 1248 erat
1411 1218 1586 1257 negotium.
1633 1217 1710 1248 Ideo
1733 1218 1821 1249 loeus
1850 1218 2053 1258 exprimitur,
2081 1218 2167 1249 unde

1198 1266 1230 1292 et
1255 1261 1409 1300 temporis
1433 1261 1515 1291 ratio
1539 1266 1682 1299 apparet.

1284 1304 1380 1334 Dent.
1400 1303 1429 1339 4,
1449 1303 1499 1334 44.
1543 1302 1630 1333 Haec
1649 1306 1692 1334 est
1714 1303 1771 1334 lex.
1817 1303 1942 1336 Eodem
1966 1307 2091 1343 spectat
2114 1303 2168 1335 hic

1170 1352 1171 1355 ’
1198 1346 1332 1377 ultimus
1356 1346 1452 1382 loeus,
1485 1346 1588 1386 legem
1613 1345 1733 1377 seilicet
1757 1346 1795 1377 de
1818 1346 1948 1386 integro
1973 1347 2072 1377 fuisse
2095 1356 2168 1386 pro-

1170 1387 1171 1432 ]
1198 1389 1377 1428 mulgatam
1407 1400 1445 1419 ex
1473 1399 1535 1428 quo
1560 1388 1659 1418 limen
1683 1395 1787 1420 terrae
1811 1389 1989 1429 promissae
2014 1390 2169 1429 attigerat

1170 1437 1171 1443 ¹
1196 1432 1344 1472 populus,
1368 1443 1429 1471 quo
1444 1431 1633 1472 propensior
1648 1438 1732 1463 esset
1745 1432 1783 1463 ad
1799 1432 1997 1472 obsequium,
2021 1442 2168 1472 praeser-

1197 1475 1254 1505 tim
1278 1485 1374 1514 quum
1400 1475 1462 1505 iam
1487 1474 1569 1505 duae
1593 1474 1697 1505 tribus
1721 1479 1752 1506 et
1776 1474 1911 1506 dimidia
1933 1475 2027 1506 vietis
2051 1475 2167 1506 Emor-

1197 1517 1304 1548 rhaeis
1335 1517 1443 1548 sedem
1475 1518 1608 1557 adeptae
1639 1522 1750 1548 essent
1773 1529 1810 1549 ae
1834 1517 2042 1549 domicilium.
2087 1517 2167 1549 Ideo

1197 1560 1283 1590 enim
1309 1560 1517 1591 habitationis
1541 1561 1577 1591 fit
1599 1561 1738 1598 mentio,
1762 1561 1837 1601 quia.
1861 1565 1977 1601 gustus
1996 1564 2168 1601 perceptae

168 1622 282 1661 Neque
308 1624 397 1653 enim
418 1628 544 1654 tantum
566 1623 675 1654 decem
695 1621 795 1652 verba
814 1621 879 1653 illic
899 1623 1033 1662 protulit
1045 1623 1143 1659 Deus,
1170 1615 1171 1642 3
1197 1609 1320 1643 gnua&
1344 1614 1457 1634 “mere
1481 1603 1615 1634 debebit
1639 1613 1749 1634 eorum
1774 1604 1919 1634 smmum
1944 1614 2007 1643 quo
2027 1603 2166 1635 amemus

1197 1651 1378 1685 pergerent.
1424 1646 1474 1677 De
1498 1647 1629 1687 regione
1652 1652 1685 1677 et
1708 1647 1850 1678 locorum
1874 1646 2058 1677 nominibus
2088 1646 2165 1677 alibi

1198 1688 1385 1720 videbimus.
1432 1689 1527 1721 Nune
1535 1672 1661 1720 β10110το
1680 1690 1758 1720 satis
1777 1694 1834 1727 est,
1858 1696 2048 1720 renovatam
2068 1689 2167 1720 fuisse

1197 1731 1278 1771 legis
1302 1733 1505 1770 memoriam,
1536 1737 1708 1772 postquam
1740 1738 1834 1763 extra
1857 1737 1977 1763 sortem
2005 1732 2168 1773 obtigerat

1199 1775 1294 1805 statio
1318 1775 1391 1805 filiis
1414 1775 1531 1807 Ruben
1554 1780 1586 1806 et
1609 1775 1701 1813 Gad,
1730 1779 1762 1806 et
1791 1775 1942 1806 dimidiae
1965 1775 2065 1806 tribui
2098 1775 2167 1805 Ma-

1198 1827 1302 1854 nasse,
1328 1818 1460 1858 reliquis
1472 1824 1581 1849 autem
1596 1822 1683 1849 certa
1702 1818 1863 1858 possessio
1878 1823 1952 1849 ante
1965 1818 2073 1849 oeulos
2094 1818 2168 1848 sub-

171 1880 200 1910 A
223 1879 298 1910 filiis
330 1887 441 1911 antem
467 1881 569 1911 Israel
603 1880 822 1912 reverentiam
846 1879 962 1920 exigit,
994 1880 1145 1920 quoniam
1170 1872 1171 1910 ζ
1198 1865 1280 1890 meta
1299 1866 1392 1891 esset·
1423 1861 1596 1892 caeterum
1625 1861 1765 1892 ⁰Ste¹³d¹t
1787 1861 1905 1898 Moses'
1930 1871 2078 1901 quamws
2097 1860 2168 1900 plu*

1170 1916 1172 1925 v
1198 1902 1288 1933 ribus
1309 1904 1414 1934 verbis
1437 1904 1542 1944 legem
1566 1904 1767 1944 explicuerit,
1792 1903 1872 1934 nihil
1893 1908 2002 1934 tamen
2022 1903 2169 1935 additum

1197 1945 1297 1976 fuisse
1312 1946 1349 1976 ad
1363 1957 1433 1977 eam
1447 1957 1608 1978 summam
1628 1957 1709 1986 quae
1723 1947 1816 1978 initio
1830 1946 2034 1986 promulgata
2047 1947 2167 1977 fuerat:

1198 1989 1274 2027 quin
1300 1989 1406 2028 potius
1425 1990 1594 2030 signifieat,
1614 2000 1823 2029 quaecunque
1842 1990 1936 2020 annis
1955 1988 2170 2029 quadraginta

1198 2031 1316 2067 docuit,
1338 2043 1402 2063 non
1424 2032 1487 2063 alio
1507 2037 1671 2072 spectasse
1695 2043 1791 2072 quam
1811 2037 1846 2063 ut
1865 2033 1969 2072 legem
1989 2031 2052 2062 Dei
2072 2031 2169 2071 probe

1198 2080 1374 2114 exactoque
1394 2080 1552 2106 tenerent.
