<?xml version="1.0" encoding="UTF-8"?>
<!DOCTYPE html PUBLIC "-//W3C//DTD XHTML 1.0 Transitional//EN"
    "http://www.w3.org/TR/xhtml1/DTD/xhtml1-transitional.dtd">
<html xmlns="http://www.w3.org/1999/xhtml" xml:lang="en" lang="en">
 <head>
  <title>
</title>
<meta http-equiv="Content-Type" content="text/html;charset=utf-8" />
  <meta name='ocr-system' content='tesseract 3.04.00' />
  <meta name='ocr-capabilities' content='ocr_page ocr_carea ocr_par ocr_line ocrx_word'/>
</head>
<body>
  <div class='ocr_page' id='page_1' title='image "./ioanniscalviniop24calv_0151.png"; bbox 0 0 2304 3034; ppageno 0'>
   <div class='ocr_carea' id='block_1_1' title="bbox 120 191 179 222">
    <p class='ocr_par' dir='ltr' id='par_1_1' title="bbox 120 191 179 222">
     <span class='ocr_line' id='line_1_1' title="bbox 120 191 179 222; baseline -0.017 0"><span class='ocrx_word' id='word_1_1' title='bbox 120 191 179 222; x_wconf 82' lang='grc'><strong>281</strong></span> 
     </span>
    </p>
   </div>
   <div class='ocr_carea' id='block_1_2' title="bbox 105 284 1081 1336">
    <p class='ocr_par' dir='ltr' id='par_1_2' title="bbox 120 284 1081 402">
     <span class='ocr_line' id='line_1_2' title="bbox 120 284 1080 333; baseline 0.001 -18"><span class='ocrx_word' id='word_1_2' title='bbox 120 284 206 316; x_wconf 85' lang='lat' dir='ltr'><strong>iusto</strong></span> <span class='ocrx_word' id='word_1_3' title='bbox 225 285 294 316; x_wconf 90' lang='lat' dir='ltr'><strong>eins</strong></span> <span class='ocrx_word' id='word_1_4' title='bbox 312 285 431 317; x_wconf 85' lang='lat' dir='ltr'><strong>iudicio</strong></span> <span class='ocrx_word' id='word_1_5' title='bbox 450 286 506 317; x_wconf 89' lang='lat' dir='ltr'><strong>fiet</strong></span> <span class='ocrx_word' id='word_1_6' title='bbox 523 291 561 317; x_wconf 83' lang='lat' dir='ltr'><strong>ut</strong></span> <span class='ocrx_word' id='word_1_7' title='bbox 580 291 734 327; x_wconf 76' lang='lat' dir='ltr'>appareat</span> <span class='ocrx_word' id='word_1_8' title='bbox 753 287 917 317; x_wconf 84' lang='lat' dir='ltr'><strong>temeritas</strong></span> <span class='ocrx_word' id='word_1_9' title='bbox 936 286 1080 333; x_wconf 79' lang='lat' dir='ltr'><strong>omnium</strong></span> 
     </span>
     <span class='ocr_line' id='line_1_3' title="bbox 121 326 1081 369; baseline 0.002 -12"><span class='ocrx_word' id='word_1_10' title='bbox 121 326 176 366; x_wconf 87' lang='lat' dir='ltr'><strong>qui</strong></span> <span class='ocrx_word' id='word_1_11' title='bbox 199 337 325 359; x_wconf 86' lang='lat' dir='ltr'><strong>sacrum</strong></span> <span class='ocrx_word' id='word_1_12' title='bbox 349 328 417 359; x_wconf 87' lang='lat' dir='ltr'><strong>eius</strong></span> <span class='ocrx_word' id='word_1_13' title='bbox 441 339 557 360; x_wconf 88' lang='lat' dir='ltr'><strong>nomen</strong></span> <span class='ocrx_word' id='word_1_14' title='bbox 581 329 659 360; x_wconf 84' lang='lat' dir='ltr'><strong>falso</strong></span> <span class='ocrx_word' id='word_1_15' title='bbox 682 329 899 369; x_wconf 84' lang='lat' dir='ltr'><strong>arripuerint,</strong></span> <span class='ocrx_word' id='word_1_16' title='bbox 918 332 1013 367; x_wconf 88' lang='lat' dir='ltr'><strong>atque</strong></span> <span class='ocrx_word' id='word_1_17' title='bbox 1036 333 1081 359; x_wconf 82' lang='lat' dir='ltr'><strong>lta</strong></span> 
     </span>
     <span class='ocr_line' id='line_1_4' title="bbox 120 369 521 402; baseline 0.002 -2"><span class='ocrx_word' id='word_1_18' title='bbox 120 369 212 401; x_wconf 80' lang='lat' dir='ltr'><strong>larva</strong></span> <span class='ocrx_word' id='word_1_19' title='bbox 235 370 299 401; x_wconf 83' lang='lat' dir='ltr'><strong>illis</strong></span> <span class='ocrx_word' id='word_1_20' title='bbox 322 370 521 402; x_wconf 86' lang='lat' dir='ltr'><strong>detrahatur.</strong></span> 
     </span>
    </p>

    <p class='ocr_par' dir='ltr' id='par_1_3' title="bbox 105 412 1081 1336">
     <span class='ocr_line' id='line_1_5' title="bbox 205 412 1081 452; baseline -0.001 -9"><span class='ocrx_word' id='word_1_21' title='bbox 205 413 254 444; x_wconf 85' lang='grc'><strong>22.</strong></span> <span class='ocrx_word' id='word_1_22' title='bbox 281 413 342 444; x_wconf 78' lang='lat' dir='ltr'><strong>Per</strong></span> <span class='ocrx_word' id='word_1_23' title='bbox 363 413 538 452; x_wconf 76' lang='lat' dir='ltr'><em>superbiam</em></span> <span class='ocrx_word' id='word_1_24' title='bbox 560 413 706 452; x_wconf 78' lang='lat' dir='ltr'><em>loquutus</em></span> <span class='ocrx_word' id='word_1_25' title='bbox 728 415 778 444; x_wconf 82' lang='lat' dir='ltr'><strong>est.</strong></span> <span class='ocrx_word' id='word_1_26' title='bbox 825 413 897 443; x_wconf 91' lang='lat' dir='ltr'><strong>Non</strong></span> <span class='ocrx_word' id='word_1_27' title='bbox 924 412 1081 443; x_wconf 77' lang='lat' dir='ltr'>stultitiae</span> 
     </span>
     <span class='ocr_line' id='line_1_6' title="bbox 117 455 1081 495; baseline -0.001 -9"><span class='ocrx_word' id='word_1_28' title='bbox 117 455 214 486; x_wconf 91' lang='lat' dir='ltr'><strong>modo</strong></span> <span class='ocrx_word' id='word_1_29' title='bbox 226 461 257 486; x_wconf 90' lang='lat' dir='ltr'><strong>et</strong></span> <span class='ocrx_word' id='word_1_30' title='bbox 272 456 424 486; x_wconf 83' lang='lat' dir='ltr'>vanitatis</span> <span class='ocrx_word' id='word_1_31' title='bbox 437 455 568 486; x_wconf 86' lang='lat' dir='ltr'><strong>damnat</strong></span> <span class='ocrx_word' id='word_1_32' title='bbox 586 456 639 495; x_wconf 92' lang='lat' dir='ltr'><strong>qui</strong></span> <span class='ocrx_word' id='word_1_33' title='bbox 658 465 715 486; x_wconf 85' lang='lat' dir='ltr'><strong>sua</strong></span> <span class='ocrx_word' id='word_1_34' title='bbox 733 459 914 486; x_wconf 85' lang='lat' dir='ltr'><strong>commenta</strong></span> <span class='ocrx_word' id='word_1_35' title='bbox 927 455 1081 495; x_wconf 85' lang='lat' dir='ltr'><strong>ingerunt</strong></span> 
     </span>
     <span class='ocr_line' id='line_1_7' title="bbox 118 497 1081 538; baseline 0.001 -10"><span class='ocrx_word' id='word_1_36' title='bbox 118 508 176 537; x_wconf 91' lang='lat' dir='ltr'><strong>pro</strong></span> <span class='ocrx_word' id='word_1_37' title='bbox 200 498 260 529; x_wconf 92' lang='lat' dir='ltr'><strong>Dei</strong></span> <span class='ocrx_word' id='word_1_38' title='bbox 285 498 462 535; x_wconf 86' lang='lat' dir='ltr'><strong>mandatis,</strong></span> <span class='ocrx_word' id='word_1_39' title='bbox 493 498 548 529; x_wconf 90' lang='lat' dir='ltr'><strong>sed</strong></span> <span class='ocrx_word' id='word_1_40' title='bbox 579 497 798 538; x_wconf 80' lang='lat' dir='ltr'><strong>arrogantiae,</strong></span> <span class='ocrx_word' id='word_1_41' title='bbox 830 503 865 528; x_wconf 91' lang='lat' dir='ltr'><strong>ut</strong></span> <span class='ocrx_word' id='word_1_42' title='bbox 894 508 972 528; x_wconf 87' lang='lat' dir='ltr'><strong>sane</strong></span> <span class='ocrx_word' id='word_1_43' title='bbox 1001 497 1081 529; x_wconf 89' lang='lat' dir='ltr'><strong>haec</strong></span> 
     </span>
     <span class='ocr_line' id='line_1_8' title="bbox 117 539 1080 580; baseline 0.001 -10"><span class='ocrx_word' id='word_1_44' title='bbox 117 541 218 580; x_wconf 86' lang='lat' dir='ltr'><strong>impia</strong></span> <span class='ocrx_word' id='word_1_45' title='bbox 242 545 290 572; x_wconf 90' lang='lat' dir='ltr'><strong>est</strong></span> <span class='ocrx_word' id='word_1_46' title='bbox 311 546 342 571; x_wconf 88' lang='lat' dir='ltr'><strong>et</strong></span> <span class='ocrx_word' id='word_1_47' title='bbox 365 550 428 571; x_wconf 91' lang='lat' dir='ltr'><strong>non</strong></span> <span class='ocrx_word' id='word_1_48' title='bbox 459 539 634 571; x_wconf 84' lang='lat' dir='ltr'><strong>tolerabilis</strong></span> <span class='ocrx_word' id='word_1_49' title='bbox 663 539 796 571; x_wconf 83' lang='lat' dir='ltr'><strong>audacia</strong></span> <span class='ocrx_word' id='word_1_50' title='bbox 826 540 999 571; x_wconf 81' lang='lat' dir='ltr'><strong>obtendere</strong></span> <span class='ocrx_word' id='word_1_51' title='bbox 1022 551 1080 580; x_wconf 90' lang='lat' dir='ltr'><strong>pro</strong></span> 
     </span>
     <span class='ocr_line' id='line_1_9' title="bbox 117 582 1079 622; baseline 0 -8"><span class='ocrx_word' id='word_1_52' title='bbox 117 583 247 614; x_wconf 85' lang='lat' dir='ltr'><strong>coelesti</strong></span> <span class='ocrx_word' id='word_1_53' title='bbox 277 583 406 614; x_wconf 91' lang='lat' dir='ltr'><strong>oraculo</strong></span> <span class='ocrx_word' id='word_1_54' title='bbox 439 582 521 622; x_wconf 88' lang='lat' dir='ltr'><strong>quod</strong></span> <span class='ocrx_word' id='word_1_55' title='bbox 551 582 583 613; x_wconf 88' lang='lat' dir='ltr'><strong>in</strong></span> <span class='ocrx_word' id='word_1_56' title='bbox 618 582 760 613; x_wconf 89' lang='lat' dir='ltr'><strong>hominis</strong></span> <span class='ocrx_word' id='word_1_57' title='bbox 794 584 914 613; x_wconf 87' lang='lat' dir='ltr'><strong>terreni</strong></span> <span class='ocrx_word' id='word_1_58' title='bbox 950 583 1079 614; x_wconf 91' lang='lat' dir='ltr'><strong>cerebro</strong></span> 
     </span>
     <span class='ocr_line' id='line_1_10' title="bbox 117 624 1080 664; baseline -0.001 -8"><span class='ocrx_word' id='word_1_59' title='bbox 117 629 230 656; x_wconf 87' lang='lat' dir='ltr'><strong>natum</strong></span> <span class='ocrx_word' id='word_1_60' title='bbox 254 630 310 656; x_wconf 81' lang='lat' dir='ltr'><strong>est.</strong></span> <span class='ocrx_word' id='word_1_61' title='bbox 355 626 454 664; x_wconf 84' lang='lat' dir='ltr'><strong>Atqui</strong></span> <span class='ocrx_word' id='word_1_62' title='bbox 477 624 537 655; x_wconf 87' lang='lat' dir='ltr'><strong>hoc</strong></span> <span class='ocrx_word' id='word_1_63' title='bbox 560 625 690 656; x_wconf 88' lang='lat' dir='ltr'><strong>nomine</strong></span> <span class='ocrx_word' id='word_1_64' title='bbox 714 624 910 656; x_wconf 87' lang='lat' dir='ltr'><strong>detestabilis</strong></span> <span class='ocrx_word' id='word_1_65' title='bbox 934 625 1080 656; x_wconf 84' lang='lat' dir='ltr'><strong>redditur</strong></span> 
     </span>
     <span class='ocr_line' id='line_1_11' title="bbox 117 667 1078 707; baseline -0.001 -8"><span class='ocrx_word' id='word_1_66' title='bbox 117 678 228 699; x_wconf 89' lang='lat' dir='ltr'><strong>eorum</strong></span> <span class='ocrx_word' id='word_1_67' title='bbox 259 668 406 707; x_wconf 88' lang='lat' dir='ltr'><strong>impietas</strong></span> <span class='ocrx_word' id='word_1_68' title='bbox 436 668 491 706; x_wconf 92' lang='lat' dir='ltr'><strong>qui</strong></span> <span class='ocrx_word' id='word_1_69' title='bbox 514 667 748 698; x_wconf 87' lang='lat' dir='ltr'><strong>revelationum</strong></span> <span class='ocrx_word' id='word_1_70' title='bbox 783 668 886 699; x_wconf 91' lang='lat' dir='ltr'><strong>fumos</strong></span> <span class='ocrx_word' id='word_1_71' title='bbox 915 668 1078 699; x_wconf 86' lang='lat' dir='ltr'><strong>obiectant</strong></span> 
     </span>
     <span class='ocr_line' id='line_1_12' title="bbox 116 709 1077 749; baseline -0.001 -8"><span class='ocrx_word' id='word_1_72' title='bbox 116 710 316 742; x_wconf 86' lang='lat' dir='ltr'><strong>deterrendis</strong></span> <span class='ocrx_word' id='word_1_73' title='bbox 350 709 555 749; x_wconf 79' lang='lat' dir='ltr'><strong>simplicibus.</strong></span> <span class='ocrx_word' id='word_1_74' title='bbox 612 710 755 741; x_wconf 84' lang='lat' dir='ltr'><strong>Proinde</strong></span> <span class='ocrx_word' id='word_1_75' title='bbox 788 710 915 742; x_wconf 89' lang='lat' dir='ltr'><strong>subiicit</strong></span> <span class='ocrx_word' id='word_1_76' title='bbox 948 716 984 741; x_wconf 90' lang='lat' dir='ltr'><strong>ut</strong></span> <span class='ocrx_word' id='word_1_77' title='bbox 1018 710 1077 741; x_wconf 91' lang='lat' dir='ltr'><strong>sibi</strong></span> 
     </span>
     <span class='ocr_line' id='line_1_13' title="bbox 116 751 1078 792; baseline 0 -9"><span class='ocrx_word' id='word_1_78' title='bbox 116 763 180 783; x_wconf 92' lang='lat' dir='ltr'><strong>non</strong></span> <span class='ocrx_word' id='word_1_79' title='bbox 199 756 346 783; x_wconf 83' lang='lat' dir='ltr'><strong>metuant</strong></span> <span class='ocrx_word' id='word_1_80' title='bbox 364 752 402 782; x_wconf 87' lang='lat' dir='ltr'><strong>ab</strong></span> <span class='ocrx_word' id='word_1_81' title='bbox 422 751 578 783; x_wconf 88' lang='lat' dir='ltr'><strong>eiusmodi</strong></span> <span class='ocrx_word' id='word_1_82' title='bbox 598 753 764 792; x_wconf 87' lang='lat' dir='ltr'><strong>propheta,</strong></span> <span class='ocrx_word' id='word_1_83' title='bbox 784 753 867 792; x_wconf 82' lang='lat' dir='ltr'><strong>qnia,</strong></span> <span class='ocrx_word' id='word_1_84' title='bbox 888 758 923 783; x_wconf 93' lang='lat' dir='ltr'><strong>ut</strong></span> <span class='ocrx_word' id='word_1_85' title='bbox 938 752 1078 784; x_wconf 82' lang='lat' dir='ltr'><strong>Satanae</strong></span> 
     </span>
     <span class='ocr_line' id='line_1_14' title="bbox 116 794 1076 833; baseline 0 -7"><span class='ocrx_word' id='word_1_86' title='bbox 116 795 273 826; x_wconf 80' lang='lat' dir='ltr'><strong>ministris</strong></span> <span class='ocrx_word' id='word_1_87' title='bbox 297 794 377 824; x_wconf 91' lang='lat' dir='ltr'><strong>nihil</strong></span> <span class='ocrx_word' id='word_1_88' title='bbox 400 798 449 825; x_wconf 85' lang='lat' dir='ltr'><strong>est</strong></span> <span class='ocrx_word' id='word_1_89' title='bbox 476 794 667 833; x_wconf 84' lang='lat' dir='ltr'><strong>fastuosius,</strong></span> <span class='ocrx_word' id='word_1_90' title='bbox 695 796 892 826; x_wconf 89' lang='lat' dir='ltr'><strong>confidenter</strong></span> <span class='ocrx_word' id='word_1_91' title='bbox 915 806 990 826; x_wconf 85' lang='lat' dir='ltr'><strong>suas</strong></span> <span class='ocrx_word' id='word_1_92' title='bbox 1013 796 1076 827; x_wconf 87' lang='lat' dir='ltr'><strong>iac-</strong></span> 
     </span>
     <span class='ocr_line' id='line_1_15' title="bbox 115 836 1077 877; baseline 0 -9"><span class='ocrx_word' id='word_1_93' title='bbox 115 838 234 868; x_wconf 77' lang='lat' dir='ltr'><strong>tantiae</strong></span> <span class='ocrx_word' id='word_1_94' title='bbox 267 842 413 877; x_wconf 86' lang='lat' dir='ltr'><strong>erepant,</strong></span> <span class='ocrx_word' id='word_1_95' title='bbox 451 836 564 876; x_wconf 89' lang='lat' dir='ltr'><strong>quibus</strong></span> <span class='ocrx_word' id='word_1_96' title='bbox 600 848 662 868; x_wconf 89' lang='lat' dir='ltr'><strong>non</strong></span> <span class='ocrx_word' id='word_1_97' title='bbox 697 839 819 869; x_wconf 89' lang='lat' dir='ltr'><strong>moveri</strong></span> <span class='ocrx_word' id='word_1_98' title='bbox 855 838 987 870; x_wconf 85' lang='lat' dir='ltr'><strong>difficile</strong></span> <span class='ocrx_word' id='word_1_99' title='bbox 1021 842 1077 876; x_wconf 87' lang='lat' dir='ltr'><strong>est,</strong></span> 
     </span>
     <span class='ocr_line' id='line_1_16' title="bbox 115 879 1077 921; baseline 0 -10"><span class='ocrx_word' id='word_1_100' title='bbox 115 885 211 920; x_wconf 86' lang='lat' dir='ltr'><strong>atque</strong></span> <span class='ocrx_word' id='word_1_101' title='bbox 230 879 308 910; x_wconf 89' lang='lat' dir='ltr'><strong>adeo</strong></span> <span class='ocrx_word' id='word_1_102' title='bbox 327 879 464 915; x_wconf 86' lang='lat' dir='ltr'><strong>concuti,</strong></span> <span class='ocrx_word' id='word_1_103' title='bbox 489 879 553 910; x_wconf 86' lang='lat' dir='ltr'><strong>nisi</strong></span> <span class='ocrx_word' id='word_1_104' title='bbox 571 879 623 912; x_wconf 84' lang='lat' dir='ltr'><strong>hio</strong></span> <span class='ocrx_word' id='word_1_105' title='bbox 643 880 683 911; x_wconf 89' lang='lat' dir='ltr'><strong>ad</strong></span> <span class='ocrx_word' id='word_1_106' title='bbox 704 881 920 912; x_wconf 84' lang='lat' dir='ltr'><strong>resistendum</strong></span> <span class='ocrx_word' id='word_1_107' title='bbox 944 881 1077 921; x_wconf 83' lang='lat' dir='ltr'><strong>clypeus</strong></span> 
     </span>
     <span class='ocr_line' id='line_1_17' title="bbox 113 922 1077 964; baseline 0 -10"><span class='ocrx_word' id='word_1_108' title='bbox 113 926 331 959; x_wconf 83' lang='lat' dir='ltr'><strong>succurreret,</strong></span> <span class='ocrx_word' id='word_1_109' title='bbox 375 922 530 953; x_wconf 85' lang='lat' dir='ltr'><strong>terrificos</strong></span> <span class='ocrx_word' id='word_1_110' title='bbox 571 933 681 954; x_wconf 88' lang='lat' dir='ltr'><strong>eorum</strong></span> <span class='ocrx_word' id='word_1_111' title='bbox 722 923 847 955; x_wconf 88' lang='lat' dir='ltr'><strong>sonitus</strong></span> <span class='ocrx_word' id='word_1_112' title='bbox 881 934 973 964; x_wconf 88' lang='lat' dir='ltr'><strong>posse</strong></span> <span class='ocrx_word' id='word_1_113' title='bbox 1008 928 1077 954; x_wconf 86' lang='lat' dir='ltr'><strong>tuto</strong></span> 
     </span>
     <span class='ocr_line' id='line_1_18' title="bbox 113 963 1077 1004; baseline 0 -8"><span class='ocrx_word' id='word_1_114' title='bbox 113 963 310 1004; x_wconf 83' lang='lat' dir='ltr'><strong>floccipendi.</strong></span> <span class='ocrx_word' id='word_1_115' title='bbox 362 963 453 1003; x_wconf 84' lang='lat' dir='ltr'><strong>Quae</strong></span> <span class='ocrx_word' id='word_1_116' title='bbox 484 964 628 996; x_wconf 87' lang='lat' dir='ltr'><strong>doctrina</strong></span> <span class='ocrx_word' id='word_1_117' title='bbox 658 966 752 997; x_wconf 86' lang='lat' dir='ltr'><strong>valde</strong></span> <span class='ocrx_word' id='word_1_118' title='bbox 783 965 876 997; x_wconf 85' lang='lat' dir='ltr'><strong>hodic</strong></span> <span class='ocrx_word' id='word_1_119' title='bbox 905 966 998 998; x_wconf 91' lang='lat' dir='ltr'><strong>nobis</strong></span> <span class='ocrx_word' id='word_1_120' title='bbox 1028 970 1077 997; x_wconf 86' lang='lat' dir='ltr'><strong>est</strong></span> 
     </span>
     <span class='ocr_line' id='line_1_19' title="bbox 113 1007 1076 1049; baseline 0.002 -12"><span class='ocrx_word' id='word_1_121' title='bbox 113 1007 211 1038; x_wconf 84' lang='lat' dir='ltr'><strong>utilis.</strong></span> <span class='ocrx_word' id='word_1_122' title='bbox 257 1007 386 1038; x_wconf 84' lang='lat' dir='ltr'><strong>Scimus</strong></span> <span class='ocrx_word' id='word_1_123' title='bbox 409 1018 505 1047; x_wconf 86' lang='lat' dir='ltr'><strong>quam</strong></span> <span class='ocrx_word' id='word_1_124' title='bbox 529 1008 707 1039; x_wconf 84' lang='lat' dir='ltr'><strong>insolenter</strong></span> <span class='ocrx_word' id='word_1_125' title='bbox 729 1009 909 1049; x_wconf 83' lang='lat' dir='ltr'><strong>glorientur</strong></span> <span class='ocrx_word' id='word_1_126' title='bbox 932 1010 1076 1049; x_wconf 82' lang='lat' dir='ltr'><strong>papistae</strong></span> 
     </span>
     <span class='ocr_line' id='line_1_20' title="bbox 113 1049 1075 1092; baseline 0.001 -12"><span class='ocrx_word' id='word_1_127' title='bbox 113 1049 151 1081; x_wconf 90' lang='lat' dir='ltr'><strong>de</strong></span> <span class='ocrx_word' id='word_1_128' title='bbox 174 1049 332 1081; x_wconf 90' lang='lat' dir='ltr'><strong>catholica</strong></span> <span class='ocrx_word' id='word_1_129' title='bbox 355 1049 498 1088; x_wconf 80' lang='lat' dir='ltr'><strong>ecclesia,</strong></span> <span class='ocrx_word' id='word_1_130' title='bbox 521 1051 559 1081; x_wconf 90' lang='lat' dir='ltr'><strong>de</strong></span> <span class='ocrx_word' id='word_1_131' title='bbox 578 1051 654 1082; x_wconf 87' lang='lat' dir='ltr'><strong>sede</strong></span> <span class='ocrx_word' id='word_1_132' title='bbox 674 1051 855 1091; x_wconf 86' lang='lat' dir='ltr'><strong>apostoliea,</strong></span> <span class='ocrx_word' id='word_1_133' title='bbox 877 1057 1075 1092; x_wconf 84' lang='lat' dir='ltr'><strong>quantopere</strong></span> 
     </span>
     <span class='ocr_line' id='line_1_21' title="bbox 111 1092 1076 1135; baseline 0.003 -13"><span class='ocrx_word' id='word_1_134' title='bbox 111 1092 266 1123; x_wconf 76' lang='lat' dir='ltr'><strong>ferociunt</strong></span> <span class='ocrx_word' id='word_1_135' title='bbox 299 1093 331 1123; x_wconf 92' lang='lat' dir='ltr'><strong>in</strong></span> <span class='ocrx_word' id='word_1_136' title='bbox 366 1092 455 1123; x_wconf 88' lang='lat' dir='ltr'><strong>Petri</strong></span> <span class='ocrx_word' id='word_1_137' title='bbox 491 1094 636 1132; x_wconf 83' lang='lat' dir='ltr'><strong>nomine,</strong></span> <span class='ocrx_word' id='word_1_138' title='bbox 672 1105 767 1134; x_wconf 89' lang='lat' dir='ltr'><strong>quam</strong></span> <span class='ocrx_word' id='word_1_139' title='bbox 802 1095 984 1135; x_wconf 85' lang='lat' dir='ltr'><strong>impetuose</strong></span> <span class='ocrx_word' id='word_1_140' title='bbox 1020 1104 1076 1134; x_wconf 85' lang='lat' dir='ltr'><strong>per</strong></span> 
     </span>
     <span class='ocr_line' id='line_1_22' title="bbox 111 1135 1075 1177; baseline 0.002 -12"><span class='ocrx_word' id='word_1_141' title='bbox 111 1135 316 1165; x_wconf 85' lang='lat' dir='ltr'><strong>anathemata</strong></span> <span class='ocrx_word' id='word_1_142' title='bbox 339 1139 369 1165; x_wconf 92' lang='lat' dir='ltr'><strong>et</strong></span> <span class='ocrx_word' id='word_1_143' title='bbox 393 1135 479 1166; x_wconf 88' lang='lat' dir='ltr'><strong>diras</strong></span> <span class='ocrx_word' id='word_1_144' title='bbox 502 1136 693 1167; x_wconf 83' lang='lat' dir='ltr'><strong>fulminent:</strong></span> <span class='ocrx_word' id='word_1_145' title='bbox 717 1137 773 1168; x_wconf 86' lang='lat' dir='ltr'><strong>sed</strong></span> <span class='ocrx_word' id='word_1_146' title='bbox 797 1137 852 1167; x_wconf 90' lang='lat' dir='ltr'><strong>ubi</strong></span> <span class='ocrx_word' id='word_1_147' title='bbox 875 1142 1075 1177; x_wconf 85' lang='lat' dir='ltr'><strong>compertum</strong></span> 
     </span>
     <span class='ocr_line' id='line_1_23' title="bbox 111 1177 1073 1220; baseline 0.001 -12"><span class='ocrx_word' id='word_1_148' title='bbox 111 1177 221 1215; x_wconf 86' lang='lat' dir='ltr'><strong>fuerit,</strong></span> <span class='ocrx_word' id='word_1_149' title='bbox 261 1177 416 1217; x_wconf 90' lang='lat' dir='ltr'><strong>quidquid</strong></span> <span class='ocrx_word' id='word_1_150' title='bbox 456 1178 633 1210; x_wconf 88' lang='lat' dir='ltr'><strong>obtrudunt</strong></span> <span class='ocrx_word' id='word_1_151' title='bbox 667 1190 724 1219; x_wconf 89' lang='lat' dir='ltr'><strong>pro</strong></span> <span class='ocrx_word' id='word_1_152' title='bbox 759 1180 892 1220; x_wconf 86' lang='lat' dir='ltr'><strong>spiritus</strong></span> <span class='ocrx_word' id='word_1_153' title='bbox 926 1179 1073 1215; x_wconf 87' lang='lat' dir='ltr'><strong>oraculis,</strong></span> 
     </span>
     <span class='ocr_line' id='line_1_24' title="bbox 109 1219 1076 1262; baseline 0.003 -12"><span class='ocrx_word' id='word_1_154' title='bbox 109 1219 218 1250; x_wconf 85' lang='lat' dir='ltr'><strong>inania</strong></span> <span class='ocrx_word' id='word_1_155' title='bbox 240 1230 310 1251; x_wconf 87' lang='lat' dir='ltr'><strong>esse</strong></span> <span class='ocrx_word' id='word_1_156' title='bbox 334 1220 502 1252; x_wconf 90' lang='lat' dir='ltr'><strong>hominum</strong></span> <span class='ocrx_word' id='word_1_157' title='bbox 526 1222 690 1262; x_wconf 88' lang='lat' dir='ltr'><strong>figmenta,</strong></span> <span class='ocrx_word' id='word_1_158' title='bbox 715 1223 807 1254; x_wconf 83' lang='lat' dir='ltr'><strong>facile</strong></span> <span class='ocrx_word' id='word_1_159' title='bbox 831 1224 892 1254; x_wconf 90' lang='lat' dir='ltr'><strong>erit</strong></span> <span class='ocrx_word' id='word_1_160' title='bbox 915 1223 1076 1253; x_wconf 82' lang='lat' dir='ltr'><strong>discutere</strong></span> 
     </span>
     <span class='ocr_line' id='line_1_25' title="bbox 107 1261 1076 1305; baseline 0.004 -13"><span class='ocrx_word' id='word_1_161' title='bbox 107 1261 180 1293; x_wconf 86' lang='lat' dir='ltr'><strong>illas</strong></span> <span class='ocrx_word' id='word_1_162' title='bbox 209 1262 399 1294; x_wconf 86' lang='lat' dir='ltr'><strong>formidines</strong></span> <span class='ocrx_word' id='word_1_163' title='bbox 430 1274 510 1303; x_wconf 85' lang='lat' dir='ltr'><strong>quae</strong></span> <span class='ocrx_word' id='word_1_164' title='bbox 539 1275 579 1295; x_wconf 78' lang='lat' dir='ltr'><strong>ex</strong></span> <span class='ocrx_word' id='word_1_165' title='bbox 612 1265 724 1296; x_wconf 88' lang='lat' dir='ltr'><strong>eodem</strong></span> <span class='ocrx_word' id='word_1_166' title='bbox 748 1271 883 1297; x_wconf 83' lang='lat' dir='ltr'><strong>manant</strong></span> <span class='ocrx_word' id='word_1_167' title='bbox 906 1265 1076 1305; x_wconf 84' lang='lat' dir='ltr'><strong>superbiae</strong></span> 
     </span>
     <span class='ocr_line' id='line_1_26' title="bbox 105 1304 203 1336; baseline 0.01 -1"><span class='ocrx_word' id='word_1_168' title='bbox 105 1304 203 1336; x_wconf 85' lang='lat' dir='ltr'><strong>fonte.</strong></span> 
     </span>
    </p>
   </div>
   <div class='ocr_carea' id='block_1_3' title="bbox 389 1475 782 1508">
    <p class='ocr_par' dir='ltr' id='par_1_4' title="bbox 389 1475 782 1508">
     <span class='ocr_line' id='line_1_27' title="bbox 389 1475 782 1508; baseline 0.005 -2"><span class='ocrx_word' id='word_1_169' title='bbox 389 1475 452 1506; x_wconf 90' lang='lat' dir='ltr'><strong>EX</strong></span> <span class='ocrx_word' id='word_1_170' title='bbox 477 1476 626 1508; x_wconf 78' lang='lat' dir='ltr'>LEVIT.</span> <span class='ocrx_word' id='word_1_171' title='bbox 651 1477 782 1508; x_wconf 86' lang='lat' dir='ltr'>XVIII.</span> 
     </span>
    </p>
   </div>
   <div class='ocr_carea' id='block_1_4' title="bbox 104 1559 1072 1676">
    <p class='ocr_par' dir='ltr' id='par_1_5' title="bbox 104 1559 1072 1676">
     <span class='ocr_line' id='line_1_28' title="bbox 190 1559 1072 1603; baseline 0.005 -13"><span class='ocrx_word' id='word_1_172' title='bbox 190 1559 240 1590; x_wconf 87' lang='grc'><strong>21.</strong></span> <span class='ocrx_word' id='word_1_173' title='bbox 277 1560 309 1591; x_wconf 88' lang='grc' dir='ltr'><em>Ε</em></span> <span class='ocrx_word' id='word_1_174' title='bbox 340 1562 453 1592; x_wconf 77' lang='lat' dir='ltr'><strong>semiue</strong></span> <span class='ocrx_word' id='word_1_175' title='bbox 485 1564 535 1592; x_wconf 86' lang='lat' dir='ltr'><strong>tuo</strong></span> <span class='ocrx_word' id='word_1_176' title='bbox 569 1572 626 1593; x_wconf 74' lang='lat' dir='ltr'><strong>nou</strong></span> <span class='ocrx_word' id='word_1_177' title='bbox 661 1563 750 1594; x_wconf 75' lang='lat' dir='ltr'><strong>dabis</strong></span> <span class='ocrx_word' id='word_1_178' title='bbox 783 1563 863 1603; x_wconf 75' lang='lat' dir='ltr'><strong>quod</strong></span> <span class='ocrx_word' id='word_1_179' title='bbox 894 1563 1072 1595; x_wconf 76' lang='lat' dir='ltr'><strong>traiiciatur</strong></span> 
     </span>
     <span class='ocr_line' id='line_1_29' title="bbox 104 1602 1070 1675; baseline 0.005 -43"><span class='ocrx_word' id='word_1_180' title='bbox 104 1611 205 1675; x_wconf 47' lang='lat' dir='ltr'><strong>clozam</strong></span> <span class='ocrx_word' id='word_1_181' title='bbox 230 1602 365 1634; x_wconf 70' lang='lat' dir='ltr'><strong>DIoZocli:</strong></span> <span class='ocrx_word' id='word_1_182' title='bbox 387 1614 481 1643; x_wconf 77' lang='lat' dir='ltr'><strong>neque</strong></span> <span class='ocrx_word' id='word_1_183' title='bbox 497 1605 686 1644; x_wconf 69' lang='lat' dir='ltr'><strong>profanabis</strong></span> <span class='ocrx_word' id='word_1_184' title='bbox 708 1616 812 1637; x_wconf 72' lang='lat' dir='ltr'><strong>nomen</strong></span> <span class='ocrx_word' id='word_1_185' title='bbox 834 1606 897 1638; x_wconf 84' lang='lat' dir='ltr'><strong>Dei</strong></span> <span class='ocrx_word' id='word_1_186' title='bbox 919 1607 980 1637; x_wconf 83' lang='lat' dir='ltr'><strong>tui:</strong></span> <span class='ocrx_word' id='word_1_187' title='bbox 1003 1606 1070 1647; x_wconf 72' lang='lat' dir='ltr'><strong>qu</strong></span> 
     </span>
     <span class='ocr_line' id='line_1_30' title="bbox 124 1655 225 1676; baseline 0.01 -1"><span class='ocrx_word' id='word_1_188' title='bbox 124 1655 140 1675; x_wconf 83' lang='lat' dir='ltr'><strong>e</strong></span> <span class='ocrx_word' id='word_1_189' title='bbox 161 1655 225 1676; x_wconf 82' lang='lat' dir='ltr'><strong>ova.</strong></span> 
     </span>
    </p>
   </div>
   <div class='ocr_carea' id='block_1_5' title="bbox 408 1816 766 1850">
    <p class='ocr_par' dir='ltr' id='par_1_6' title="bbox 408 1816 766 1850">
     <span class='ocr_line' id='line_1_31' title="bbox 408 1816 766 1850; baseline 0.006 -3"><span class='ocrx_word' id='word_1_190' title='bbox 408 1816 471 1847; x_wconf 87' lang='lat' dir='ltr'><strong>EX</strong></span> <span class='ocrx_word' id='word_1_191' title='bbox 495 1817 645 1850; x_wconf 79' lang='lat' dir='ltr'>LEVIT.</span> <span class='ocrx_word' id='word_1_192' title='bbox 670 1818 766 1850; x_wconf 85' lang='lat' dir='ltr'>XIX.</span> 
     </span>
    </p>
   </div>
   <div class='ocr_carea' id='block_1_6' title="bbox 100 1900 1067 2060">
    <p class='ocr_par' dir='ltr' id='par_1_7' title="bbox 184 1900 1067 1943">
     <span class='ocr_line' id='line_1_32' title="bbox 184 1900 1067 1943; baseline 0.005 -12"><span class='ocrx_word' id='word_1_193' title='bbox 184 1900 269 1942; x_wconf 88' lang='lat'>36¹).</span> <span class='ocrx_word' id='word_1_194' title='bbox 296 1900 368 1932; x_wconf 75' lang='lat' dir='ltr'><strong>Non</strong></span> <span class='ocrx_word' id='word_1_195' title='bbox 390 1902 634 1942; x_wconf 73' lang='lat' dir='ltr'><strong>auyurabimini,</strong></span> <span class='ocrx_word' id='word_1_196' title='bbox 658 1914 751 1943; x_wconf 80' lang='lat' dir='ltr'><strong>neque</strong></span> <span class='ocrx_word' id='word_1_197' title='bbox 774 1905 962 1937; x_wconf 71' lang='lat' dir='ltr'><strong>divinationi</strong></span> <span class='ocrx_word' id='word_1_198' title='bbox 979 1906 1067 1937; x_wconf 61' lang='lat' dir='ltr'><strong>eritis</strong></span> 
     </span>
    </p>

    <p class='ocr_par' dir='ltr' id='par_1_8' title="bbox 101 1942 1066 1987">
     <span class='ocr_line' id='line_1_33' title="bbox 101 1942 1066 1987; baseline 0.007 -14"><span class='ocrx_word' id='word_1_199' title='bbox 101 1942 218 1974; x_wconf 77' lang='lat' dir='ltr'><strong>intenti.</strong></span> <span class='ocrx_word' id='word_1_200' title='bbox 260 1943 309 1974; x_wconf 83' lang='lat'><strong>31.</strong></span> <span class='ocrx_word' id='word_1_201' title='bbox 335 1944 406 1974; x_wconf 84' lang='lat' dir='ltr'><strong>Non</strong></span> <span class='ocrx_word' id='word_1_202' title='bbox 428 1946 602 1984; x_wconf 70' lang='lat' dir='ltr'><strong>respicietis</strong></span> <span class='ocrx_word' id='word_1_203' title='bbox 621 1950 692 1985; x_wconf 74' lang='lat' dir='ltr'><strong>post</strong></span> <span class='ocrx_word' id='word_1_204' title='bbox 716 1947 876 1987; x_wconf 67' lang='lat' dir='ltr'><strong>Pythonas,</strong></span> <span class='ocrx_word' id='word_1_205' title='bbox 901 1951 927 1979; x_wconf 81' lang='lat' dir='ltr'><strong>et</strong></span> <span class='ocrx_word' id='word_1_206' title='bbox 950 1950 1066 1980; x_wconf 69' lang='lat' dir='ltr'><strong>ariolos</strong></span> 
     </span>
    </p>

    <p class='ocr_par' dir='ltr' id='par_1_9' title="bbox 100 1986 1066 2060">
     <span class='ocr_line' id='line_1_34' title="bbox 100 1986 1066 2059; baseline 0.008 -44"><span class='ocrx_word' id='word_1_207' title='bbox 100 1994 159 2057; x_wconf 54' lang='lat' dir='ltr'><strong>agan</strong></span> <span class='ocrx_word' id='word_1_208' title='bbox 190 1986 368 2059; x_wconf 61' lang='lat' dir='ltr'><strong>inqutiretis,</strong></span> <span class='ocrx_word' id='word_1_209' title='bbox 397 1989 429 2017; x_wconf 82' lang='lat' dir='ltr'><strong>ut</strong></span> <span class='ocrx_word' id='word_1_210' title='bbox 451 1989 641 2027; x_wconf 74' lang='lat' dir='ltr'><strong>polluamini</strong></span> <span class='ocrx_word' id='word_1_211' title='bbox 663 1990 696 2020; x_wconf 79' lang='lat' dir='ltr'><strong>in</strong></span> <span class='ocrx_word' id='word_1_212' title='bbox 724 1990 815 2030; x_wconf 64' lang='lat' dir='ltr'><strong>ips-is.</strong></span> <span class='ocrx_word' id='word_1_213' title='bbox 862 1990 928 2032; x_wconf 74' lang='lat' dir='ltr'><strong>qu</strong></span> <span class='ocrx_word' id='word_1_214' title='bbox 953 1991 1066 2023; x_wconf 63' lang='lat' dir='ltr'><strong>Ieliova</strong></span> 
     </span>
     <span class='ocr_line' id='line_1_35' title="bbox 136 2038 311 2060; baseline 0.011 -2"><span class='ocrx_word' id='word_1_215' title='bbox 136 2038 188 2059; x_wconf 85' lang='lat' dir='ltr'><strong>eus</strong></span> <span class='ocrx_word' id='word_1_216' title='bbox 209 2038 259 2060; x_wconf 78' lang='lat' dir='ltr'><strong>ves</strong></span> <span class='ocrx_word' id='word_1_217' title='bbox 272 2039 311 2060; x_wconf 88' lang='lat' dir='ltr'><strong>er.</strong></span> 
     </span>
    </p>
   </div>
   <div class='ocr_carea' id='block_1_7' title="bbox 419 2201 742 2234">
    <p class='ocr_par' dir='ltr' id='par_1_10' title="bbox 419 2201 742 2234">
     <span class='ocr_line' id='line_1_36' title="bbox 419 2201 742 2234; baseline 0.006 -2"><span class='ocrx_word' id='word_1_218' title='bbox 419 2201 483 2233; x_wconf 80' lang='lat' dir='ltr'><strong>EX</strong></span> <span class='ocrx_word' id='word_1_219' title='bbox 507 2202 639 2234; x_wconf 86' lang='lat' dir='ltr'>DEUT.</span> <span class='ocrx_word' id='word_1_220' title='bbox 664 2203 742 2234; x_wconf 85' lang='lat' dir='ltr'>XII.</span> 
     </span>
    </p>
   </div>
   <div class='ocr_carea' id='block_1_8' title="bbox 100 2279 1064 2581">
    <p class='ocr_par' dir='ltr' id='par_1_11' title="bbox 100 2279 1064 2581">
     <span class='ocr_line' id='line_1_37' title="bbox 187 2279 1063 2329; baseline 0.014 -18"><span class='ocrx_word' id='word_1_221' title='bbox 187 2279 236 2312; x_wconf 85' lang='grc'><strong>29.</strong></span> <span class='ocrx_word' id='word_1_222' title='bbox 264 2282 363 2321; x_wconf 80' lang='lat' dir='ltr'><strong>Quum</strong></span> <span class='ocrx_word' id='word_1_223' title='bbox 384 2286 530 2317; x_wconf 71' lang='lat' dir='ltr'><strong>exciderit</strong></span> <span class='ocrx_word' id='word_1_224' title='bbox 552 2287 665 2319; x_wconf 74' lang='lat' dir='ltr'><strong>Ielzova</strong></span> <span class='ocrx_word' id='word_1_225' title='bbox 690 2288 777 2320; x_wconf 81' lang='lat' dir='ltr'><strong>Deus</strong></span> <span class='ocrx_word' id='word_1_226' title='bbox 800 2292 871 2321; x_wconf 80' lang='lat' dir='ltr'><strong>tuus</strong></span> <span class='ocrx_word' id='word_1_227' title='bbox 893 2294 998 2329; x_wconf 70' lang='lat' dir='ltr'><strong>(sentes</strong></span> <span class='ocrx_word' id='word_1_228' title='bbox 1022 2293 1063 2324; x_wconf 75' lang='lat' dir='ltr'><strong>ad</strong></span> 
     </span>
     <span class='ocr_line' id='line_1_38' title="bbox 104 2325 1064 2373; baseline 0.017 -23"><span class='ocrx_word' id='word_1_229' title='bbox 104 2330 182 2369; x_wconf 77' lang='lat' dir='ltr'><strong>quas</strong></span> <span class='ocrx_word' id='word_1_230' title='bbox 204 2325 236 2353; x_wconf 88' lang='lat' dir='ltr'><strong>tu</strong></span> <span class='ocrx_word' id='word_1_231' title='bbox 264 2326 347 2356; x_wconf 80' lang='lat' dir='ltr'><strong>venis</strong></span> <span class='ocrx_word' id='word_1_232' title='bbox 371 2329 574 2366; x_wconf 66' lang='lat' dir='ltr'><strong>possidendas</strong></span> <span class='ocrx_word' id='word_1_233' title='bbox 596 2341 616 2361; x_wconf 89' lang='lat' dir='ltr'><strong>a</strong></span> <span class='ocrx_word' id='word_1_234' title='bbox 637 2332 717 2370; x_wconf 81' lang='lat' dir='ltr'><strong>facie</strong></span> <span class='ocrx_word' id='word_1_235' title='bbox 740 2334 809 2370; x_wconf 75' lang='lat' dir='ltr'><strong>tua,</strong></span> <span class='ocrx_word' id='word_1_236' title='bbox 840 2335 866 2363; x_wconf 85' lang='lat' dir='ltr'><strong>et</strong></span> <span class='ocrx_word' id='word_1_237' title='bbox 888 2344 940 2364; x_wconf 76' lang='lat' dir='ltr'><strong>eas</strong></span> <span class='ocrx_word' id='word_1_238' title='bbox 958 2345 1064 2373; x_wconf 80' lang='lat' dir='ltr'><strong>possc—</strong></span> 
     </span>
     <span class='ocr_line' id='line_1_39' title="bbox 104 2363 1062 2413; baseline 0.016 -20"><span class='ocrx_word' id='word_1_239' title='bbox 104 2363 195 2401; x_wconf 74' lang='lat' dir='ltr'><strong>deris,</strong></span> <span class='ocrx_word' id='word_1_240' title='bbox 219 2367 245 2395; x_wconf 77' lang='lat' dir='ltr'><strong>et</strong></span> <span class='ocrx_word' id='word_1_241' title='bbox 264 2365 446 2401; x_wconf 75' lang='lat' dir='ltr'><strong>habitaveris</strong></span> <span class='ocrx_word' id='word_1_242' title='bbox 469 2373 502 2402; x_wconf 77' lang='lat' dir='ltr'><strong>iu</strong></span> <span class='ocrx_word' id='word_1_243' title='bbox 524 2375 607 2404; x_wconf 80' lang='lat' dir='ltr'><strong>terra</strong></span> <span class='ocrx_word' id='word_1_244' title='bbox 630 2374 782 2413; x_wconf 76' lang='lat' dir='ltr'><strong>ipsarum.</strong></span> <span class='ocrx_word' id='word_1_245' title='bbox 829 2376 878 2406; x_wconf 78' lang='lat'><strong>30.</strong></span> <span class='ocrx_word' id='word_1_246' title='bbox 906 2376 985 2407; x_wconf 69' lang='lat' dir='ltr'><strong>Cave</strong></span> <span class='ocrx_word' id='word_1_247' title='bbox 1006 2378 1062 2408; x_wconf 76' lang='lat' dir='ltr'><strong>tibi</strong></span> 
     </span>
     <span class='ocr_line' id='line_1_40' title="bbox 103 2406 1062 2457; baseline 0.017 -22"><span class='ocrx_word' id='word_1_248' title='bbox 103 2415 140 2436; x_wconf 82' lang='lat' dir='ltr'><strong>ue</strong></span> <span class='ocrx_word' id='word_1_249' title='bbox 161 2408 189 2453; x_wconf 68' lang='lat' dir='ltr'><strong>to</strong></span> <span class='ocrx_word' id='word_1_250' title='bbox 212 2406 358 2447; x_wconf 81' lang='lat' dir='ltr'><strong>illaquees</strong></span> <span class='ocrx_word' id='word_1_251' title='bbox 374 2416 446 2450; x_wconf 77' lang='lat' dir='ltr'><strong>post</strong></span> <span class='ocrx_word' id='word_1_252' title='bbox 467 2414 562 2453; x_wconf 77' lang='lat' dir='ltr'><strong>ipsas,</strong></span> <span class='ocrx_word' id='word_1_253' title='bbox 580 2419 746 2456; x_wconf 72' lang='lat' dir='ltr'><strong>postquam</strong></span> <span class='ocrx_word' id='word_1_254' title='bbox 769 2418 880 2449; x_wconf 75' lang='lat' dir='ltr'><strong>deletae</strong></span> <span class='ocrx_word' id='word_1_255' title='bbox 900 2420 1020 2457; x_wconf 60' lang='lat' dir='ltr'><strong>siu&#39;rint</strong></span> <span class='ocrx_word' id='word_1_256' title='bbox 1043 2432 1062 2451; x_wconf 82' lang='lat' dir='ltr'><strong>a</strong></span> 
     </span>
     <span class='ocr_line' id='line_1_41' title="bbox 100 2448 1062 2499; baseline 0.018 -22"><span class='ocrx_word' id='word_1_257' title='bbox 100 2448 182 2487; x_wconf 81' lang='lat' dir='ltr'><strong>facie</strong></span> <span class='ocrx_word' id='word_1_258' title='bbox 211 2451 278 2481; x_wconf 83' lang='lat' dir='ltr'><strong>tua:</strong></span> <span class='ocrx_word' id='word_1_259' title='bbox 307 2454 333 2482; x_wconf 84' lang='lat' dir='ltr'><strong>et</strong></span> <span class='ocrx_word' id='word_1_260' title='bbox 359 2463 395 2484; x_wconf 79' lang='lat' dir='ltr'><strong>ue</strong></span> <span class='ocrx_word' id='word_1_261' title='bbox 423 2455 566 2494; x_wconf 74' lang='lat' dir='ltr'><strong>inquiras</strong></span> <span class='ocrx_word' id='word_1_262' title='bbox 595 2459 636 2489; x_wconf 78' lang='lat' dir='ltr'><strong>ad</strong></span> <span class='ocrx_word' id='word_1_263' title='bbox 665 2460 734 2491; x_wconf 78' lang='lat' dir='ltr'><strong>deos</strong></span> <span class='ocrx_word' id='word_1_264' title='bbox 763 2471 886 2499; x_wconf 81' lang='lat' dir='ltr'><strong>earum,</strong></span> <span class='ocrx_word' id='word_1_265' title='bbox 919 2462 1062 2495; x_wconf 68' lang='lat' dir='ltr'><strong>dicendo.-</strong></span> 
     </span>
     <span class='ocr_line' id='line_1_42' title="bbox 105 2491 1060 2542; baseline 0.019 -23"><span class='ocrx_word' id='word_1_266' title='bbox 105 2491 257 2539; x_wconf 72' lang='lat' dir='ltr'><strong>Quomodo</strong></span> <span class='ocrx_word' id='word_1_267' title='bbox 279 2495 446 2527; x_wconf 78' lang='lat' dir='ltr'><strong>servierunt</strong></span> <span class='ocrx_word' id='word_1_268' title='bbox 464 2502 563 2537; x_wconf 79' lang='lat' dir='ltr'><strong>qentes</strong></span> <span class='ocrx_word' id='word_1_269' title='bbox 585 2502 663 2533; x_wconf 83' lang='lat' dir='ltr'><strong>istae</strong></span> <span class='ocrx_word' id='word_1_270' title='bbox 691 2503 755 2533; x_wconf 77' lang='lat' dir='ltr'><strong>diis</strong></span> <span class='ocrx_word' id='word_1_271' title='bbox 784 2505 866 2542; x_wconf 82' lang='lat' dir='ltr'><strong>suis,</strong></span> <span class='ocrx_word' id='word_1_272' title='bbox 894 2506 939 2535; x_wconf 78' lang='lat' dir='ltr'><strong>sic</strong></span> <span class='ocrx_word' id='word_1_273' title='bbox 968 2507 1060 2537; x_wconf 80' lang='lat' dir='ltr'><strong>etiam</strong></span> 
     </span>
     <span class='ocr_line' id='line_1_43' title="bbox 102 2534 1060 2581; baseline 0.019 -19"><span class='ocrx_word' id='word_1_274' title='bbox 102 2543 152 2573; x_wconf 72' lang='lat' dir='ltr'><strong>eqo</strong></span> <span class='ocrx_word' id='word_1_275' title='bbox 179 2534 304 2573; x_wconf 79' lang='lat' dir='ltr'><strong>faciam.</strong></span> <span class='ocrx_word' id='word_1_276' title='bbox 357 2537 405 2569; x_wconf 88' lang='lat'><strong>31.</strong></span> <span class='ocrx_word' id='word_1_277' title='bbox 437 2540 507 2572; x_wconf 83' lang='lat' dir='ltr'><strong>Nou</strong></span> <span class='ocrx_word' id='word_1_278' title='bbox 534 2543 630 2581; x_wconf 80' lang='lat' dir='ltr'><strong>facies</strong></span> <span class='ocrx_word' id='word_1_279' title='bbox 661 2545 705 2576; x_wconf 80' lang='lat' dir='ltr'><strong>sic</strong></span> <span class='ocrx_word' id='word_1_280' title='bbox 734 2546 864 2578; x_wconf 72' lang='lat' dir='ltr'><strong>Iebovae</strong></span> <span class='ocrx_word' id='word_1_281' title='bbox 893 2548 960 2579; x_wconf 84' lang='lat' dir='ltr'><strong>Deo</strong></span> <span class='ocrx_word' id='word_1_282' title='bbox 992 2551 1060 2579; x_wconf 83' lang='lat' dir='ltr'><strong>tuo:</strong></span> 
     </span>
    </p>
   </div>
   <div class='ocr_carea' id='block_1_9' title="bbox 100 2596 226 2600">
    <p class='ocr_par' dir='ltr' id='par_1_12' title="bbox 100 2596 226 2600">
     <span class='ocr_line' id='line_1_44' title="bbox 100 2596 226 2600; baseline 0 0"><span class='ocrx_word' id='word_1_283' title='bbox 100 2596 226 2600; x_wconf 95' lang='lat' dir='ltr'><strong> </strong></span> 
     </span>
    </p>
   </div>
   <div class='ocr_carea' id='block_1_10' title="bbox 187 2628 345 2661">
    <p class='ocr_par' dir='ltr' id='par_1_13' title="bbox 187 2628 345 2661">
     <span class='ocr_line' id='line_1_45' title="bbox 187 2628 345 2661; baseline 0.013 -8"><span class='ocrx_word' id='word_1_284' title='bbox 187 2628 214 2661; x_wconf 94' lang='lat'><strong>1)</strong></span> <span class='ocrx_word' id='word_1_285' title='bbox 230 2629 288 2654; x_wconf 84' lang='lat' dir='ltr'><strong>Iino</strong></span> <span class='ocrx_word' id='word_1_286' title='bbox 306 2629 345 2655; x_wconf 81' lang='grc'><strong>26.</strong></span> 
     </span>
    </p>
   </div>
   <div class='ocr_carea' id='block_1_11' title="bbox 845 193 1373 228">
    <p class='ocr_par' dir='ltr' id='par_1_14' title="bbox 845 193 1373 228">
     <span class='ocr_line' id='line_1_46' title="bbox 845 193 1373 228; baseline 0.008 -4"><span class='ocrx_word' id='word_1_287' title='bbox 845 193 1029 225; x_wconf 80' lang='lat' dir='ltr'>PRIMUM</span> <span class='ocrx_word' id='word_1_288' title='bbox 1054 193 1373 228; x_wconf 82' lang='lat' dir='ltr'><strong>PRAEOEPTUM.</strong></span> 
     </span>
    </p>
   </div>
   <div class='ocr_carea' id='block_1_12' title="bbox 1102 295 1109 988">
    <p class='ocr_par' dir='ltr' id='par_1_15' title="bbox 1102 295 1109 988">
     <span class='ocr_line' id='line_1_47' title="bbox 1102 295 1109 988; baseline 0 0"><span class='ocrx_word' id='word_1_289' title='bbox 1102 295 1109 988; x_wconf 95' lang='lat' dir='ltr'><strong> </strong></span> 
     </span>
    </p>
   </div>
   <div class='ocr_carea' id='block_1_13' title="bbox 1085 1143 1104 2657">
    <p class='ocr_par' dir='ltr' id='par_1_16' title="bbox 1085 1143 1104 2657">
     <span class='ocr_line' id='line_1_48' title="bbox 1085 1143 1104 2657; baseline 0 0"><span class='ocrx_word' id='word_1_290' title='bbox 1085 1143 1104 2657; x_wconf 95' lang='lat' dir='ltr'><strong> </strong></span> 
     </span>
    </p>
   </div>
   <div class='ocr_carea' id='block_1_14' title="bbox 2039 207 2102 238">
    <p class='ocr_par' dir='ltr' id='par_1_17' title="bbox 2039 207 2102 238">
     <span class='ocr_line' id='line_1_49' title="bbox 2039 207 2102 238; baseline 0.016 -1"><span class='ocrx_word' id='word_1_291' title='bbox 2039 207 2102 238; x_wconf 80' lang='grc'><strong>282</strong></span> 
     </span>
    </p>
   </div>
   <div class='ocr_carea' id='block_1_15' title="bbox 1129 288 2100 531">
    <p class='ocr_par' dir='ltr' id='par_1_18' title="bbox 1129 288 2100 531">
     <span class='ocr_line' id='line_1_50' title="bbox 1133 288 2100 338; baseline 0.013 -21"><span class='ocrx_word' id='word_1_292' title='bbox 1133 288 1209 325; x_wconf 84' lang='lat' dir='ltr'><strong>quia</strong></span> <span class='ocrx_word' id='word_1_293' title='bbox 1231 290 1383 328; x_wconf 82' lang='lat' dir='ltr'><strong>quidquid</strong></span> <span class='ocrx_word' id='word_1_294' title='bbox 1412 293 1599 325; x_wconf 78' lang='lat' dir='ltr'><strong>abominatio</strong></span> <span class='ocrx_word' id='word_1_295' title='bbox 1626 298 1669 326; x_wconf 76' lang='lat' dir='ltr'><strong>est</strong></span> <span class='ocrx_word' id='word_1_296' title='bbox 1692 295 1837 333; x_wconf 75' lang='lat' dir='ltr'><strong>Iekovae,</strong></span> <span class='ocrx_word' id='word_1_297' title='bbox 1868 300 1894 328; x_wconf 87' lang='lat' dir='ltr'><strong>et</strong></span> <span class='ocrx_word' id='word_1_298' title='bbox 1922 299 2003 337; x_wconf 81' lang='lat' dir='ltr'><strong>quod</strong></span> <span class='ocrx_word' id='word_1_299' title='bbox 2029 299 2100 338; x_wconf 77' lang='lat' dir='ltr'><strong>odit,</strong></span> 
     </span>
     <span class='ocr_line' id='line_1_51' title="bbox 1129 329 2100 379; baseline 0.014 -20"><span class='ocrx_word' id='word_1_300' title='bbox 1129 329 1265 366; x_wconf 80' lang='lat' dir='ltr'><strong>fecerunt</strong></span> <span class='ocrx_word' id='word_1_301' title='bbox 1286 333 1350 364; x_wconf 74' lang='lat' dir='ltr'><strong>diis</strong></span> <span class='ocrx_word' id='word_1_302' title='bbox 1373 336 1457 366; x_wconf 81' lang='lat' dir='ltr'><strong>suis.-</strong></span> <span class='ocrx_word' id='word_1_303' title='bbox 1479 337 1555 375; x_wconf 80' lang='lat' dir='ltr'><strong>quin</strong></span> <span class='ocrx_word' id='word_1_304' title='bbox 1575 338 1669 368; x_wconf 83' lang='lat' dir='ltr'><strong>etiam</strong></span> <span class='ocrx_word' id='word_1_305' title='bbox 1685 338 1768 377; x_wconf 69' lang='lat' dir='ltr'><strong>filios</strong></span> <span class='ocrx_word' id='word_1_306' title='bbox 1785 349 1861 371; x_wconf 78' lang='lat' dir='ltr'><strong>suos</strong></span> <span class='ocrx_word' id='word_1_307' title='bbox 1879 342 1905 371; x_wconf 88' lang='lat' dir='ltr'><strong>et</strong></span> <span class='ocrx_word' id='word_1_308' title='bbox 1918 340 2005 379; x_wconf 77' lang='lat' dir='ltr'><strong>filias</strong></span> <span class='ocrx_word' id='word_1_309' title='bbox 2022 352 2100 373; x_wconf 77' lang='lat' dir='ltr'><strong>suas</strong></span> 
     </span>
     <span class='ocr_line' id='line_1_52' title="bbox 1132 373 2099 423; baseline 0.014 -22"><span class='ocrx_word' id='word_1_310' title='bbox 1132 373 1356 406; x_wconf 76' lang='lat' dir='ltr'><strong>combusserunt</strong></span> <span class='ocrx_word' id='word_1_311' title='bbox 1374 377 1440 416; x_wconf 73' lang='lat' dir='ltr'><strong>iqui</strong></span> <span class='ocrx_word' id='word_1_312' title='bbox 1457 379 1522 409; x_wconf 78' lang='lat' dir='ltr'><strong>diis</strong></span> <span class='ocrx_word' id='word_1_313' title='bbox 1538 380 1615 411; x_wconf 78' lang='lat' dir='ltr'><strong>suis.</strong></span> <span class='ocrx_word' id='word_1_314' title='bbox 1651 380 1693 411; x_wconf 80' lang='lat'><strong>32</strong></span> <span class='ocrx_word' id='word_1_315' title='bbox 1708 380 1737 422; x_wconf 90' lang='lat'><strong>¹).</strong></span> <span class='ocrx_word' id='word_1_316' title='bbox 1761 381 1855 413; x_wconf 75' lang='lat' dir='ltr'><strong>Omne</strong></span> <span class='ocrx_word' id='word_1_317' title='bbox 1866 383 1963 423; x_wconf 77' lang='lat' dir='ltr'><strong>iqitur</strong></span> <span class='ocrx_word' id='word_1_318' title='bbox 1975 384 2099 415; x_wconf 82' lang='lat' dir='ltr'><strong>verbum</strong></span> 
     </span>
     <span class='ocr_line' id='line_1_53' title="bbox 1131 415 2098 464; baseline 0.014 -20"><span class='ocrx_word' id='word_1_319' title='bbox 1131 415 1211 452; x_wconf 78' lang='lat' dir='ltr'><strong>quod</strong></span> <span class='ocrx_word' id='word_1_320' title='bbox 1233 426 1284 456; x_wconf 74' lang='lat' dir='ltr'><strong>eqo</strong></span> <span class='ocrx_word' id='word_1_321' title='bbox 1301 420 1463 458; x_wconf 74' lang='lat' dir='ltr'><strong>praecipio</strong></span> <span class='ocrx_word' id='word_1_322' title='bbox 1485 421 1584 458; x_wconf 76' lang='lat' dir='ltr'><strong>vobis,</strong></span> <span class='ocrx_word' id='word_1_323' title='bbox 1618 422 1815 455; x_wconf 79' lang='lat' dir='ltr'><strong>observabitis</strong></span> <span class='ocrx_word' id='word_1_324' title='bbox 1838 426 1879 456; x_wconf 80' lang='lat' dir='ltr'><strong>ad</strong></span> <span class='ocrx_word' id='word_1_325' title='bbox 1899 425 2098 464; x_wconf 79' lang='lat' dir='ltr'><strong>faciendum:</strong></span> 
     </span>
     <span class='ocr_line' id='line_1_54' title="bbox 1131 459 2097 508; baseline 0.016 -22"><span class='ocrx_word' id='word_1_326' title='bbox 1131 467 1190 486; x_wconf 82' lang='lat' dir='ltr'><strong>uon</strong></span> <span class='ocrx_word' id='word_1_327' title='bbox 1223 459 1353 491; x_wconf 79' lang='lat' dir='ltr'><strong>adiicies</strong></span> <span class='ocrx_word' id='word_1_328' title='bbox 1385 472 1479 502; x_wconf 74' lang='lat' dir='ltr'><strong>super</strong></span> <span class='ocrx_word' id='word_1_329' title='bbox 1513 464 1606 503; x_wconf 80' lang='lat' dir='ltr'><strong>illud,</strong></span> <span class='ocrx_word' id='word_1_330' title='bbox 1645 475 1741 505; x_wconf 74' lang='lat' dir='ltr'><strong>neque</strong></span> <span class='ocrx_word' id='word_1_331' title='bbox 1774 467 1895 499; x_wconf 78' lang='lat' dir='ltr'><strong>minues</strong></span> <span class='ocrx_word' id='word_1_332' title='bbox 1927 469 2097 508; x_wconf 79' lang='lat' dir='ltr'><strong>quidquam</strong></span> 
     </span>
     <span class='ocr_line' id='line_1_55' title="bbox 1131 509 1229 531; baseline 0.02 -2"><span class='ocrx_word' id='word_1_333' title='bbox 1131 509 1167 529; x_wconf 68' lang='lat' dir='ltr'><strong>ex</strong></span> <span class='ocrx_word' id='word_1_334' title='bbox 1190 510 1229 531; x_wconf 87' lang='lat' dir='ltr'><strong>eo.</strong></span> 
     </span>
    </p>
   </div>
   <div class='ocr_carea' id='block_1_16' title="bbox 1113 585 2096 2589">
    <p class='ocr_par' dir='ltr' id='par_1_19' title="bbox 1121 585 2096 1778">
     <span class='ocr_line' id='line_1_56' title="bbox 1187 585 2096 636; baseline 0.013 -21"><span class='ocrx_word' id='word_1_335' title='bbox 1187 627 1192 632; x_wconf 32' lang='grc' dir='ltr'>ι</span> <span class='ocrx_word' id='word_1_336' title='bbox 1216 585 1322 617; x_wconf 87' lang='lat' dir='ltr'><strong>Levit.</strong></span> <span class='ocrx_word' id='word_1_337' title='bbox 1349 588 1397 625; x_wconf 84' lang='lat'><strong>18,</strong></span> <span class='ocrx_word' id='word_1_338' title='bbox 1421 589 1470 621; x_wconf 90' lang='grc'><strong>21.</strong></span> <span class='ocrx_word' id='word_1_339' title='bbox 1496 591 1529 621; x_wconf 88' lang='grc' dir='ltr'><em>Ε</em></span> <span class='ocrx_word' id='word_1_340' title='bbox 1544 593 1657 623; x_wconf 78' lang='lat' dir='ltr'><strong>semine</strong></span> <span class='ocrx_word' id='word_1_341' title='bbox 1674 595 1732 624; x_wconf 80' lang='lat' dir='ltr'><strong>luo.</strong></span> <span class='ocrx_word' id='word_1_342' title='bbox 1774 594 1891 626; x_wconf 79' lang='lat' dir='ltr'><strong>Tribus</strong></span> <span class='ocrx_word' id='word_1_343' title='bbox 1915 597 2096 636; x_wconf 78' lang='lat' dir='ltr'><strong>praeceptis</strong></span> 
     </span>
     <span class='ocr_line' id='line_1_57' title="bbox 1131 626 2091 675; baseline 0.015 -19"><span class='ocrx_word' id='word_1_344' title='bbox 1131 626 1234 659; x_wconf 78' lang='lat' dir='ltr'><strong>levius</strong></span> <span class='ocrx_word' id='word_1_345' title='bbox 1276 632 1466 671; x_wconf 80' lang='lat' dir='ltr'><strong>perstringit</strong></span> <span class='ocrx_word' id='word_1_346' title='bbox 1501 634 1608 665; x_wconf 89' lang='lat' dir='ltr'><strong>Moses</strong></span> <span class='ocrx_word' id='word_1_347' title='bbox 1647 635 1730 675; x_wconf 87' lang='lat' dir='ltr'><strong>quod</strong></span> <span class='ocrx_word' id='word_1_348' title='bbox 1765 637 1799 667; x_wconf 91' lang='lat' dir='ltr'><strong>in</strong></span> <span class='ocrx_word' id='word_1_349' title='bbox 1838 637 2091 670; x_wconf 86' lang='lat' dir='ltr'><strong>Deuteronomio</strong></span> 
     </span>
     <span class='ocr_line' id='line_1_58' title="bbox 1130 669 2094 716; baseline 0.013 -17"><span class='ocrx_word' id='word_1_350' title='bbox 1130 669 1232 701; x_wconf 85' lang='lat' dir='ltr'><strong>fusius</strong></span> <span class='ocrx_word' id='word_1_351' title='bbox 1262 673 1445 712; x_wconf 81' lang='lat' dir='ltr'><strong>expositum</strong></span> <span class='ocrx_word' id='word_1_352' title='bbox 1475 687 1578 716; x_wconf 87' lang='lat' dir='ltr'><strong>nuper</strong></span> <span class='ocrx_word' id='word_1_353' title='bbox 1608 678 1758 710; x_wconf 89' lang='lat' dir='ltr'><strong>vidimus.</strong></span> <span class='ocrx_word' id='word_1_354' title='bbox 1805 679 1877 711; x_wconf 87' lang='lat' dir='ltr'><strong>Illic</strong></span> <span class='ocrx_word' id='word_1_355' title='bbox 1907 681 1994 711; x_wconf 87' lang='lat' dir='ltr'><strong>enim</strong></span> <span class='ocrx_word' id='word_1_356' title='bbox 2027 686 2094 712; x_wconf 87' lang='lat' dir='ltr'><strong>tam</strong></span> 
     </span>
     <span class='ocr_line' id='line_1_59' title="bbox 1129 712 2093 763; baseline 0.015 -22"><span class='ocrx_word' id='word_1_357' title='bbox 1129 712 1245 752; x_wconf 87' lang='lat' dir='ltr'><strong>impias</strong></span> <span class='ocrx_word' id='word_1_358' title='bbox 1279 714 1454 748; x_wconf 83' lang='lat' dir='ltr'><strong>oblationes</strong></span> <span class='ocrx_word' id='word_1_359' title='bbox 1489 718 1655 750; x_wconf 84' lang='lat' dir='ltr'><strong>damnavit</strong></span> <span class='ocrx_word' id='word_1_360' title='bbox 1689 732 1785 760; x_wconf 86' lang='lat' dir='ltr'><strong>quam</strong></span> <span class='ocrx_word' id='word_1_361' title='bbox 1820 722 2009 763; x_wconf 85' lang='lat' dir='ltr'><strong>Pythonum</strong></span> <span class='ocrx_word' id='word_1_362' title='bbox 2044 735 2093 755; x_wconf 84' lang='lat' dir='ltr'><strong>re-</strong></span> 
     </span>
     <span class='ocr_line' id='line_1_60' title="bbox 1130 762 2093 800; baseline 0.013 -16"><span class='ocrx_word' id='word_1_363' title='bbox 1130 765 1264 794; x_wconf 84' lang='lat' dir='ltr'><strong>sponsa,</strong></span> <span class='ocrx_word' id='word_1_364' title='bbox 1307 764 1392 790; x_wconf 86' lang='lat' dir='ltr'><strong>artes</strong></span> <span class='ocrx_word' id='word_1_365' title='bbox 1433 762 1574 800; x_wconf 82' lang='lat' dir='ltr'><strong>magicas</strong></span> <span class='ocrx_word' id='word_1_366' title='bbox 1617 768 1648 793; x_wconf 90' lang='lat' dir='ltr'><strong>et</strong></span> <span class='ocrx_word' id='word_1_367' title='bbox 1688 764 1935 796; x_wconf 84' lang='lat' dir='ltr'><strong>incantationes.</strong></span> <span class='ocrx_word' id='word_1_368' title='bbox 1999 766 2093 798; x_wconf 89' lang='lat' dir='ltr'><strong>Nunc</strong></span> 
     </span>
     <span class='ocr_line' id='line_1_61' title="bbox 1130 798 2090 847; baseline 0.014 -20"><span class='ocrx_word' id='word_1_369' title='bbox 1130 798 1235 836; x_wconf 89' lang='lat' dir='ltr'><strong>priore</strong></span> <span class='ocrx_word' id='word_1_370' title='bbox 1260 799 1326 830; x_wconf 88' lang='lat' dir='ltr'><strong>loeo</strong></span> <span class='ocrx_word' id='word_1_371' title='bbox 1349 801 1531 834; x_wconf 84' lang='lat' dir='ltr'><strong>adulterina</strong></span> <span class='ocrx_word' id='word_1_372' title='bbox 1554 805 1711 836; x_wconf 85' lang='lat' dir='ltr'><strong>sacrificia</strong></span> <span class='ocrx_word' id='word_1_373' title='bbox 1730 807 1876 847; x_wconf 83' lang='lat' dir='ltr'><strong>attingit:</strong></span> <span class='ocrx_word' id='word_1_374' title='bbox 1901 809 2090 847; x_wconf 81' lang='lat' dir='ltr'><strong>praesertim</strong></span> 
     </span>
     <span class='ocr_line' id='line_1_62' title="bbox 1129 840 2090 882; baseline 0.012 -12"><span class='ocrx_word' id='word_1_375' title='bbox 1129 840 1292 880; x_wconf 88' lang='lat' dir='ltr'><strong>impurum</strong></span> <span class='ocrx_word' id='word_1_376' title='bbox 1325 847 1355 873; x_wconf 88' lang='lat' dir='ltr'><strong>et</strong></span> <span class='ocrx_word' id='word_1_377' title='bbox 1386 844 1607 877; x_wconf 86' lang='lat' dir='ltr'><strong>detestabilem</strong></span> <span class='ocrx_word' id='word_1_378' title='bbox 1637 848 1759 879; x_wconf 86' lang='lat' dir='ltr'><strong>cultum</strong></span> <span class='ocrx_word' id='word_1_379' title='bbox 1788 849 1820 879; x_wconf 85' lang='lat' dir='ltr'><strong>in</strong></span> <span class='ocrx_word' id='word_1_380' title='bbox 1849 850 1957 882; x_wconf 85' lang='lat' dir='ltr'><strong>liberis</strong></span> <span class='ocrx_word' id='word_1_381' title='bbox 1980 862 2090 882; x_wconf 80' lang='lat' dir='ltr'><strong>consc-</strong></span> 
     </span>
     <span class='ocr_line' id='line_1_63' title="bbox 1129 883 2091 931; baseline 0.014 -19"><span class='ocrx_word' id='word_1_382' title='bbox 1129 883 1256 914; x_wconf 88' lang='lat' dir='ltr'><strong>erandis</strong></span> <span class='ocrx_word' id='word_1_383' title='bbox 1297 885 1380 916; x_wconf 91' lang='lat' dir='ltr'><strong>idolo</strong></span> <span class='ocrx_word' id='word_1_384' title='bbox 1420 888 1582 926; x_wconf 76' lang='lat' dir='ltr'><strong>gentium,</strong></span> <span class='ocrx_word' id='word_1_385' title='bbox 1624 901 1716 929; x_wconf 84' lang='lat' dir='ltr'><strong>quem</strong></span> <span class='ocrx_word' id='word_1_386' title='bbox 1756 892 1884 923; x_wconf 84' lang='lat' dir='ltr'><strong>Moloch</strong></span> <span class='ocrx_word' id='word_1_387' title='bbox 1923 894 2091 931; x_wconf 87' lang='lat' dir='ltr'><strong>vocabant,</strong></span> 
     </span>
     <span class='ocr_line' id='line_1_64' title="bbox 1130 924 2090 969; baseline 0.013 -14"><span class='ocrx_word' id='word_1_388' title='bbox 1130 924 1246 956; x_wconf 89' lang='lat' dir='ltr'><strong>deinde</strong></span> <span class='ocrx_word' id='word_1_389' title='bbox 1269 927 1515 966; x_wconf 89' lang='lat' dir='ltr'><strong>prohibitionem</strong></span> <span class='ocrx_word' id='word_1_390' title='bbox 1540 934 1668 969; x_wconf 81' lang='lat' dir='ltr'><strong>attexit,</strong></span> <span class='ocrx_word' id='word_1_391' title='bbox 1700 944 1739 964; x_wconf 88' lang='lat' dir='ltr'><strong>ne</strong></span> <span class='ocrx_word' id='word_1_392' title='bbox 1767 935 1889 965; x_wconf 86' lang='lat' dir='ltr'><strong>fictitiis</strong></span> <span class='ocrx_word' id='word_1_393' title='bbox 1920 936 2090 967; x_wconf 89' lang='lat' dir='ltr'><strong>revelat-io-</strong></span> 
     </span>
     <span class='ocr_line' id='line_1_65' title="bbox 1130 968 2090 1010; baseline 0.014 -13"><span class='ocrx_word' id='word_1_394' title='bbox 1130 968 1224 999; x_wconf 86' lang='lat' dir='ltr'><strong>nibus</strong></span> <span class='ocrx_word' id='word_1_395' title='bbox 1237 971 1413 1002; x_wconf 77' lang='lat' dir='ltr'><strong>attendant.</strong></span> <span class='ocrx_word' id='word_1_396' title='bbox 1439 972 1500 1003; x_wconf 88' lang='lat' dir='ltr'><strong>Hie</strong></span> <span class='ocrx_word' id='word_1_397' title='bbox 1520 979 1626 1005; x_wconf 87' lang='lat' dir='ltr'><strong>autem</strong></span> <span class='ocrx_word' id='word_1_398' title='bbox 1644 976 1677 1005; x_wconf 94' lang='lat' dir='ltr'><strong>in</strong></span> <span class='ocrx_word' id='word_1_399' title='bbox 1702 976 1825 1008; x_wconf 87' lang='lat' dir='ltr'><strong>dnobus</strong></span> <span class='ocrx_word' id='word_1_400' title='bbox 1849 978 1925 1009; x_wconf 89' lang='lat' dir='ltr'><strong>locis</strong></span> <span class='ocrx_word' id='word_1_401' title='bbox 1948 979 2090 1010; x_wconf 86' lang='lat' dir='ltr'><strong>Levitici</strong></span> 
     </span>
     <span class='ocr_line' id='line_1_66' title="bbox 1130 1010 2090 1061; baseline 0.013 -21"><span class='ocrx_word' id='word_1_402' title='bbox 1130 1010 1220 1042; x_wconf 83' lang='lat' dir='ltr'><strong>binas</strong></span> <span class='ocrx_word' id='word_1_403' title='bbox 1244 1016 1370 1043; x_wconf 82' lang='lat' dir='ltr'><strong>tantum</strong></span> <span class='ocrx_word' id='word_1_404' title='bbox 1402 1015 1524 1053; x_wconf 85' lang='lat' dir='ltr'><strong>speeies</strong></span> <span class='ocrx_word' id='word_1_405' title='bbox 1555 1024 1715 1056; x_wconf 82' lang='lat' dir='ltr'><strong>recenset,</strong></span> <span class='ocrx_word' id='word_1_406' title='bbox 1745 1030 1861 1059; x_wconf 89' lang='lat' dir='ltr'><strong>nempe</strong></span> <span class='ocrx_word' id='word_1_407' title='bbox 1892 1022 2035 1061; x_wconf 87' lang='lat' dir='ltr'><strong>auguriis</strong></span> <span class='ocrx_word' id='word_1_408' title='bbox 2058 1025 2090 1052; x_wconf 88' lang='lat' dir='ltr'><strong>et</strong></span> 
     </span>
     <span class='ocr_line' id='line_1_67' title="bbox 1129 1053 2090 1103; baseline 0.012 -20"><span class='ocrx_word' id='word_1_409' title='bbox 1129 1053 1384 1087; x_wconf 83' lang='lat' dir='ltr'><strong>divinationibus</strong></span> <span class='ocrx_word' id='word_1_410' title='bbox 1408 1057 1482 1088; x_wconf 82' lang='lat' dir='ltr'><strong>darc</strong></span> <span class='ocrx_word' id='word_1_411' title='bbox 1505 1069 1650 1098; x_wconf 77' lang='lat' dir='ltr'><strong>operam:</strong></span> <span class='ocrx_word' id='word_1_412' title='bbox 1676 1061 1791 1092; x_wconf 88' lang='lat' dir='ltr'><strong>deinde</strong></span> <span class='ocrx_word' id='word_1_413' title='bbox 1810 1073 1963 1102; x_wconf 84' lang='lat' dir='ltr'><strong>responsa</strong></span> <span class='ocrx_word' id='word_1_414' title='bbox 1981 1068 2090 1103; x_wconf 83' lang='lat' dir='ltr'><strong>petere</strong></span> 
     </span>
     <span class='ocr_line' id='line_1_68' title="bbox 1129 1097 2089 1143; baseline 0.014 -18"><span class='ocrx_word' id='word_1_415' title='bbox 1129 1106 1147 1140; x_wconf 81' lang='lat' dir='ltr'><strong>a</strong></span> <span class='ocrx_word' id='word_1_416' title='bbox 1167 1097 1283 1136; x_wconf 86' lang='lat' dir='ltr'><strong>spiritu</strong></span> <span class='ocrx_word' id='word_1_417' title='bbox 1308 1099 1492 1138; x_wconf 78' lang='lat' dir='ltr'><strong>pythonico,</strong></span> <span class='ocrx_word' id='word_1_418' title='bbox 1517 1106 1548 1131; x_wconf 89' lang='lat' dir='ltr'><strong>et</strong></span> <span class='ocrx_word' id='word_1_419' title='bbox 1571 1113 1680 1143; x_wconf 83' lang='lat' dir='ltr'><strong>magos</strong></span> <span class='ocrx_word' id='word_1_420' title='bbox 1703 1104 1752 1134; x_wconf 87' lang='lat' dir='ltr'><strong>vel</strong></span> <span class='ocrx_word' id='word_1_421' title='bbox 1776 1105 1890 1136; x_wconf 85' lang='lat' dir='ltr'><strong>ariolos</strong></span> <span class='ocrx_word' id='word_1_422' title='bbox 1913 1106 2089 1138; x_wconf 75' lang='lat' dir='ltr'><strong>consulere.</strong></span> 
     </span>
     <span class='ocr_line' id='line_1_69' title="bbox 1129 1139 2089 1187; baseline 0.013 -19"><span class='ocrx_word' id='word_1_423' title='bbox 1129 1139 1383 1179; x_wconf 79' lang='lat' dir='ltr'><strong>Comprehendit</strong></span> <span class='ocrx_word' id='word_1_424' title='bbox 1415 1147 1522 1173; x_wconf 88' lang='lat' dir='ltr'><strong>tamen</strong></span> <span class='ocrx_word' id='word_1_425' title='bbox 1553 1144 1632 1175; x_wconf 84' lang='lat' dir='ltr'><strong>alias</strong></span> <span class='ocrx_word' id='word_1_426' title='bbox 1664 1156 1776 1177; x_wconf 85' lang='lat' dir='ltr'><strong>omnes</strong></span> <span class='ocrx_word' id='word_1_427' title='bbox 1807 1147 1845 1178; x_wconf 91' lang='lat' dir='ltr'><strong>de</strong></span> <span class='ocrx_word' id='word_1_428' title='bbox 1875 1149 1990 1187; x_wconf 87' lang='lat' dir='ltr'><strong>quibus</strong></span> <span class='ocrx_word' id='word_1_429' title='bbox 2014 1155 2089 1180; x_wconf 86' lang='lat' dir='ltr'><strong>ante</strong></span> 
     </span>
     <span class='ocr_line' id='line_1_70' title="bbox 1129 1181 2089 1229; baseline 0.013 -18"><span class='ocrx_word' id='word_1_430' title='bbox 1129 1181 1279 1213; x_wconf 80' lang='lat' dir='ltr'><strong>diximus,</strong></span> <span class='ocrx_word' id='word_1_431' title='bbox 1337 1186 1383 1215; x_wconf 88' lang='lat' dir='ltr'><strong>Ae</strong></span> <span class='ocrx_word' id='word_1_432' title='bbox 1418 1196 1458 1216; x_wconf 90' lang='lat' dir='ltr'><strong>uc</strong></span> <span class='ocrx_word' id='word_1_433' title='bbox 1493 1186 1562 1217; x_wconf 86' lang='lat' dir='ltr'><strong>leve</strong></span> <span class='ocrx_word' id='word_1_434' title='bbox 1596 1187 1745 1219; x_wconf 86' lang='lat' dir='ltr'><strong>delictum</strong></span> <span class='ocrx_word' id='word_1_435' title='bbox 1781 1199 1851 1221; x_wconf 88' lang='lat' dir='ltr'><strong>esse</strong></span> <span class='ocrx_word' id='word_1_436' title='bbox 1891 1191 2089 1229; x_wconf 81' lang='lat' dir='ltr'><strong>existiment,</strong></span> 
     </span>
     <span class='ocr_line' id='line_1_71' title="bbox 1132 1225 2088 1268; baseline 0.013 -15"><span class='ocrx_word' id='word_1_437' title='bbox 1132 1225 1231 1264; x_wconf 90' lang='lat' dir='ltr'><strong>pollui</strong></span> <span class='ocrx_word' id='word_1_438' title='bbox 1256 1226 1395 1257; x_wconf 76' lang='lat' dir='ltr'><strong>affirmat</strong></span> <span class='ocrx_word' id='word_1_439' title='bbox 1414 1228 1595 1268; x_wconf 85' lang='lat' dir='ltr'><strong>quicunque</strong></span> <span class='ocrx_word' id='word_1_440' title='bbox 1615 1230 1689 1261; x_wconf 87' lang='lat' dir='ltr'><strong>huic</strong></span> <span class='ocrx_word' id='word_1_441' title='bbox 1708 1233 1885 1263; x_wconf 83' lang='lat' dir='ltr'><strong>curiositati</strong></span> <span class='ocrx_word' id='word_1_442' title='bbox 1904 1244 1938 1264; x_wconf 87' lang='lat' dir='ltr'><strong>se</strong></span> <span class='ocrx_word' id='word_1_443' title='bbox 1957 1233 2088 1265; x_wconf 86' lang='lat' dir='ltr'><strong>dedunt.</strong></span> 
     </span>
     <span class='ocr_line' id='line_1_72' title="bbox 1128 1267 2089 1316; baseline 0.012 -20"><span class='ocrx_word' id='word_1_444' title='bbox 1128 1267 1298 1298; x_wconf 81' lang='lat' dir='ltr'><strong>Caeterum</strong></span> <span class='ocrx_word' id='word_1_445' title='bbox 1326 1269 1437 1300; x_wconf 89' lang='lat' dir='ltr'><strong>ultima</strong></span> <span class='ocrx_word' id='word_1_446' title='bbox 1460 1272 1667 1309; x_wconf 77' lang='lat' dir='ltr'><strong>confirmatio,</strong></span> <span class='ocrx_word' id='word_1_447' title='bbox 1691 1284 1771 1313; x_wconf 90' lang='lat' dir='ltr'><strong>quae</strong></span> <span class='ocrx_word' id='word_1_448' title='bbox 1795 1276 1931 1306; x_wconf 88' lang='lat' dir='ltr'><strong>nuncin</strong></span> <span class='ocrx_word' id='word_1_449' title='bbox 1955 1281 2089 1316; x_wconf 83' lang='lat' dir='ltr'><strong>utroque</strong></span> 
     </span>
     <span class='ocr_line' id='line_1_73' title="bbox 1128 1311 2086 1358; baseline 0.011 -19"><span class='ocrx_word' id='word_1_450' title='bbox 1128 1311 1272 1353; x_wconf 81' lang='lat' dir='ltr'><strong>membro</strong></span> <span class='ocrx_word' id='word_1_451' title='bbox 1292 1311 1429 1349; x_wconf 85' lang='lat' dir='ltr'><strong>additur,</strong></span> <span class='ocrx_word' id='word_1_452' title='bbox 1450 1313 1487 1344; x_wconf 79' lang='lat' dir='ltr'><strong>ad</strong></span> <span class='ocrx_word' id='word_1_453' title='bbox 1503 1325 1661 1346; x_wconf 85' lang='lat' dir='ltr'><strong>summam</strong></span> <span class='ocrx_word' id='word_1_454' title='bbox 1675 1317 1768 1355; x_wconf 88' lang='lat' dir='ltr'><strong>primi</strong></span> <span class='ocrx_word' id='word_1_455' title='bbox 1782 1318 1942 1358; x_wconf 81' lang='lat' dir='ltr'><strong>praecepti</strong></span> <span class='ocrx_word' id='word_1_456' title='bbox 1955 1324 2086 1358; x_wconf 82' lang='lat' dir='ltr'><strong>spectat.</strong></span> 
     </span>
     <span class='ocr_line' id='line_1_74' title="bbox 1128 1353 2088 1400; baseline 0.011 -18"><span class='ocrx_word' id='word_1_457' title='bbox 1128 1353 1171 1383; x_wconf 62' lang='lat' dir='ltr'><strong>Se</strong></span> <span class='ocrx_word' id='word_1_458' title='bbox 1203 1354 1289 1384; x_wconf 88' lang='lat' dir='ltr'><strong>enim</strong></span> <span class='ocrx_word' id='word_1_459' title='bbox 1320 1354 1474 1386; x_wconf 83' lang='lat' dir='ltr'><strong>Iehovam</strong></span> <span class='ocrx_word' id='word_1_460' title='bbox 1509 1362 1540 1387; x_wconf 88' lang='lat' dir='ltr'><strong>et</strong></span> <span class='ocrx_word' id='word_1_461' title='bbox 1572 1358 1674 1388; x_wconf 88' lang='lat' dir='ltr'><strong>Deum</strong></span> <span class='ocrx_word' id='word_1_462' title='bbox 1704 1359 1834 1391; x_wconf 85' lang='lat' dir='ltr'><strong>Israelis</strong></span> <span class='ocrx_word' id='word_1_463' title='bbox 1867 1362 2088 1400; x_wconf 86' lang='lat' dir='ltr'><strong>pronuncians</strong></span> 
     </span>
     <span class='ocr_line' id='line_1_75' title="bbox 1128 1395 2087 1444; baseline 0.01 -19"><span class='ocrx_word' id='word_1_464' title='bbox 1128 1395 1233 1431; x_wconf 83' lang='lat' dir='ltr'><strong>Deus,</strong></span> <span class='ocrx_word' id='word_1_465' title='bbox 1265 1401 1330 1427; x_wconf 87' lang='lat' dir='ltr'><strong>tam</strong></span> <span class='ocrx_word' id='word_1_466' title='bbox 1355 1398 1476 1428; x_wconf 86' lang='lat' dir='ltr'><strong>cultum</strong></span> <span class='ocrx_word' id='word_1_467' title='bbox 1500 1400 1559 1430; x_wconf 79' lang='lat' dir='ltr'><strong>sibi</strong></span> <span class='ocrx_word' id='word_1_468' title='bbox 1584 1402 1638 1431; x_wconf 89' lang='lat' dir='ltr'><strong>uni</strong></span> <span class='ocrx_word' id='word_1_469' title='bbox 1671 1401 1811 1433; x_wconf 85' lang='lat' dir='ltr'><strong>debitum</strong></span> <span class='ocrx_word' id='word_1_470' title='bbox 1841 1403 1959 1444; x_wconf 82' lang='lat' dir='ltr'><strong>exigit,</strong></span> <span class='ocrx_word' id='word_1_471' title='bbox 1991 1414 2087 1443; x_wconf 87' lang='lat' dir='ltr'><strong>quam</strong></span> 
     </span>
     <span class='ocr_line' id='line_1_76' title="bbox 1127 1439 2088 1484; baseline 0.01 -16"><span class='ocrx_word' id='word_1_472' title='bbox 1127 1439 1371 1477; x_wconf 73' lang='lat' dir='ltr'><strong>superstitiones</strong></span> <span class='ocrx_word' id='word_1_473' title='bbox 1410 1452 1521 1473; x_wconf 84' lang='lat' dir='ltr'><strong>omnes</strong></span> <span class='ocrx_word' id='word_1_474' title='bbox 1561 1442 1692 1474; x_wconf 79' lang='lat' dir='ltr'><strong>damnat</strong></span> <span class='ocrx_word' id='word_1_475' title='bbox 1731 1445 1846 1484; x_wconf 82' lang='lat' dir='ltr'><strong>quibus</strong></span> <span class='ocrx_word' id='word_1_476' title='bbox 1887 1445 2088 1478; x_wconf 82' lang='lat' dir='ltr'><strong>adulteratur</strong></span> 
     </span>
     <span class='ocr_line' id='line_1_77' title="bbox 1126 1482 2090 1528; baseline 0.011 -18"><span class='ocrx_word' id='word_1_477' title='bbox 1126 1491 1207 1520; x_wconf 88' lang='lat' dir='ltr'><strong>pura</strong></span> <span class='ocrx_word' id='word_1_478' title='bbox 1237 1482 1358 1522; x_wconf 86' lang='lat' dir='ltr'><strong>religio.</strong></span> <span class='ocrx_word' id='word_1_479' title='bbox 1412 1485 1460 1515; x_wconf 89' lang='lat' dir='ltr'><strong>Ac</strong></span> <span class='ocrx_word' id='word_1_480' title='bbox 1489 1484 1597 1516; x_wconf 83' lang='lat' dir='ltr'><strong>subest</strong></span> <span class='ocrx_word' id='word_1_481' title='bbox 1626 1487 1814 1523; x_wconf 84' lang='lat' dir='ltr'><strong>antithesis,</strong></span> <span class='ocrx_word' id='word_1_482' title='bbox 1843 1498 1905 1528; x_wconf 84' lang='lat' dir='ltr'><strong>qua</strong></span> <span class='ocrx_word' id='word_1_483' title='bbox 1932 1488 2023 1520; x_wconf 84' lang='lat' dir='ltr'><strong>Deus</strong></span> <span class='ocrx_word' id='word_1_484' title='bbox 2053 1499 2090 1521; x_wconf 81' lang='lat' dir='ltr'><strong>se</strong></span> 
     </span>
     <span class='ocr_line' id='line_1_78' title="bbox 1126 1524 2087 1570; baseline 0.01 -17"><span class='ocrx_word' id='word_1_485' title='bbox 1126 1524 1248 1555; x_wconf 84' lang='lat' dir='ltr'><strong>fictitiis</strong></span> <span class='ocrx_word' id='word_1_486' title='bbox 1267 1525 1415 1557; x_wconf 81' lang='lat' dir='ltr'><strong>omnibus</strong></span> <span class='ocrx_word' id='word_1_487' title='bbox 1436 1527 1526 1557; x_wconf 77' lang='lat' dir='ltr'><strong>idolis</strong></span> <span class='ocrx_word' id='word_1_488' title='bbox 1545 1529 1690 1568; x_wconf 85' lang='lat' dir='ltr'><strong>opponit:</strong></span> <span class='ocrx_word' id='word_1_489' title='bbox 1710 1530 1843 1570; x_wconf 87' lang='lat' dir='ltr'><strong>ideoque</strong></span> <span class='ocrx_word' id='word_1_490' title='bbox 1861 1530 1968 1562; x_wconf 88' lang='lat' dir='ltr'><strong>licebit</strong></span> <span class='ocrx_word' id='word_1_491' title='bbox 1986 1531 2087 1563; x_wconf 85' lang='lat' dir='ltr'><strong>verba</strong></span> 
     </span>
     <span class='ocr_line' id='line_1_79' title="bbox 1125 1567 2087 1612; baseline 0.01 -16"><span class='ocrx_word' id='word_1_492' title='bbox 1125 1567 1169 1597; x_wconf 81' lang='lat' dir='ltr'><strong>sie</strong></span> <span class='ocrx_word' id='word_1_493' title='bbox 1195 1567 1372 1598; x_wconf 87' lang='lat' dir='ltr'><strong>resolvere:</strong></span> <span class='ocrx_word' id='word_1_494' title='bbox 1396 1568 1557 1607; x_wconf 79' lang='lat' dir='ltr'><strong>Quoniam</strong></span> <span class='ocrx_word' id='word_1_495' title='bbox 1581 1582 1638 1611; x_wconf 87' lang='lat' dir='ltr'><strong>ego</strong></span> <span class='ocrx_word' id='word_1_496' title='bbox 1662 1571 1752 1603; x_wconf 85' lang='lat' dir='ltr'><strong>Deus</strong></span> <span class='ocrx_word' id='word_1_497' title='bbox 1775 1584 1844 1603; x_wconf 89' lang='lat' dir='ltr'><strong>sum</strong></span> <span class='ocrx_word' id='word_1_498' title='bbox 1870 1580 2029 1612; x_wconf 82' lang='lat' dir='ltr'><strong>aeternus,</strong></span> <span class='ocrx_word' id='word_1_499' title='bbox 2054 1578 2087 1606; x_wconf 83' lang='lat' dir='ltr'><strong>et</strong></span> 
     </span>
     <span class='ocr_line' id='line_1_80' title="bbox 1125 1609 2086 1655; baseline 0.01 -17"><span class='ocrx_word' id='word_1_500' title='bbox 1125 1609 1165 1639; x_wconf 86' lang='lat' dir='ltr'><strong>ab</strong></span> <span class='ocrx_word' id='word_1_501' title='bbox 1187 1610 1336 1641; x_wconf 86' lang='lat' dir='ltr'><strong>omnibus</strong></span> <span class='ocrx_word' id='word_1_502' title='bbox 1360 1611 1431 1642; x_wconf 80' lang='lat' dir='ltr'><strong>aliis</strong></span> <span class='ocrx_word' id='word_1_503' title='bbox 1454 1618 1623 1652; x_wconf 79' lang='lat' dir='ltr'><strong>separatus</strong></span> <span class='ocrx_word' id='word_1_504' title='bbox 1653 1625 1731 1653; x_wconf 89' lang='lat' dir='ltr'><strong>quos</strong></span> <span class='ocrx_word' id='word_1_505' title='bbox 1759 1615 1821 1646; x_wconf 90' lang='lat' dir='ltr'><strong>sibi</strong></span> <span class='ocrx_word' id='word_1_506' title='bbox 1849 1620 1963 1655; x_wconf 84' lang='lat' dir='ltr'><strong>gentes</strong></span> <span class='ocrx_word' id='word_1_507' title='bbox 1987 1616 2086 1648; x_wconf 85' lang='lat' dir='ltr'><strong>stulte</strong></span> 
     </span>
     <span class='ocr_line' id='line_1_81' title="bbox 1123 1651 2087 1698; baseline 0.01 -17"><span class='ocrx_word' id='word_1_508' title='bbox 1123 1651 1290 1687; x_wconf 77' lang='lat' dir='ltr'><strong>fabricant.</strong></span> <span class='ocrx_word' id='word_1_509' title='bbox 1316 1658 1348 1683; x_wconf 89' lang='lat' dir='ltr'><strong>et</strong></span> <span class='ocrx_word' id='word_1_510' title='bbox 1372 1664 1427 1685; x_wconf 82' lang='lat' dir='ltr'><strong>vos</strong></span> <span class='ocrx_word' id='word_1_511' title='bbox 1452 1655 1530 1685; x_wconf 88' lang='lat' dir='ltr'><strong>mihi</strong></span> <span class='ocrx_word' id='word_1_512' title='bbox 1550 1656 1630 1696; x_wconf 89' lang='lat' dir='ltr'><strong>elegi</strong></span> <span class='ocrx_word' id='word_1_513' title='bbox 1651 1657 1683 1687; x_wconf 88' lang='lat' dir='ltr'><strong>in</strong></span> <span class='ocrx_word' id='word_1_514' title='bbox 1703 1658 1856 1697; x_wconf 87' lang='lat' dir='ltr'><strong>populum</strong></span> <span class='ocrx_word' id='word_1_515' title='bbox 1880 1659 2087 1698; x_wconf 88' lang='lat' dir='ltr'><strong>peculiarem,</strong></span> 
     </span>
     <span class='ocr_line' id='line_1_82' title="bbox 1122 1699 2085 1744; baseline 0.009 -20"><span class='ocrx_word' id='word_1_516' title='bbox 1122 1705 1219 1734; x_wconf 82' lang='lat' dir='ltr'><strong>puros</strong></span> <span class='ocrx_word' id='word_1_517' title='bbox 1250 1701 1282 1726; x_wconf 86' lang='lat' dir='ltr'><strong>et</strong></span> <span class='ocrx_word' id='word_1_518' title='bbox 1312 1702 1477 1735; x_wconf 81' lang='lat' dir='ltr'><strong>separatos</strong></span> <span class='ocrx_word' id='word_1_519' title='bbox 1506 1708 1575 1729; x_wconf 86' lang='lat' dir='ltr'><strong>csso</strong></span> <span class='ocrx_word' id='word_1_520' title='bbox 1603 1699 1675 1730; x_wconf 88' lang='lat' dir='ltr'><strong>volo</strong></span> <span class='ocrx_word' id='word_1_521' title='bbox 1705 1699 1756 1741; x_wconf 90' lang='lat' dir='ltr'><strong>(ut</strong></span> <span class='ocrx_word' id='word_1_522' title='bbox 1785 1711 1923 1741; x_wconf 83' lang='lat' dir='ltr'><strong>aequum</strong></span> <span class='ocrx_word' id='word_1_523' title='bbox 1953 1702 2015 1744; x_wconf 89' lang='lat' dir='ltr'><strong>est)</strong></span> <span class='ocrx_word' id='word_1_524' title='bbox 2045 1702 2085 1733; x_wconf 86' lang='lat' dir='ltr'><strong>ab</strong></span> 
     </span>
     <span class='ocr_line' id='line_1_83' title="bbox 1121 1737 1554 1778; baseline 0.009 -11"><span class='ocrx_word' id='word_1_525' title='bbox 1121 1737 1272 1768; x_wconf 86' lang='lat' dir='ltr'><strong>omnibus</strong></span> <span class='ocrx_word' id='word_1_526' title='bbox 1293 1739 1554 1778; x_wconf 83' lang='lat' dir='ltr'><strong>inquinamentis.</strong></span> 
     </span>
    </p>

    <p class='ocr_par' dir='ltr' id='par_1_20' title="bbox 1113 1781 2085 2589">
     <span class='ocr_line' id='line_1_84' title="bbox 1207 1781 2085 1822; baseline 0.008 -11"><span class='ocrx_word' id='word_1_527' title='bbox 1207 1781 1303 1812; x_wconf 87' lang='lat' dir='ltr'><strong>Dent.</strong></span> <span class='ocrx_word' id='word_1_528' title='bbox 1336 1782 1384 1819; x_wconf 86' lang='grc'><strong>12,</strong></span> <span class='ocrx_word' id='word_1_529' title='bbox 1425 1783 1474 1813; x_wconf 74' lang='grc'><strong>29.</strong></span> <span class='ocrx_word' id='word_1_530' title='bbox 1509 1784 1608 1822; x_wconf 74' lang='lat' dir='ltr'><strong>Quum</strong></span> <span class='ocrx_word' id='word_1_531' title='bbox 1641 1785 1788 1816; x_wconf 51' lang='lat' dir='ltr'><strong>ceciderit</strong></span> <span class='ocrx_word' id='word_1_532' title='bbox 1819 1785 1941 1817; x_wconf 32' lang='lat' dir='ltr'><strong>Jelzsova.</strong></span> <span class='ocrx_word' id='word_1_533' title='bbox 1993 1787 2085 1819; x_wconf 88' lang='lat' dir='ltr'><strong>Haec</strong></span> 
     </span>
     <span class='ocr_line' id='line_1_85' title="bbox 1121 1824 2082 1867; baseline 0.009 -15"><span class='ocrx_word' id='word_1_534' title='bbox 1121 1824 1284 1854; x_wconf 82' lang='lat' dir='ltr'><strong>sententia</strong></span> <span class='ocrx_word' id='word_1_535' title='bbox 1314 1826 1470 1864; x_wconf 88' lang='lat' dir='ltr'><strong>superiori</strong></span> <span class='ocrx_word' id='word_1_536' title='bbox 1502 1826 1608 1858; x_wconf 82' lang='lat' dir='ltr'><strong>affinis</strong></span> <span class='ocrx_word' id='word_1_537' title='bbox 1639 1831 1687 1858; x_wconf 87' lang='lat' dir='ltr'><strong>est</strong></span> <span class='ocrx_word' id='word_1_538' title='bbox 1715 1838 1810 1867; x_wconf 84' lang='lat' dir='ltr'><strong>quam</strong></span> <span class='ocrx_word' id='word_1_539' title='bbox 1842 1828 2012 1860; x_wconf 86' lang='lat' dir='ltr'><strong>retulimus</strong></span> <span class='ocrx_word' id='word_1_540' title='bbox 2042 1841 2082 1861; x_wconf 80' lang='lat' dir='ltr'><strong>ex</strong></span> 
     </span>
     <span class='ocr_line' id='line_1_86' title="bbox 1123 1866 2082 1912; baseline 0.008 -17"><span class='ocrx_word' id='word_1_541' title='bbox 1123 1866 1160 1896; x_wconf 77' lang='lat'><strong>18</strong></span> <span class='ocrx_word' id='word_1_542' title='bbox 1192 1867 1294 1905; x_wconf 88' lang='lat' dir='ltr'><strong>capite</strong></span> <span class='ocrx_word' id='word_1_543' title='bbox 1327 1868 1580 1900; x_wconf 86' lang='lat' dir='ltr'><strong>Deuteronomii.</strong></span> <span class='ocrx_word' id='word_1_544' title='bbox 1632 1869 1717 1908; x_wconf 75' lang='lat' dir='ltr'><strong>Quia</strong></span> <span class='ocrx_word' id='word_1_545' title='bbox 1747 1870 1833 1901; x_wconf 89' lang='lat' dir='ltr'><strong>enim</strong></span> <span class='ocrx_word' id='word_1_546' title='bbox 1865 1870 1905 1901; x_wconf 84' lang='lat' dir='ltr'><strong>ad</strong></span> <span class='ocrx_word' id='word_1_547' title='bbox 1935 1873 2082 1912; x_wconf 85' lang='lat' dir='ltr'><strong>gentium</strong></span> 
     </span>
     <span class='ocr_line' id='line_1_87' title="bbox 1120 1908 2084 1954; baseline 0.008 -16"><span class='ocrx_word' id='word_1_548' title='bbox 1120 1908 1333 1939; x_wconf 83' lang='lat' dir='ltr'><strong>imitationem</strong></span> <span class='ocrx_word' id='word_1_549' title='bbox 1369 1910 1520 1950; x_wconf 85' lang='lat' dir='ltr'><strong>proclivis</strong></span> <span class='ocrx_word' id='word_1_550' title='bbox 1554 1913 1665 1943; x_wconf 80' lang='lat' dir='ltr'><strong>fuisset</strong></span> <span class='ocrx_word' id='word_1_551' title='bbox 1706 1912 1829 1952; x_wconf 78' lang='lat' dir='ltr'><strong>lapsus,</strong></span> <span class='ocrx_word' id='word_1_552' title='bbox 1870 1918 1903 1944; x_wconf 81' lang='lat' dir='ltr'><strong>ut</strong></span> <span class='ocrx_word' id='word_1_553' title='bbox 1945 1915 2084 1954; x_wconf 86' lang='lat' dir='ltr'><strong>populus</strong></span> 
     </span>
     <span class='ocr_line' id='line_1_88' title="bbox 1120 1950 2083 1996; baseline 0.008 -16"><span class='ocrx_word' id='word_1_554' title='bbox 1120 1950 1216 1983; x_wconf 81' lang='lat' dir='ltr'><strong>falsos</strong></span> <span class='ocrx_word' id='word_1_555' title='bbox 1241 1951 1315 1982; x_wconf 85' lang='lat' dir='ltr'><strong>deos</strong></span> <span class='ocrx_word' id='word_1_556' title='bbox 1339 1953 1473 1989; x_wconf 82' lang='lat' dir='ltr'><strong>coleret,</strong></span> <span class='ocrx_word' id='word_1_557' title='bbox 1505 1955 1537 1984; x_wconf 90' lang='lat' dir='ltr'><strong>in</strong></span> <span class='ocrx_word' id='word_1_558' title='bbox 1567 1966 1703 1994; x_wconf 86' lang='lat' dir='ltr'><strong>quorum</strong></span> <span class='ocrx_word' id='word_1_559' title='bbox 1735 1956 1834 1986; x_wconf 83' lang='lat' dir='ltr'><strong>tutela</strong></span> <span class='ocrx_word' id='word_1_560' title='bbox 1863 1962 1895 1986; x_wconf 83' lang='lat' dir='ltr'><strong>et</strong></span> <span class='ocrx_word' id='word_1_561' title='bbox 1924 1957 2083 1996; x_wconf 85' lang='lat' dir='ltr'><strong>praesidio</strong></span> 
     </span>
     <span class='ocr_line' id='line_1_89' title="bbox 1119 1995 2082 2035; baseline 0.006 -11"><span class='ocrx_word' id='word_1_562' title='bbox 1119 2004 1188 2025; x_wconf 86' lang='lat' dir='ltr'><strong>esse</strong></span> <span class='ocrx_word' id='word_1_563' title='bbox 1223 1995 1388 2034; x_wconf 86' lang='lat' dir='ltr'><strong>regionem</strong></span> <span class='ocrx_word' id='word_1_564' title='bbox 1424 1997 1545 2027; x_wconf 84' lang='lat' dir='ltr'><strong>incolae</strong></span> <span class='ocrx_word' id='word_1_565' title='bbox 1587 1998 1799 2035; x_wconf 76' lang='lat' dir='ltr'><strong>iactaverant,</strong></span> <span class='ocrx_word' id='word_1_566' title='bbox 1840 1999 1945 2030; x_wconf 87' lang='lat' dir='ltr'><strong>omnis</strong></span> <span class='ocrx_word' id='word_1_567' title='bbox 1985 2000 2082 2031; x_wconf 87' lang='lat' dir='ltr'><strong>etiam</strong></span> 
     </span>
     <span class='ocr_line' id='line_1_90' title="bbox 1119 2037 2081 2076; baseline 0.007 -10"><span class='ocrx_word' id='word_1_568' title='bbox 1119 2037 1284 2076; x_wconf 82' lang='lat' dir='ltr'><strong>inquisitio</strong></span> <span class='ocrx_word' id='word_1_569' title='bbox 1309 2049 1419 2069; x_wconf 83' lang='lat' dir='ltr'><strong>severe</strong></span> <span class='ocrx_word' id='word_1_570' title='bbox 1444 2039 1656 2071; x_wconf 83' lang='lat' dir='ltr'><strong>interdicitur.</strong></span> <span class='ocrx_word' id='word_1_571' title='bbox 1702 2041 1773 2072; x_wconf 91' lang='lat' dir='ltr'><strong>Hoe</strong></span> <span class='ocrx_word' id='word_1_572' title='bbox 1797 2041 1881 2071; x_wconf 91' lang='lat' dir='ltr'><strong>enim</strong></span> <span class='ocrx_word' id='word_1_573' title='bbox 1912 2046 1960 2073; x_wconf 87' lang='lat' dir='ltr'><strong>est</strong></span> <span class='ocrx_word' id='word_1_574' title='bbox 1982 2042 2081 2073; x_wconf 89' lang='lat' dir='ltr'><strong>idolo-</strong></span> 
     </span>
     <span class='ocr_line' id='line_1_91' title="bbox 1119 2079 2081 2123; baseline 0.007 -14"><span class='ocrx_word' id='word_1_575' title='bbox 1119 2079 1233 2110; x_wconf 86' lang='lat' dir='ltr'><strong>latriae</strong></span> <span class='ocrx_word' id='word_1_576' title='bbox 1263 2081 1458 2120; x_wconf 88' lang='lat' dir='ltr'><strong>principium</strong></span> <span class='ocrx_word' id='word_1_577' title='bbox 1491 2082 1542 2112; x_wconf 90' lang='lat' dir='ltr'><strong>ubi</strong></span> <span class='ocrx_word' id='word_1_578' title='bbox 1573 2083 1701 2123; x_wconf 83' lang='lat' dir='ltr'><strong>cognita</strong></span> <span class='ocrx_word' id='word_1_579' title='bbox 1730 2088 1777 2113; x_wconf 85' lang='lat' dir='ltr'><strong>est</strong></span> <span class='ocrx_word' id='word_1_580' title='bbox 1806 2084 1947 2123; x_wconf 82' lang='lat' dir='ltr'><strong>genuina</strong></span> <span class='ocrx_word' id='word_1_581' title='bbox 1976 2085 2081 2116; x_wconf 89' lang='lat' dir='ltr'><strong>cultus</strong></span> 
     </span>
     <span class='ocr_line' id='line_1_92' title="bbox 1119 2122 2082 2164; baseline 0.006 -12"><span class='ocrx_word' id='word_1_582' title='bbox 1119 2122 1180 2152; x_wconf 88' lang='lat' dir='ltr'><strong>Dei</strong></span> <span class='ocrx_word' id='word_1_583' title='bbox 1204 2123 1408 2162; x_wconf 74' lang='lat' dir='ltr'><strong>simplicitas:</strong></span> <span class='ocrx_word' id='word_1_584' title='bbox 1434 2134 1498 2154; x_wconf 89' lang='lat' dir='ltr'><strong>non</strong></span> <span class='ocrx_word' id='word_1_585' title='bbox 1523 2125 1587 2156; x_wconf 87' lang='lat' dir='ltr'><strong>illic</strong></span> <span class='ocrx_word' id='word_1_586' title='bbox 1610 2127 1820 2164; x_wconf 79' lang='lat' dir='ltr'><strong>acquiescere,</strong></span> <span class='ocrx_word' id='word_1_587' title='bbox 1844 2126 1898 2157; x_wconf 84' lang='lat' dir='ltr'><strong>sed</strong></span> <span class='ocrx_word' id='word_1_588' title='bbox 1923 2128 2082 2158; x_wconf 87' lang='lat' dir='ltr'><strong>curiosius</strong></span> 
     </span>
     <span class='ocr_line' id='line_1_93' title="bbox 1118 2165 2081 2209; baseline 0.007 -15"><span class='ocrx_word' id='word_1_589' title='bbox 1118 2165 1281 2204; x_wconf 88' lang='lat' dir='ltr'><strong>inquirere</strong></span> <span class='ocrx_word' id='word_1_590' title='bbox 1312 2167 1396 2197; x_wconf 85' lang='lat' dir='ltr'><strong>sitne</strong></span> <span class='ocrx_word' id='word_1_591' title='bbox 1428 2167 1548 2207; x_wconf 82' lang='lat' dir='ltr'><strong>aliquid</strong></span> <span class='ocrx_word' id='word_1_592' title='bbox 1580 2169 1613 2198; x_wconf 89' lang='lat' dir='ltr'><strong>in</strong></span> <span class='ocrx_word' id='word_1_593' title='bbox 1636 2168 1802 2198; x_wconf 87' lang='lat' dir='ltr'><strong>hominum</strong></span> <span class='ocrx_word' id='word_1_594' title='bbox 1832 2170 1996 2209; x_wconf 78' lang='lat' dir='ltr'><strong>figmentis</strong></span> <span class='ocrx_word' id='word_1_595' title='bbox 2019 2170 2081 2201; x_wconf 82' lang='lat' dir='ltr'><strong>fide</strong></span> 
     </span>
     <span class='ocr_line' id='line_1_94' title="bbox 1118 2207 2081 2252; baseline 0.006 -15"><span class='ocrx_word' id='word_1_596' title='bbox 1118 2207 1264 2247; x_wconf 85' lang='lat' dir='ltr'><strong>dignum.</strong></span> <span class='ocrx_word' id='word_1_597' title='bbox 1316 2209 1478 2240; x_wconf 83' lang='lat' dir='ltr'><strong>Novitatis</strong></span> <span class='ocrx_word' id='word_1_598' title='bbox 1512 2211 1596 2241; x_wconf 88' lang='lat' dir='ltr'><strong>enim</strong></span> <span class='ocrx_word' id='word_1_599' title='bbox 1629 2211 1778 2241; x_wconf 83' lang='lat' dir='ltr'><strong>illecebra</strong></span> <span class='ocrx_word' id='word_1_600' title='bbox 1807 2222 1883 2242; x_wconf 80' lang='lat' dir='ltr'><strong>mox</strong></span> <span class='ocrx_word' id='word_1_601' title='bbox 1909 2212 2081 2252; x_wconf 84' lang='lat' dir='ltr'><strong>capiuntur</strong></span> 
     </span>
     <span class='ocr_line' id='line_1_95' title="bbox 1117 2252 2080 2295; baseline 0.005 -15"><span class='ocrx_word' id='word_1_602' title='bbox 1117 2256 1259 2281; x_wconf 84' lang='lat' dir='ltr'><strong>mentes:</strong></span> <span class='ocrx_word' id='word_1_603' title='bbox 1284 2256 1319 2281; x_wconf 83' lang='lat' dir='ltr'><strong>ut</strong></span> <span class='ocrx_word' id='word_1_604' title='bbox 1340 2252 1421 2291; x_wconf 85' lang='lat' dir='ltr'><strong>quod</strong></span> <span class='ocrx_word' id='word_1_605' title='bbox 1441 2253 1540 2283; x_wconf 78' lang='lat' dir='ltr'><strong>verbo</strong></span> <span class='ocrx_word' id='word_1_606' title='bbox 1554 2252 1615 2283; x_wconf 86' lang='lat' dir='ltr'><strong>Dei</strong></span> <span class='ocrx_word' id='word_1_607' title='bbox 1636 2253 1787 2284; x_wconf 85' lang='lat' dir='ltr'><strong>traditum</strong></span> <span class='ocrx_word' id='word_1_608' title='bbox 1808 2258 1885 2292; x_wconf 81' lang='lat' dir='ltr'><strong>erat,</strong></span> <span class='ocrx_word' id='word_1_609' title='bbox 1908 2255 2080 2295; x_wconf 87' lang='lat' dir='ltr'><strong>multiplici</strong></span> 
     </span>
     <span class='ocr_line' id='line_1_96' title="bbox 1116 2294 2080 2337; baseline 0.006 -14"><span class='ocrx_word' id='word_1_610' title='bbox 1116 2294 1274 2324; x_wconf 84' lang='lat' dir='ltr'><strong>fermento</strong></span> <span class='ocrx_word' id='word_1_611' title='bbox 1315 2295 1491 2334; x_wconf 77' lang='lat' dir='ltr'><strong>inquinent.</strong></span> <span class='ocrx_word' id='word_1_612' title='bbox 1548 2295 1615 2326; x_wconf 85' lang='lat' dir='ltr'><strong>Nec</strong></span> <span class='ocrx_word' id='word_1_613' title='bbox 1659 2300 1784 2326; x_wconf 84' lang='lat' dir='ltr'><strong>tantum</strong></span> <span class='ocrx_word' id='word_1_614' title='bbox 1818 2297 1857 2327; x_wconf 86' lang='lat' dir='ltr'><strong>ab</strong></span> <span class='ocrx_word' id='word_1_615' title='bbox 1898 2297 2080 2337; x_wconf 86' lang='lat' dir='ltr'><strong>inquirendi</strong></span> 
     </span>
     <span class='ocr_line' id='line_1_97' title="bbox 1116 2335 2080 2377; baseline 0.006 -12"><span class='ocrx_word' id='word_1_616' title='bbox 1116 2335 1222 2366; x_wconf 80' lang='lat' dir='ltr'><strong>studio</strong></span> <span class='ocrx_word' id='word_1_617' title='bbox 1246 2347 1300 2367; x_wconf 86' lang='lat' dir='ltr'><strong>eos</strong></span> <span class='ocrx_word' id='word_1_618' title='bbox 1324 2338 1460 2368; x_wconf 80' lang='lat' dir='ltr'><strong>retrahit</strong></span> <span class='ocrx_word' id='word_1_619' title='bbox 1480 2343 1511 2368; x_wconf 91' lang='lat' dir='ltr'><strong>et</strong></span> <span class='ocrx_word' id='word_1_620' title='bbox 1530 2338 1691 2377; x_wconf 79' lang='lat' dir='ltr'><strong>prohibet:</strong></span> <span class='ocrx_word' id='word_1_621' title='bbox 1716 2339 1770 2369; x_wconf 89' lang='lat' dir='ltr'><strong>sed</strong></span> <span class='ocrx_word' id='word_1_622' title='bbox 1795 2338 1912 2370; x_wconf 84' lang='lat' dir='ltr'><strong>diserte</strong></span> <span class='ocrx_word' id='word_1_623' title='bbox 1931 2340 2027 2371; x_wconf 81' lang='lat' dir='ltr'><strong>edicit</strong></span> <span class='ocrx_word' id='word_1_624' title='bbox 2045 2345 2080 2371; x_wconf 89' lang='lat' dir='ltr'><strong>ut</strong></span> 
     </span>
     <span class='ocr_line' id='line_1_98' title="bbox 1115 2379 2078 2421; baseline 0.006 -13"><span class='ocrx_word' id='word_1_625' title='bbox 1115 2379 1173 2409; x_wconf 78' lang='lat' dir='ltr'><strong>sibi</strong></span> <span class='ocrx_word' id='word_1_626' title='bbox 1198 2384 1342 2416; x_wconf 80' lang='lat' dir='ltr'><strong>caveant,</strong></span> <span class='ocrx_word' id='word_1_627' title='bbox 1369 2380 1415 2410; x_wconf 85' lang='lat' dir='ltr'><strong>vel</strong></span> <span class='ocrx_word' id='word_1_628' title='bbox 1442 2391 1475 2410; x_wconf 87' lang='lat' dir='ltr'><strong>se</strong></span> <span class='ocrx_word' id='word_1_629' title='bbox 1495 2380 1690 2411; x_wconf 83' lang='lat' dir='ltr'><strong>custodiant:</strong></span> <span class='ocrx_word' id='word_1_630' title='bbox 1715 2391 1831 2420; x_wconf 90' lang='lat' dir='ltr'><strong>nempe</strong></span> <span class='ocrx_word' id='word_1_631' title='bbox 1854 2383 1938 2421; x_wconf 86' lang='lat' dir='ltr'><strong>quia,</strong></span> <span class='ocrx_word' id='word_1_632' title='bbox 1961 2387 1998 2413; x_wconf 86' lang='lat' dir='ltr'><strong>ut</strong></span> <span class='ocrx_word' id='word_1_633' title='bbox 2016 2383 2078 2414; x_wconf 82' lang='lat' dir='ltr'><strong>las-</strong></span> 
     </span>
     <span class='ocr_line' id='line_1_99' title="bbox 1114 2421 2079 2466; baseline 0.005 -15"><span class='ocrx_word' id='word_1_634' title='bbox 1114 2421 1185 2451; x_wconf 82' lang='lat' dir='ltr'><strong>civa</strong></span> <span class='ocrx_word' id='word_1_635' title='bbox 1214 2426 1289 2451; x_wconf 82' lang='lat' dir='ltr'><strong>sunt</strong></span> <span class='ocrx_word' id='word_1_636' title='bbox 1321 2423 1487 2453; x_wconf 78' lang='lat' dir='ltr'><strong>homiuum</strong></span> <span class='ocrx_word' id='word_1_637' title='bbox 1519 2423 1665 2462; x_wconf 80' lang='lat' dir='ltr'><strong>ingenia,</strong></span> <span class='ocrx_word' id='word_1_638' title='bbox 1699 2434 1826 2463; x_wconf 85' lang='lat' dir='ltr'><strong>semper</strong></span> <span class='ocrx_word' id='word_1_639' title='bbox 1859 2425 1923 2455; x_wconf 88' lang='lat' dir='ltr'><strong>illis</strong></span> <span class='ocrx_word' id='word_1_640' title='bbox 1953 2426 2079 2466; x_wconf 87' lang='lat' dir='ltr'><strong>obrepit</strong></span> 
     </span>
     <span class='ocr_line' id='line_1_100' title="bbox 1113 2464 2078 2508; baseline 0.006 -15"><span class='ocrx_word' id='word_1_641' title='bbox 1113 2464 1296 2501; x_wconf 79' lang='lat' dir='ltr'><strong>euriositas,</strong></span> <span class='ocrx_word' id='word_1_642' title='bbox 1328 2466 1419 2496; x_wconf 80' lang='lat' dir='ltr'><strong>cuius</strong></span> <span class='ocrx_word' id='word_1_643' title='bbox 1450 2465 1617 2496; x_wconf 85' lang='lat' dir='ltr'><strong>dulcedine</strong></span> <span class='ocrx_word' id='word_1_644' title='bbox 1647 2472 1831 2505; x_wconf 84' lang='lat' dir='ltr'><strong>pascuntur.</strong></span> <span class='ocrx_word' id='word_1_645' title='bbox 1876 2468 1965 2508; x_wconf 84' lang='lat' dir='ltr'><strong>Ergo</strong></span> <span class='ocrx_word' id='word_1_646' title='bbox 1989 2469 2078 2499; x_wconf 90' lang='lat' dir='ltr'><strong>Deus</strong></span> 
     </span>
     <span class='ocr_line' id='line_1_101' title="bbox 1113 2507 2077 2550; baseline 0.006 -14"><span class='ocrx_word' id='word_1_647' title='bbox 1113 2507 1255 2537; x_wconf 74' lang='lat' dir='ltr'><strong>claustra</strong></span> <span class='ocrx_word' id='word_1_648' title='bbox 1279 2508 1395 2547; x_wconf 84' lang='lat' dir='ltr'><strong>populo</strong></span> <span class='ocrx_word' id='word_1_649' title='bbox 1418 2519 1474 2538; x_wconf 76' lang='lat' dir='ltr'><strong>suo</strong></span> <span class='ocrx_word' id='word_1_650' title='bbox 1497 2508 1683 2546; x_wconf 78' lang='lat' dir='ltr'><strong>circumdat,</strong></span> <span class='ocrx_word' id='word_1_651' title='bbox 1707 2509 1823 2548; x_wconf 85' lang='lat' dir='ltr'><strong>quibus</strong></span> <span class='ocrx_word' id='word_1_652' title='bbox 1847 2515 2015 2550; x_wconf 82' lang='lat' dir='ltr'><strong>separetur</strong></span> <span class='ocrx_word' id='word_1_653' title='bbox 2038 2512 2077 2542; x_wconf 84' lang='lat' dir='ltr'><strong>ab</strong></span> 
     </span>
     <span class='ocr_line' id='line_1_102' title="bbox 1113 2549 2078 2589; baseline 0.007 -11"><span class='ocrx_word' id='word_1_654' title='bbox 1113 2549 1200 2579; x_wconf 89' lang='lat' dir='ltr'><strong>omni</strong></span> <span class='ocrx_word' id='word_1_655' title='bbox 1225 2550 1320 2580; x_wconf 73' lang='lat' dir='ltr'><strong>nexio</strong></span> <span class='ocrx_word' id='word_1_656' title='bbox 1348 2551 1463 2581; x_wconf 84' lang='lat' dir='ltr'><strong>studio.</strong></span> <span class='ocrx_word' id='word_1_657' title='bbox 1510 2550 1596 2589; x_wconf 80' lang='lat' dir='ltr'><strong>Quin</strong></span> <span class='ocrx_word' id='word_1_658' title='bbox 1616 2552 1711 2581; x_wconf 87' lang='lat' dir='ltr'><strong>etiam</strong></span> <span class='ocrx_word' id='word_1_659' title='bbox 1738 2552 1782 2582; x_wconf 89' lang='lat' dir='ltr'><strong>ita</strong></span> <span class='ocrx_word' id='word_1_660' title='bbox 1806 2552 1877 2583; x_wconf 91' lang='lat' dir='ltr'><strong>vult</strong></span> <span class='ocrx_word' id='word_1_661' title='bbox 1901 2553 2078 2585; x_wconf 84' lang='lat' dir='ltr'><strong>abhorrere</strong></span> 
     </span>
    </p>
   </div>
   <div class='ocr_carea' id='block_1_17' title="bbox 1190 2643 1421 2676">
    <p class='ocr_par' dir='ltr' id='par_1_21' title="bbox 1190 2643 1421 2676">
     <span class='ocr_line' id='line_1_103' title="bbox 1190 2643 1421 2676; baseline 0.004 -9"><span class='ocrx_word' id='word_1_662' title='bbox 1190 2644 1218 2676; x_wconf 89' lang='lat'><strong>1)</strong></span> <span class='ocrx_word' id='word_1_663' title='bbox 1238 2643 1319 2669; x_wconf 79' lang='lat' dir='ltr'><strong>Hebr.</strong></span> <span class='ocrx_word' id='word_1_664' title='bbox 1340 2644 1379 2673; x_wconf 81' lang='lat'><strong>13,</strong></span> <span class='ocrx_word' id='word_1_665' title='bbox 1399 2644 1421 2668; x_wconf 82' lang='lat' dir='ltr'><strong>l.</strong></span> 
     </span>
    </p>
   </div>
  </div>
 </body>
</html>
