2304 3034
90 219 149 250 381

90 311 169 343 illud
196 312 416 351 proverbium,
443 315 550 351 patres
577 310 751 341 comedisse
778 321 873 341 uvam
895 311 1050 349 acerbam,

90 354 204 386 dentes
223 361 329 385 autem
350 355 485 385 filiorum
509 353 746 392 obstupescere:
768 352 938 392 respondet
952 354 1049 391 Deus,

89 398 250 428 neminem
282 408 391 428 eorum
422 396 536 435 quibus
566 395 710 425 intensus
745 399 776 425 et
810 405 942 426 severus
972 401 1050 433 erat,

88 441 266 471 immunem
287 450 356 471 esse
370 450 387 470 a
400 439 544 470 erimine:
569 437 703 476 ideoque
723 437 835 468 falsam
857 448 926 468 esse
945 439 1050 477 queri-

88 484 244 519 moniam,
273 492 372 522 quum
402 481 521 520 singuli
551 481 699 520 propriae
731 480 906 519 impietatis
929 491 1048 512 meree-

89 525 161 556 dem
184 526 373 564 reciperent.
417 523 457 553 Et
484 523 545 553 hoc
569 523 772 553 verissimum
797 526 854 560 est,
882 533 1046 562 nunquam

88 568 151 599 Dei
184 568 387 598 severitatem
424 565 565 606 grassari
599 575 699 604 usque
734 564 773 595 ad
814 565 974 596 insontes:
1018 571 1049 596 et

87 610 235 650 quamvis
259 610 421 648 obstrepat
444 608 584 638 mundus
608 608 677 638 eius
696 607 830 643 iudiciis,
855 618 982 647 semper
1001 613 1047 639 ta—

86 664 160 684 men
184 654 250 684 fore
274 652 425 683 victorem
456 650 579 690 quoties
608 650 695 681 hune
726 650 776 681 vel
801 650 890 680 illum
915 651 1046 681 damna-

86 696 179 726 verit.
223 694 291 725 Nee
314 705 390 724 vero
414 693 467 724 ubi
492 698 630 724 testatur
654 693 743 724 Deus
766 703 799 723 se
829 693 960 723 reiicere
990 704 1043 733 pa-

86 746 172 769 trum
204 737 407 776 iniquitatem
437 736 469 766 in
500 736 607 767 sinum
638 735 795 772 filiorum,
833 735 983 775 intelligit
1013 746 1047 766 se

86 781 260 812 vindictam
301 784 506 818 sumpturum
546 778 584 809 de
619 779 743 809 miseris
778 778 831 817 qni
866 778 945 808 nihil
983 778 1046 808 tale

85 823 192 854 meriti
215 822 294 852 sint:
325 822 379 852 sed
411 821 469 852 sibi
501 831 569 852 esse
593 821 625 850 in
650 831 748 851 manu
772 825 901 860 patrum
926 820 1046 851 seelera

82 865 232 905 persequi
255 865 288 895 in
312 864 385 895 filiis
408 870 439 894 et
462 863 639 903 nepotibus,
669 868 707 894 ut
730 868 836 893 tamen
862 863 894 893 hi
919 873 1045 902 quoque

83 908 168 938 iuste
191 908 384 948 puniantur:
416 907 490 946 quia
513 913 639 946 patrum
664 916 795 937 suorum
820 912 916 936 erunt
939 907 1044 936 imita-

83 956 177 981 tores.
224 950 260 981 Si
283 950 353 989 quis
376 949 524 989 excipiat,
556 948 616 979 hoc
639 949 720 979 nihil
745 959 813 979 esse
837 948 923 978 alind
948 959 1043 988 quam

82 994 198 1032 cuique
221 991 352 1031 rependi
375 991 551 1023 secundum
577 1001 674 1030 opera
697 1002 762 1026 sua,
787 990 961 1021 tenendum
987 997 1044 1028 est,

81 1036 205 1075 quoties
230 1036 319 1066 Deus
352 1035 522 1074 impiorum
548 1033 628 1064 filios
652 1039 816 1071 excaecat,
850 1033 979 1064 coniicit
1009 1034 1042 1063 in

81 1088 212 1109 sensum
236 1077 415 1116 reprobum,
439 1082 470 1107 et
493 1076 632 1116 percutit
654 1076 768 1115 spiritu
794 1077 963 1115 vertiginis
988 1081 1043 1107 aut

81 1120 230 1160 stuporis,
261 1124 295 1150 ut
324 1130 357 1150 sc
381 1119 548 1159 proiieiant
572 1118 604 1148 in
635 1118 744 1149 foedas
773 1118 981 1158 cupiditates,
1011 1124 1042 1149 et

78 1162 292 1202 praecipitent
314 1162 347 1192 in
372 1161 521 1192 ultimum
546 1161 727 1199 interitum,
765 1161 822 1191 hoe
847 1161 941 1191 modo
966 1161 1039 1192 visi-

78 1205 139 1236 tari
162 1210 291 1244 patrum
314 1204 517 1243 iniquitatem
542 1204 574 1234 in
599 1204 682 1234 filiis.
728 1203 792 1235 Ubi
821 1210 927 1234 antem
952 1214 1039 1235 acce·

78 1247 159 1278 dunt
193 1247 274 1278 aliae
308 1258 446 1286 poenae,
487 1250 637 1276 tenentur
670 1256 782 1277 omnes
815 1247 969 1283 convicti,
1004 1252 1039 1277 ut

76 1290 199 1321 frustra
221 1289 291 1321 Deo
315 1290 571 1320 obmurmurent.
617 1289 707 1320 Tune
730 1299 856 1328 quoqne
876 1289 1038 1319 nihilomi—

76 1343 138 1364 nus
161 1332 266 1373 pergit
285 1333 373 1363 Deus
389 1332 423 1362 in
446 1331 650 1371 exsequenda
672 1342 766 1371 qnam
790 1331 842 1362 hie
866 1331 1037 1362 denunciat

76 1375 235 1406 vindicta:
272 1375 346 1415 quia
374 1374 450 1405 dum
480 1385 561 1414 opus
589 1385 689 1405 unum
727 1374 865 1414 dirigere
901 1374 970 1405 vult
1004 1375 1037 1405 in

76 1418 183 1449 varios
207 1419 303 1455 fines,
334 1417 424 1447 miris
448 1422 478 1447 et
501 1416 696 1448 absconditis
720 1417 897 1447 rationibus
926 1417 1036 1448 utitur.

76 1460 185 1499 Quum
221 1460 316 1491 iussit
353 1459 487 1500 populos
526 1460 681 1490 Chanaan
719 1460 874 1497 interfici,
913 1465 1035 1491 certum

75 1509 126 1534 est
149 1503 263 1542 dignos
293 1502 392 1533 fuisse
415 1503 471 1533 tali
495 1502 652 1541 supplicio
682 1502 735 1542 qui
767 1507 842 1533 tunc
866 1502 1036 1533 vivebant:

75 1546 149 1586 quia
188 1553 297 1576 tamen
338 1545 501 1585 praedicat
534 1544 641 1582 Dens,
681 1545 822 1575 nondum
862 1545 1036 1585 completas

74 1599 143 1620 esse
167 1589 351 1628 iniquitates
376 1588 514 1625 illorum,
548 1587 622 1618 inde
646 1587 837 1627 colligimus,
861 1599 954 1627 quam
981 1598 1037 1627 per

74 1641 176 1662 annos
199 1631 452 1671 quadringentos
472 1640 606 1669 poenam
626 1629 801 1667 distulerat,
826 1637 902 1661 tunc
925 1641 1035 1671 sump-

74 1674 162 1705 sisse.
208 1673 282 1712 Qua
310 1673 434 1704 ratione
461 1673 598 1704 Iudaeos
629 1673 677 1704 sui
711 1674 864 1712 temporis
895 1674 1036 1704 affirmat

73 1716 225 1747 Christus
259 1726 330 1747 reos
363 1716 431 1746 fore
461 1716 629 1756 sanguinis
663 1716 718 1756 qui
753 1716 873 1747 effusus
903 1722 973 1747 erat
996 1716 1035 1747 ab

72 1758 155 1789 Abel
185 1770 287 1799 usque
317 1757 355 1789 ad
384 1758 573 1789 Zachariam
606 1758 708 1789 filium
734 1758 911 1789 Barachiae
941 1758 1033 1800 (Mat.

72 1801 122 1838 23,
143 1801 205 1842 35).
251 1800 345 1840 Quod
369 1802 394 1832 si
418 1801 535 1832 iudicio
559 1808 666 1832 nostro
686 1812 749 1831 non
774 1801 903 1839 arridet,
930 1802 1033 1832 Deum

72 1844 185 1884 cuique
216 1844 390 1884 rependere
421 1850 513 1883 prout
543 1844 677 1875 meritus
702 1849 765 1882 est,
794 1844 888 1875 simul
924 1849 1033 1875 tamen

72 1897 236 1926 reposcere
277 1897 295 1917 a
331 1887 405 1917 filiis
447 1892 575 1925 patrum
617 1887 753 1918 scelera:
792 1883 1061 1924 meminerimus¹

73 1929 141 1960 eius
164 1929 279 1960 iudicia
302 1929 494 1968 profundam
526 1940 595 1960 esse
627 1930 788 1970 abyssum.
839 1929 978 1969 Ideoque
1007 1931 1033 1961 si

73 1971 146 2011 quid
172 1972 261 2003 nobis
291 1972 323 2002 in
353 1972 422 2002 eius
445 1972 593 2011 operibus
616 1972 941 2012 incomprehensibile
975 1978 1032 2008 est,

73 2014 177 2044 sobrie
200 2019 230 2045 et
254 2020 441 2045 reverenter
469 2014 709 2053 suspiciendum
739 2026 817 2045 esse.
864 2014 927 2046 Sed
960 2016 1035 2055 quia

75 2055 148 2087 alibi
168 2062 309 2088 recurret
333 2057 411 2088 haec
435 2056 590 2095 doctrina⁷
622 2057 764 2088 breviter
787 2058 846 2088 1100
870 2059 936 2089 1000
962 2069 1032 2098 per-

75 2099 232 2139 stringere
267 2100 372 2130 visum
403 2108 459 2130 est.
517 2100 631 2130 Restat
666 2112 728 2131 una
760 2101 919 2140 quaestio,
958 2112 1033 2140 quo-

76 2141 166 2171 modo
195 2143 365 2173 conveniat
394 2142 473 2172 illud
506 2143 614 2179 Pauli,
646 2143 795 2182 quintum
826 2150 1033 2184 praeceptum

76 2192 143 2214 esse
174 2185 308 2223 primum
341 2196 413 2216 cum
445 2185 654 2224 promissione
684 2185 818 2226 (Ephes.
850 2187 882 2225 6,
916 2187 962 2227 2).
1002 2192 1032 2217 et

75 2223 148 2256 huic
170 2227 308 2258 secundo
338 2228 582 2267 promissionem
614 2239 682 2259 0550
713 2240 884 2260 annexam.
931 2229 1032 2260 Cuius

77 2266 189 2298 solutio
212 2269 306 2308 plana
327 2275 387 2301 est:
413 2271 486 2309 quia
506 2270 531 2300 si
552 2271 649 2311 probe
668 2271 841 2311 expendas,
866 2273 1032 2311 promissio

77 2318 170 2356 quam
194 2321 276 2342 nunc
300 2313 511 2352 explicuimus
534 2324 598 2343 non
615 2319 661 2343 est
683 2314 885 2353 peculiariter
906 2326 1032 2346 annexa

77 2361 133 2398 uni
156 2359 330 2392 praecepto,
353 2356 407 2385 sed
431 2356 489 2385 toti
512 2356 612 2395 priori
637 2357 715 2396 legis
740 2357 867 2387 tabulae
890 2368 1030 2388 eommu-

78 2404 127 2423 nis
150 2398 214 2424 est:
239 2402 332 2434 atque
354 2398 399 2427 ita
423 2402 509 2437 patet
533 2398 571 2429 ad
597 2403 699 2429 totum
726 2399 785 2430 Dei
811 2400 944 2431 cultum.
970 2401 1032 2432 Ubi

77 2439 183 2465 autem
207 2436 336 2468 dicitur:
367 2439 497 2470 Honora
527 2448 651 2481 patrem
683 2447 714 2472 et
737 2447 869 2472 matrem
900 2448 935 2473 nt
966 2443 1032 2474 dies

77 2482 148 2508 tuos
172 2488 331 2518 moroges,
354 2483 479 2521 proprie
505 2489 533 2513 et
558 2484 768 2523 singulariter
791 2485 934 2516 sancitur
965 2486 1033 2517 eius

75 2519 221 2550 mandati
244 2520 432 2554 observatio.

779 217 1031 250 SECUNDUM
1054 220 1373 256 PRAEOEPTUM.

1202 316 1447 349 EXPOSITIO
1478 317 1679 350 SECUNDI
1702 318 1969 350 PRAECEPTI.

1369 385 1432 416 EX
1462 385 1610 417 EXODI
1634 386 1800 417 XXXIV.

1189 468 1236 499 17.
1261 468 1344 500 Deos
1365 471 1529 508 conflatiles
1550 481 1609 502 non
1629 472 1727 511 facies
1748 472 1810 503 tibi.

1395 647 1459 677 EX
1493 648 1641 680 LEVIT.
1672 649 1768 681 XIX.

1184 730 1213 761 4.
1242 730 1289 761 Ne
1311 732 1437 762 vertatis
1459 743 1510 764 vos
1532 734 1573 763 ad
1595 734 1687 772 idola,
1719 745 1814 774 neque
1836 735 1906 766 deos
1928 737 2061 775 conflati-

1099 773 1143 803 les
1164 773 1289 812 faciatis
1312 774 1410 805 vobis-
1433 785 1484 815 eqo
1507 775 1619 807 Ioleova
1643 776 1731 808 Dens
1753 780 1856 808 vester.

1382 953 1445 984 EX
1470 954 1617 985 LEVIT.
1642 954 1772 986 XXVI.

1184 1036 1211 1067 1.
1238 1036 1305 1067 Non
1324 1037 1445 1076 facietis
1464 1039 1545 1069 vobis
1565 1039 1685 1073 idolum.
1708 1042 1733 1071 et
1751 1039 1905 1079 sculptile.-
1922 1043 2057 1072 statuam

1098 1088 1153 1108 non
1167 1079 1290 1118 originis
1313 1080 1404 1111 vobis.
1428 1091 1479 1112 uec
1502 1081 1633 1121 lapidem
1648 1083 1778 1121 politum
1791 1083 1912 1122 ponetis
1930 1085 2057 1115 interra

1094 1123 1210 1194 gesem,
1245 1125 1278 1194 att
1306 1133 1358 1153 vos
1388 1124 1551 1155 *ima-vetis
1573 1135 1675 1155 coram
1697 1136 1745 1156 eo:
1768 1127 1841 1165 quia
1866 1136 1917 1166 eyo
1940 1126 2056 1158 Ielcova

1129 1173 1182 1194 eus
1206 1174 1255 1194 ves
1271 1175 1312 1195 er.

1399 1334 1462 1365 EX
1494 1335 1640 1366 EXODI
1663 1335 1740 1367 XX.

1177 1419 1226 1450 22.
1259 1418 1301 1449 Et
1333 1420 1377 1450 ait
1408 1419 1516 1450 Ielzoou
1546 1421 1587 1451 ad
1616 1420 1738 1451 BIo-sen:
1775 1421 1826 1453 Sic
1859 1422 1940 1453 dices
1971 1423 2050 1462 filiis

1092 1461 1210 1493 Israel:
1248 1462 1305 1492 Vos
1335 1463 1458 1493 vidistis
1481 1464 1560 1501 qnod
1582 1474 1596 1493 e
1618 1464 1707 1494 coelis
1736 1464 1880 1503 loquutus
1908 1475 1976 1496 sum
1998 1477 2048 1497 vo—

1090 1505 1212 1535 biscum.
1250 1505 1298 1535 23.
1327 1505 1394 1535 Non
1412 1505 1532 1544 facietis·
1550 1516 1663 1537 mecum
1686 1507 1755 1537 deos
1773 1510 1933 1547 uryenteos,
1953 1518 2048 1548 neque

1089 1547 1159 1578 deos
1181 1558 1290 1578 aureos
1311 1548 1434 1587 facietis
1452 1548 1541 1579 robis.

1176 1633 1235 1663 Ex.
1249 1633 1298 1669 34,
1315 1633 1362 1663 17.
1383 1633 1467 1664 Deos
1486 1634 1662 1671 conflatiles.
1687 1634 1773 1664 Deos
1787 1634 1929 1665 vocando
1943 1635 2046 1675 sculp-

1091 1675 1168 1711 tilia,
1189 1681 1320 1710 statuas,
1342 1682 1373 1705 et.
1393 1677 1556 1716 imagines,
1577 1677 1672 1706 finem
1693 1682 1724 1707 et
1743 1688 1900 1707 summam
1914 1677 2045 1708 secundi

1089 1719 1249 1758 praecepti
1265 1718 1478 1752 demonstrat:
1503 1730 1616 1758 nempe
1636 1720 1812 1759 ignominia
1832 1720 1915 1750 affici
1930 1720 2045 1757 Deum,

1089 1761 1141 1791 ubi
1165 1771 1315 1800 corporea
1344 1762 1449 1801 effigio
1480 1762 1632 1792 induitur.
1680 1762 1780 1792 Porro
1814 1773 1853 1792 ex
1883 1763 2044 1793 communi

1089 1804 1235 1843 loquendi
1261 1814 1336 1839 usn,
1361 1810 1389 1833 01
1416 1814 1514 1843 prava
1533 1806 1678 1844 gentium
1703 1805 1866 1844 opinione7
1896 1804 1934 1835 ad
1959 1805 2045 1836 idola

1088 1847 1281 1876 transfertur
1308 1847 1365 1877 Dei
1401 1857 1530 1877 nomen:
1563 1858 1623 1877 non
1656 1847 1736 1886 quod
1770 1847 1920 1877 deitatem
1951 1855 2044 1887 puta-

1088 1889 1152 1919 rint
1178 1889 1331 1920 increduli
1356 1890 1385 1919 111
1412 1890 1543 1919 materia
1567 1890 1765 1929 corruptibili
1789 1890 1944 1921 inclusam
1966 1900 2044 1928 esse,

1088 1932 1142 1962 sed
1167 1933 1240 1971 qnia
1263 1932 1321 1962 sibi
1346 1933 1525 1971 propiorem
1546 1943 1614 1962 esse
1634 1933 1903 1972 imaginabunt-nr,
1924 1933 1949 1962 si
1969 1939 2044 1963 ante

1086 1975 1194 2005 oeulos
1228 1980 1368 2005 exstaret
1403 1982 1552 2005 terrestre
1582 1975 1708 2014 aliquod
1741 1975 1938 2014 praesentiae
1975 1977 2043 2006 eius

1086 2017 1277 2057 symbolum.
1320 2017 1389 2047 Hoc
1412 2028 1506 2047 sensu
1532 2017 1605 2047 11005
1625 2024 1779 2048 vocarunt
1800 2018 1955 2057 imagines
1974 2017 2045 2048 deo-

1087 2070 1171 2090 rnm:
1197 2061 1269 2098 qnia
1294 2070 1354 2090 non
1380 2060 1534 2099 putabant
1558 2071 1590 2090 se
1614 2060 1825 2090 conscendere
1849 2060 1886 2089 ad
1914 2060 2043 2091 deitatis

1087 2102 1290 2132 altitudinem
1326 2103 1385 2132 nisi
1415 2108 1619 2132 occurrerent
1654 2108 1781 2132 terrena
1817 2102 1894 2132 haec
1928 2102 2042 2134 media.

1088 2146 1188 2175 Porro
1213 2156 1273 2174 non
1299 2145 1428 2174 dubium
1454 2152 1499 2175 est
1525 2146 1601 2184 qnin
1626 2156 1681 2185 per
1705 2144 1924 2183 synecdochen
1948 2155 2042 2184 qnas-

1086 2188 1134 2218 vis
1147 2187 1269 2227 effigies
1283 2187 1435 2227 designet,
1456 2198 1552 2227 quum
1568 2193 1651 2218 vetat
1667 2188 1806 2218 conflare
1823 2187 1897 2217 deos
1916 2186 2041 2218 fusiles:

1085 2232 1158 2268 qnia
1180 2230 1278 2260 nihilo
1299 2231 1399 2269 magis
1423 2231 1625 2260 abominatur
1646 2231 1732 2260 Dens
1757 2230 1921 2260 metallum
1947 2240 2042 2269 qnam

1085 2274 1208 2313 liguum
1244 2273 1293 2303 vel
1319 2272 1468 2311 lapidem,
1504 2280 1558 2303 ant
1584 2273 1678 2303 aliam
1704 2274 1851 2311 quamvis
1875 2273 2042 2302 materiam

1084 2327 1123 2346 ex
1144 2327 1205 2355 qna
1228 2316 1332 2345 solent
1356 2315 1438 2345 idola
1462 2316 1625 2346 fabricari:
1650 2315 1702 2346 sed
1727 2315 1800 2354 qnia
1821 2314 1920 2354 pretio
1940 2320 1973 2344 et
1991 2325 2041 2345 ar—

1085 2359 1295 2398 tifieiomagis
1320 2358 1503 2388 accenditur
1527 2359 1659 2388 insanus
1682 2357 1918 2396 superstitionis
1938 2357 2042 2395 ardor,

1084 2401 1261 2432 conflatiles
1286 2400 1358 2431 deos
1389 2401 1569 2440 specialiter
1592 2401 1757 2430 damnavit
1782 2400 1896 2430 Moses.
1957 2399 2042 2430 1111115

1084 2444 1130 2474 rei
1161 2443 1391 2474 dubitationem
1423 2443 1503 2473 tollit
1534 2450 1667 2482 quartus
1698 2443 1784 2473 iocus
1814 2442 1866 2472 ubi
1891 2447 2042 2472 vetantur

1083 2486 1249 2516 Israelitae
1272 2487 1374 2516 fin-,ere
1398 2485 1471 2516 (10115
1500 2494 1666 2525 argenteos
1691 2485 1739 2515 vel
1765 2495 1894 2515 aureos:
1925 2495 2041 2523 nempe

1085 2530 1157 2568 quia
1188 2529 1219 2559 in
1251 2529 1487 2568 pretiosissimis
1521 2528 1696 2567 quibusque
1720 2528 1814 2558 rebus
1842 2527 1913 2567 plns
1944 2527 2037 2558 licen-

1085 2574 1148 2602 tiae
1172 2572 1230 2601 sihi
1254 2572 1422 2611 indulgent
1446 2571 1645 2608 idololatrae,
1675 2581 1809 2609 qnorum
1834 2580 1944 2600 omnes
1968 2580 2039 2599 sen-

1085 2625 1139 2644 sns
1162 2614 1200 2644 ad
1227 2624 1260 2643 se
1284 2615 1366 2653 rapit
1390 2621 1541 2643 externus
1565 2613 1725 2652 splendor.
1775 2612 1893 2642 Eodem
1917 2615 2041 2652 spectat

1085 2657 1197 2687 tertius
1222 2656 1324 2693 loeus,
1359 2656 1413 2687 nbi
1437 2667 1499 2686 non
1525 2661 1647 2685 tantum
1672 2655 1828 2695 sculptilis
1852 2656 1888 2685 fit
1911 2655 2040 2691 mentio,
