2304 3034
169 187 232 218 453

170 281 346 321 ingluviem
369 285 532 319 utcunque
555 277 657 309 sedat:
686 274 815 316 potandi
848 275 957 306 nullus
987 280 1036 305 est
1059 286 1127 305 mo-

171 324 230 355 dus
255 323 308 353 ubi
334 327 446 363 regnat
469 321 535 352 vini
558 319 724 359 cupiditas.
759 318 847 358 Ergo
872 318 938 348 vini
962 317 1127 348 abstinen-

170 367 216 397 tia
239 365 382 396 iniuncta
404 364 466 395 fuit
487 361 715 397 sacerdotibus,
747 371 811 391 non
838 360 932 390 modo
959 360 997 390 ad
1025 360 1128 390 ebrie-

170 413 270 439 tatem
300 406 490 443 cavendam,
520 404 574 435 sed
597 403 635 434 ad
660 403 908 442 temperantiam
933 403 1055 437 vict-us,
1088 413 1129 432 ne

170 452 205 482 in
236 460 293 481 sua
328 450 417 489 copia
451 447 698 478 luxuriarentur.
751 444 815 476 Sed
848 445 922 484 quia
955 445 1129 484 praecipua

170 504 245 533 pars
269 491 421 523 moderati
440 490 544 521 victus
563 494 611 519 est
629 487 793 525 sobrietas,
816 488 850 517 in
870 497 907 517 ea
926 487 1128 526 potissimum

171 535 332 566 continuit
353 534 441 565 Deus
463 542 536 563 suos
559 530 756 561 sacerdotes:
782 540 822 560 ne
846 530 936 570 vigor
961 530 1078 560 mentis
1097 535 1128 559 ct

171 577 282 609 iudicii
301 575 454 607 rectitudo
474 580 503 604 et
516 573 684 613 integritas
696 577 774 612 potu
794 572 1008 603 hebetaretur.
1033 572 1127 603 Unde

171 624 303 660 apparet
331 623 450 658 quanta
479 616 520 647 sit
542 615 581 646 ad
605 625 716 645 omnes
739 615 937 654 corruptelas
961 615 1126 645 hominum
1153 651 1154 654 Ἴ

171 661 349 703 propensio.
374 660 462 690 Inter
485 659 637 689 alimenta
659 657 908 688 saluberrimum
928 662 975 688 est
994 658 1126 687 vinum:

171 705 258 744 atqui
290 702 388 733 nimia
421 702 488 732 eius
520 700 775 740 ingurgitatione
809 700 903 730 multi
939 700 1022 730 vires
1053 710 1127 730 suas

171 750 333 782 enervant,
358 750 495 775 mentem
520 743 692 779 suffocant,
720 748 751 773 et
782 742 846 773 fere
870 742 1128 782 obstupefaciunt

171 799 280 820 omnes
302 798 413 818 sensus
435 791 470 817 ut
492 786 616 816 iaceant
638 785 758 825 ignavi.
785 785 849 815 Alii
873 786 968 815 etiam
993 784 1128 825 degene-

171 837 244 862 rant
265 831 297 860 in
319 829 440 860 foedam
463 832 494 858 et
517 828 689 858 belluinam
711 828 896 865 socordiam,
920 827 970 858 vel
991 828 1023 857 in
1044 828 1128 857 furo-

172 884 237 904 rem
258 877 404 913 aguntur.
429 871 479 901 Ita
497 870 665 901 oblectatio
679 880 758 910 quae
771 871 856 909 ipsos
870 870 908 900 ad
923 871 1043 910 gratias
1059 871 1127 900 Deo

172 916 309 956 agendas
342 914 473 945 incitare
507 912 670 949 debuerat,
703 913 742 943 ob
776 913 926 944 vitiosum
958 923 1126 943 excessum

171 959 316 998 eripitur:
341 967 402 987 non
426 956 494 987 5100
518 955 641 995 probro,
666 956 740 995 quia
760 956 820 986 Dei
840 955 1002 987 beneficiis
1021 954 1127 986 mode—

168 1005 236 1031 rate
259 999 319 1030 frui
342 999 496 1030 nesciunt.

168 1044 279 1073 vinum
303 1041 516 1072 sacerdotibus
539 1041 746 1079 interdicere,
776 1051 873 1080 quum
904 1041 1030 1071 vicibus
1060 1041 1127 1071 suis

166 1086 348 1125 fungentur,
376 1089 412 1114 ut
435 1083 618 1114 discernant
641 1084 726 1114 inter
750 1084 908 1114 mundum
933 1091 963 1114 et
987 1084 1126 1113 immun-

167 1127 251 1163 dum,
275 1131 305 1157 et
328 1127 397 1157 sani
420 1127 486 1157 sint
509 1136 544 1157 ac
568 1127 684 1157 sinceri
708 1126 789 1166 legis
813 1127 1014 1166 interpretes.
1056 1126 1128 1156 Hac

166 1168 291 1209 quidem
310 1170 432 1200 ratione
452 1174 517 1199 tota
531 1169 597 1200 vita
616 1169 749 1200 decebat
768 1180 836 1199 esse
849 1169 1032 1205 abstemios,
1053 1169 1127 1208 quia

165 1211 311 1251 magistri
324 1211 362 1242 ad
376 1211 528 1251 populum
543 1212 720 1243 docendum
741 1222 868 1251 semper
887 1212 1016 1242 fuerunt
1035 1221 1127 1251 prae-

165 1254 249 1285 fecti.
274 1253 338 1285 Sed
362 1265 400 1285 ne
426 1254 614 1285 immodicus
639 1254 725 1294 rigor
745 1254 889 1285 taedium
909 1255 1067 1294 gigneret,
1092 1258 1128 1284 ut

165 1297 271 1327 minus
294 1301 402 1327 essent
425 1297 464 1327 ad
488 1297 567 1327 alias
590 1297 686 1327 officii
711 1303 817 1336 partes
842 1297 1026 1331 voluntarii,
1047 1297 1126 1327 satis

165 1338 277 1370 habuit
299 1339 387 1370 Deus
410 1339 482 1370 illos
506 1340 675 1379 temporali
699 1340 898 1370 abstinentia
922 1350 1061 1376 monere,
1093 1343 1128 1369 ut

166 1382 199 1412 in
222 1381 379 1421 reliquum
403 1387 527 1422 tempus
550 1382 715 1413 sobrietati
739 1382 916 1413 studerent.
964 1381 1018 1413 Sic
1041 1382 1127 1413 enim

167 1423 349 1455 habendum
384 1430 451 1461 est,
488 1425 590 1456 nullos
625 1436 693 1455 esse
730 1425 860 1456 idoncos
892 1425 1038 1456 doctores
1073 1426 1126 1464 qui

166 1467 316 1506 crapulae
345 1467 444 1497 dediti
477 1474 568 1504 sunt,
603 1478 682 1507 quae
713 1470 828 1499 mentis
853 1468 1025 1498 sanitatem
1057 1478 1126 1498 cor-

168 1510 295 1549 rumpit,
315 1514 346 1540 et
368 1510 473 1541 obruit
493 1511 645 1550 vigorem.
682 1511 810 1541 Puerile
830 1511 957 1550 quidem
978 1515 1027 1541 est
1046 1509 1127 1540 illud

167 1551 317 1583 cavillum
351 1552 558 1593 Hieronymi:
605 1553 741 1593 Pinguis
776 1558 891 1584 venter
925 1564 988 1584 nou
1022 1553 1128 1594 gignit

168 1605 294 1625 sensum
317 1600 461 1626 tenuem:
497 1596 571 1635 quia
602 1596 696 1626 multi
720 1597 926 1636 reperiuntur
948 1595 1127 1627 succulenti

169 1636 312 1668 homines
334 1643 445 1678 vegeto
468 1643 500 1669 et
523 1639 620 1670 alacri
643 1640 790 1678 ingenio,
823 1643 853 1669 et
884 1639 1001 1670 macies
1032 1649 1128 1678 saepe
1153 1669 1155 1680 ,

1154 1681 1155 1687 ¹
1180 1683 1248 1713 beri
1283 1682 1479 1718 sacerdotes,

169 1690 208 1710 ex
228 1680 363 1720 largiore
387 1686 462 1720 potu
486 1682 698 1712 contrahitur.
738 1681 803 1712 Sed
828 1682 881 1721 qui
904 1692 1020 1721 corpus
1044 1682 1127 1721 sagi-

169 1727 256 1761 nant,
275 1733 435 1763 nunquam
449 1724 548 1754 animi
562 1724 704 1764 agilitate
718 1723 885 1764 pollebunt
897 1724 936 1754 ad
950 1734 1127 1764 exsequen-

169 1764 243 1795 dum
267 1765 398 1796 docendi
421 1777 546 1797 munus.
594 1766 768 1797 Caeterum
792 1767 975 1807 colligimus
1004 1777 1044 1797 ex
1069 1767 1128 1797 hoc

167 1806 234 1838 loco
263 1808 344 1847 quod
375 1809 449 1840 dicit
477 1809 655 1841 Malachias
678 1809 720 1850 (2,
752 1809 793 1851 7),
818 1809 999 1840 sacerdotes
1029 1810 1128 1840 fuisse

168 1849 247 1890 legis
269 1851 474 1890 interpretes,
505 1857 537 1882 et
566 1853 701 1883 nuncios
725 1852 786 1883 Dei
811 1852 1031 1887 exercituum,
1063 1863 1127 1883 non

167 1897 273 1923 autem
294 1899 399 1925 mutas
421 1894 536 1925 larvas.
561 1895 704 1926 Tametsi
731 1896 817 1926 enim
838 1895 958 1934 scripta
978 1895 1030 1925 lex
1050 1900 1128 1933 erat,

167 1934 268 1965 voluit
291 1940 396 1967 tamen
421 1936 508 1968 Deus
532 1948 659 1977 semper
682 1938 789 1968 vivam
815 1948 926 1969 vocem
957 1948 1071 1968 sonare
1095 1939 1127 1968 in

166 1987 224 2007 sua
251 1978 397 2017 ecelesia,
426 1979 693 2019 quemadmodum
726 1980 820 2011 hodie
851 1981 1030 2020 scripturae
1053 1991 1127 2011 con-

166 2019 273 2051 iuncta
296 2027 344 2052 est
366 2022 568 2062 praedicatio,
593 2024 682 2063 quasi
709 2023 878 2054 individuo
902 2034 999 2054 nexu.

460 2192 524 2223 EX
547 2194 696 2224 LEVIT.
721 2193 817 2224 XXI.

196 2315 201 2320 .
251 2274 278 2305 7.
304 2275 463 2307 Mulierem
491 2279 675 2309 meretricem
707 2282 759 2309 aut
778 2279 946 2317 profanam
969 2288 1028 2309 non
1049 2279 1125 2310 acci-

164 2318 261 2362 pient,
288 2327 382 2357 neque
410 2320 567 2352 mulierem
594 2321 792 2360 repudiatam
823 2332 842 2351 a
873 2322 938 2352 viro
968 2332 1024 2351 51ιο
1048 2322 1125 2352 acci-

163 2360 264 2396 pient.-
286 2361 360 2407 qaia
381 2365 504 2393 sanctus
526 2366 569 2394 est
591 2363 656 2395 Deo
678 2374 742 2395 suo.
787 2364 815 2395 8.
847 2364 890 2394 Et
919 2364 1126 2403 sanctificabis

169 2409 245 2438 eum,
267 2411 340 2440 quia
357 2413 469 2442 panem
481 2405 542 2436 Dei
564 2407 609 2437 tui
627 2407 721 2445 offert,
745 2409 870 2438 sanctas
887 2406 945 2437 erit
963 2406 1027 2445 tibi,
1050 2407 1126 2446 qaia

166 2444 290 2473 sanctus
311 2453 379 2475 sam
399 2456 448 2486 eyo
471 2447 580 2479 Iehova
602 2450 801 2488 sanctificans
822 2460 881 2480 vos·

849 181 1101 213 SECUNDUM
1130 182 1446 216 PRAEOEPTUM.

542 997 722 1029 Confirmat
745 1004 855 1038 postea
879 999 976 1033 Deus,
1001 1009 1035 1029 se
1057 997 1127 1028 ideo
1152 1038 1154 1045 ,

2078 188 2143 220 454

1384 279 1445 310 DE
1466 278 1630 311 SUMMO
1655 279 1939 312 SAOERDOTE.

1438 338 1502 369 EX
1526 338 1689 370 EODEM
1713 339 1890 371 CAPITE.

1268 430 1316 460 13.
1351 430 1424 470 Ipse
1457 442 1583 462 uxorem
1616 433 1650 462 in
1689 433 1867 472 viryinitate
1908 444 1967 464 sua
2007 435 2142 472 accipiet.

1182 472 1230 502 14.
1262 472 1397 504 Viduam
1419 477 1445 505 et
1473 475 1686 513 repudiatam,
1710 478 1737 505 et
1754 476 1931 513 profanam,
1956 479 1982 506 et
2004 477 2142 507 meretri-

1180 524 1249 552 cem,
1279 515 1352 546 ‘illas
1382 527 1441 547 ozon
1470 518 1609 556 accipiet,
1632 517 1685 548 scd
1714 518 1866 557 virqinem
1894 528 1909 548 c
1926 519 2053 557 populis
2075 520 2143 550 sais

1180 557 1306 595 accipiet
1328 568 1462 589 uxorem.
1500 560 1546 590 15.
1574 560 1679 599 Neque
1700 560 1917 590 contaminabit
1938 571 2142 592 semensuum

1179 600 1214 629 in
1231 600 1358 638 populis
1380 602 1464 632 sais:
1486 603 1561 640 qaia
1583 613 1634 642 eya
1658 602 1772 633 lelcova
1794 602 1993 641 sanctificans
2014 614 2092 635 eum.

1438 779 1500 809 EX
1523 779 1685 810 EODEM
1709 780 1885 811 GAPITE.

1265 872 1293 902 9.
1320 871 1407 903 Filia
1436 872 1568 903 hominis
1596 874 1763 904 sacerdotis
1785 873 1813 903 si
1834 873 1960 912 coeperit
1980 874 2141 912 fornicari,

1176 916 1299 954 patrem
1322 924 1414 945 suam
1437 916 1629 952 contaminat,
1654 916 1718 955 igyni
1740 916 1938 947 comburetur.

1266 1000 1292 1030 7.
1319 999 1483 1030 Miliarem
1506 1001 1700 1030 meretricem.
1725 1000 1835 1030 Tertia
1851 1000 1973 1040 species
1992 1001 2142 1040 puritatis

1179 1047 1227 1073 est
1250 1042 1282 1072 iu
1307 1042 1374 1081 ipso
1398 1042 1555 1081 coniugio,
1584 1047 1619 1072 ut
1643 1047 1729 1073 easta
1749 1044 1791 1073 sit
1816 1042 1991 1074 sacerdotis
2018 1042 2142 1081 domus,

1179 1091 1211 1116 et
1234 1085 1388 1115 immunis
1412 1085 1451 1115 ab
1475 1085 1562 1115 omni
1587 1085 1746 1116 dedecore.
1782 1085 1887 1115 Hodie
1910 1096 2034 1125 quoque
2056 1086 2143 1117 Deus

1180 1138 1236 1167 per
1259 1138 1292 1158 os
1318 1127 1411 1157 Pauli
1434 1127 1522 1157 iubet
1543 1128 1617 1167 eligi
1642 1133 1795 1167 pastores,
1819 1128 1871 1167 qui
1896 1127 1976 1158 bene
1999 1129 2144 1167 praesint

1179 1170 1248 1201 suis
1267 1170 1406 1207 familiis,
1430 1170 1546 1209 quibus
1568 1169 1700 1209 pudicae
1721 1171 1785 1201 sint
1799 1180 1916 1201 uxores
1929 1176 1961 1200 et
1979 1170 2144 1202 modestae

1180 1221 1211 1243 et
1244 1212 1336 1243 liberi
1371 1212 1450 1243 bene
1485 1213 1599 1243 morati
1630 1212 1671 1253 (l.
1703 1213 1785 1243 Tim.
1810 1212 1846 1250 3,
1877 1213 1904 1243 2.
1951 1213 2012 1244 Tit.
2039 1213 2073 1250 l,
2104 1214 2146 1255 6).

1180 1254 1302 1286 Eadem
1324 1255 1425 1285 valuit
1438 1254 1495 1285 sub
1510 1255 1578 1295 lege
1603 1256 1697 1286 rat-io:
1724 1267 1761 1286 ne
1781 1255 1820 1286 ob
1840 1255 1957 1294 probra
1969 1255 2146 1288 domestica

1182 1298 1261 1329 viles
1285 1302 1317 1328 et
1336 1297 1450 1328 abiecti
1475 1304 1578 1328 essent
1603 1298 1756 1337 praefecti
1779 1298 1939 1329 ecclesiae.
1987 1297 2051 1329 Sed
2075 1309 2143 1330 ma-

1181 1342 1269 1371 xime
1294 1341 1434 1380 respexit
1459 1340 1548 1371 Deus
1571 1340 1609 1370 ad
1634 1341 1756 1371 Christi
1780 1340 2004 1378 sacerdotium,
2029 1352 2069 1371 ne
2088 1352 2144 1372 ex-

1181 1383 1322 1423 positum
1343 1387 1427 1413 esset
1449 1384 1659 1423 contemptui.
1705 1383 1872 1413 Feminam
1906 1393 1923 1413 a
1947 1383 2019 1414 viro
2049 1394 2144 1423 repu-

1181 1426 1299 1456 diatam
1331 1425 1447 1456 ducere
1477 1425 1609 1465 impune
1637 1425 1765 1465 quidem
1796 1425 1925 1463 licebat,
1957 1426 2012 1456 sed
2036 1437 2143 1458 coram

1180 1469 1251 1499 Deo
1275 1468 1422 1499 illicitum
1446 1474 1515 1498 erat
1534 1469 1596 1499 tale
1619 1469 1815 1508 coniugium.
1864 1467 2052 1508 Stupratam
2085 1469 2143 1500 du-

1181 1522 1251 1542 cere
1275 1512 1418 1551 privatos
1442 1511 1588 1541 homines
1611 1511 1700 1541 nulla
1724 1511 1804 1541 ratio
1829 1512 1944 1541 vetuit:
1975 1511 2030 1542 sed
2059 1512 2145 1551 quod

1182 1555 1278 1594 vulgo
1313 1554 1504 1593 permissum
1534 1558 1617 1589 erat,
1653 1554 1687 1583 in
1723 1553 1940 1584 sacerdotibus
1975 1553 2145 1585 damnavit

1182 1598 1279 1633 Deus,
1311 1602 1345 1627 ut
1368 1607 1421 1627 eos
1444 1597 1600 1627 eximeret
1623 1596 1662 1626 ab
1685 1596 1772 1626 omni
1796 1596 1945 1626 infamiae
1969 1601 2053 1627 nota.
2099 1597 2144 1628 Et

1181 1639 1260 1670 hacc
1283 1640 1379 1670 ctiam
1404 1649 1499 1670 causa
1522 1639 1730 1678 exprimitur,
1760 1638 1813 1669 ubi
1837 1639 1907 1668 vult
1929 1643 2056 1670 sanctos
2085 1639 2143 1670 ha-

1522 1683 1595 1721 quia
1635 1682 1720 1720 ipsos
1758 1681 1818 1712 51111
1853 1681 2015 1721 delegerit.
2071 1682 2142 1713 Nisi

1180 1726 1266 1756 0111111
1290 1730 1462 1756 veneratus
1486 1725 1599 1756 fuisset
1619 1725 1704 1764 ipsos
1723 1724 1868 1763 populus,
1892 1724 2143 1763 contemptibilis

1181 1773 1248 1798 tota
1278 1768 1391 1807 religio
1420 1768 1544 1797 fuisset.
1590 1767 1677 1806 Ergo
1708 1772 1741 1797 ut
1771 1767 1916 1806 dignitas*
1942 1767 2020 1805 ipsis
2053 1767 2144 1798 salva

1181 1816 1326 1847 maneat,
1360 1810 1529 1850 diligenter
1559 1809 1738 1840 cavendum
1763 1820 1831 1840 esse
1854 1809 2020 1848 praecipit,
2045 1820 2086 1840 nc
2109 1820 2143 1840 se

1181 1854 1218 1884 ad
1242 1853 1452 1893 ignominiam
1476 1854 1680 1892 prostituant.
1720 1852 1818 1882 Porro
1841 1862 1902 1891 quo
1926 1851 2041 1883 melius
2061 1862 2145 1883 com-

1181 1896 1309 1926 mendet
1333 1896 1413 1926 sacri
1437 1896 1532 1926 officii
1557 1895 1782 1927 reverentiam,
1806 1894 1956 1924 admonet
1976 1894 2016 1924 ad
2042 1895 2142 1926 totius

1181 1939 1291 1979 populi
1316 1938 1453 1969 salutem
1477 1944 1637 1977 spectare:
1661 1938 1740 1976 Ego,
1761 1938 1872 1976 inquit,
1893 1947 1963 1967 sum
1987 1937 2073 1968 Deus
2087 1938 2142 1977 qui

1181 1992 1237 2013 vos
1261 1982 1432 2012 sanctifico.
1478 1981 1539 2011 His
1563 1985 1667 2010 autem
1693 1980 1797 2010 verbis
1821 1980 1981 2019 significat
2004 1980 2142 2019 gratiam

1181 2024 1372 2063 adoptionis,
1397 2034 1458 2063 qua
1481 2023 1589 2053 selecti
1613 2027 1705 2053 erant
1727 2023 1760 2052 in
1785 2023 1952 2062 peculium,
1982 2022 2014 2052 in
2038 2032 2143 2053 sacer-

1180 2067 1266 2098 dotio
1290 2066 1457 2097 fundatam
1481 2076 1560 2096 esse.

1266 2109 1314 2140 13.
1336 2109 1409 2147 Ipse
1426 2118 1560 2138 ararem.
1582 2107 1659 2138 Plus
1678 2118 1695 2137 a
1715 2118 1839 2137 summo
1859 2107 2023 2138 sacerdote
2042 2108 2143 2148 exigi-

1180 2156 1248 2187 tur,
1279 2163 1319 2182 ne
1349 2152 1469 2182 scilicet
1498 2150 1627 2181 viduam
1652 2149 1747 2181 ducat
1780 2150 1826 2180 vel
1854 2150 1948 2179 aliam
1976 2160 2072 2189 quam
2100 2161 2141 2181 ex

1179 2194 1264 2225 tribu
1286 2205 1353 2225 sua.
1396 2194 1587 2233 Quanquam
1608 2192 1645 2223 dc
1668 2193 1842 2232 posteriore
1865 2192 2010 2223 membro
2033 2198 2142 2232 posset

1179 2238 1300 2267 moveri
1323 2237 1473 2276 quaestio,
1497 2246 1537 2266 an
1563 2235 1715 2275 restringi
1738 2235 1852 2265 debeat
1875 2245 1991 2265 nomen
2016 2235 2141 2275 plurale

1179 2279 1218 2310 ad
1242 2279 1361 2310 tribum
1386 2289 1494 2314 unam,
1529 2289 1627 2317 quum
1651 2278 1726 2308 alibi
1749 2277 1786 2308 de
1811 2277 1959 2308 omnibus
1983 2283 2139 2310 sumatur.

1179 2323 1303 2353 Verum
1326 2323 1351 2352 si
1387 2321 1516 2361 propius
1548 2320 1772 2360 expendimus:
1803 2325 1926 2350 certum
1958 2325 2007 2351 est
2041 2331 2141 2360 popu-

1178 2365 1224 2395 los
1249 2364 1437 2395 tantundem
1463 2363 1569 2393 valere
1591 2373 1627 2393 ac
1650 2363 1827 2402 populares.
1874 2362 1937 2393 Hic
1959 2373 2036 2394 vero
2058 2364 2140 2394 nihil

1178 2407 1342 2447 singulare
1371 2417 1389 2436 0
1417 2405 1581 2437 sacerdote
1604 2406 1768 2444 exigetur,
1799 2406 1824 2436 si
1848 2409 1977 2436 tantum
2001 2416 2042 2436 ex
2066 2406 2140 2437 filiis

1178 2450 1329 2481 Abrahae
1358 2460 1439 2479 uxor
1469 2448 1624 2479 sumenda
1648 2449 1697 2478 sit.
1744 2448 1864 2478 Fateor
1886 2448 2014 2487 quidem
2038 2459 2139 2479 sacer-

1179 2493 1268 2523 dotes
1282 2492 1424 2532 primarii
1438 2491 1560 2521 ordinis
1574 2501 1611 2520 ex
1632 2490 1749 2530 populo
1770 2491 1901 2521 duxisse
1913 2502 2031 2521 uxores
2046 2492 2139 2523 sicuti

1178 2535 1345 2566 Elizabeth
1377 2545 1414 2565 ex
1447 2534 1532 2563 tribu
1556 2533 1638 2563 Iuda
1662 2534 1797 2563 oriunda
1820 2533 1996 2564 Zachariae
2020 2535 2138 2573 nupsit.

1179 2578 1244 2609 sod
1269 2578 1343 2617 quia
1366 2577 1416 2607 hie
1440 2577 1478 2606 ab
1503 2576 1572 2606 aliis
1596 2575 1744 2606 omnibus
1759 2575 1968 2615 distinguitur
1993 2587 2140 2607 summus

1179 2620 1342 2657 sacerdos,
1381 2619 1486 2650 nescio
1517 2629 1557 2648 an
1582 2619 1752 2649 conveniat
1782 2619 1885 2659 legem
1917 2619 1955 2649 de
1986 2630 2022 2650 eo
2052 2620 2139 2655 ferri,

1885 2669 1933 2694 29*
