2304 3034
62 199 125 231 629

372 287 435 320 EX
458 285 589 317 DEUT.
613 283 709 315 XXI.

147 375 198 407 22.
225 375 325 414 Quum
345 372 439 412 fuerit
460 371 492 401 in
515 369 618 408 aliquo
635 370 792 408 peccatam
815 368 856 399 ad
874 368 1024 398 iudicium

62 418 178 455 mortis,
201 420 227 448 et
250 414 477 455 interficiendus
494 412 598 451 fuerit,
622 413 648 442 et
666 411 864 449 suspenderis
883 410 973 440 illurn
990 411 1025 440 in

61 461 159 501 liyno:
196 460 246 491 23.
272 458 344 490 Non
359 455 548 496 pernoctabit
569 454 700 485 cadaver
718 454 785 484 eius
803 453 836 484 in
859 453 949 492 Ziyno,
971 452 1024 483 sed

61 503 230 543 sepeliendo
253 500 378 541 sepelies
398 498 497 530 eodem
519 496 581 527 dic:
603 496 678 535 quia
700 495 872 526 maledictio
895 497 940 526 est
961 494 1023 525 Dei

62 546 117 586 qut
149 544 362 584 suspenditur,
394 543 422 572 et
452 549 511 570 non
544 538 766 570 contaminabis
794 541 909 569 terram
937 540 1023 568 tuam

61 598 156 628 quam
178 587 291 619 Iehova
312 584 399 616 Deus
421 586 493 614 tuns
515 581 570 613 dat
592 581 647 612 tibi
666 582 699 612 in
721 580 946 612 haereditatem.

146 672 238 704 Finis
262 670 357 700 huius
380 667 541 707 praecepti
565 670 612 697 est
635 665 864 697 truculentiam
888 669 919 696 et
949 665 1022 696 bar-

61 716 181 748 bariem
206 722 312 745 arcere
336 710 374 741 ab
398 710 498 740 electo
522 708 654 749 populo,
685 708 762 738 dum
787 708 901 739 horror
923 708 1020 738 etiam

62 759 165 790 iustae
187 755 290 788 caedis
312 753 478 784 incutitur.
518 752 561 782 Et
579 755 665 783 certe
684 752 776 782 triste
801 751 1019 790 spectaculum

61 805 111 832 est
121 811 157 831 ac
169 799 317 833 deforme,
330 795 467 827 cadaver
485 794 626 825 hominis
645 794 677 824 in
697 803 791 825 cruce
811 802 1020 833 suspensum:

62 842 225 883 sepultura
247 839 331 871 enim
350 838 494 868 humano
513 836 624 877 generi
641 835 800 867 destinata
819 841 876 873 est,
901 840 968 866 tam
988 837 1020 866 in

61 882 300 917 resurrectionis
323 881 441 921 pignus
465 889 501 911 ac
524 879 719 918 symbolum,
742 889 837 918 quam
861 884 897 909 ut
919 878 1020 909 oculis

61 928 209 961 vivorum
236 928 400 964 parcatur,
430 933 470 954 ne
503 933 536 953 se
566 922 612 953 rei
645 926 709 952 tam
745 921 855 952 foedae
888 926 1021 961 aspectu

61 969 289 1003 contaminent.
333 965 408 997 Non
438 966 506 1006 agit
535 964 587 995 hic
610 964 717 995 Moses
747 963 786 994 de
816 963 1020 1004 quibuslibet,

61 1012 116 1045 sed
139 1011 176 1042 de
198 1008 360 1041 sceleratis
385 1008 439 1048 qui
469 1007 594 1047 indigni
618 1012 693 1038 sunt
717 1006 854 1046 sepulcri
884 1006 1019 1037 honore:

61 1055 117 1087 sed
146 1053 272 1094 publica
301 1051 424 1082 utilitas
452 1054 616 1090 spectatur
647 1050 680 1080 in
710 1049 788 1089 ipsis
816 1049 1019 1089 sepeliendis,

59 1108 101 1129 ne
123 1096 268 1128 homines
292 1093 332 1125 ad
355 1094 516 1125 feritatem
540 1093 731 1129 assuefiant,
763 1097 858 1131 atque
882 1092 925 1122 ita
948 1091 1020 1122 red-

60 1140 176 1171 dantur
199 1137 409 1178 promptiores
439 1135 478 1167 ad
510 1135 691 1166 homicidia.
737 1134 838 1165 Porro
863 1145 925 1174 quo
950 1134 1020 1164 dili-

58 1182 185 1224 gentius
218 1180 251 1211 in
279 1179 340 1210 hac
369 1184 459 1219 parte
483 1178 543 1209 sibi
578 1182 730 1214 caveant,
766 1182 884 1208 terram
920 1176 1020 1217 pollui

58 1224 230 1256 denunciat
252 1222 280 1254 si
302 1221 440 1254 cadaver
463 1222 497 1251 in
524 1231 617 1252 cruce
647 1230 838 1260 suspensum
870 1219 1020 1259 relinqui-

57 1272 125 1298 tur:
156 1276 270 1305 nempe
300 1265 375 1305 quia
403 1264 476 1295 talis
506 1263 692 1294 immanitas
721 1271 841 1293 terram
866 1262 1020 1293 dedecore

57 1309 171 1342 foedat.
217 1308 255 1339 Id
285 1312 393 1339 autem
423 1307 531 1337 minus
561 1306 620 1336 fuit
642 1305 808 1336 tolerabile
832 1305 864 1335 iu
889 1304 1018 1341 Iudaea,

58 1363 154 1393 quam
179 1351 268 1382 Deus
292 1349 525 1381 haereditatem
550 1348 682 1379 dederat
705 1348 805 1379 electo
828 1348 961 1388 populo,
985 1352 1020 1378 ut

58 1399 166 1426 sancte
189 1398 222 1424 et
244 1398 330 1424 caste
353 1392 427 1429 illic,
451 1392 572 1423 reiecta
594 1391 680 1421 omni
704 1391 945 1431 profanatione,
968 1400 1019 1421 oo-

57 1437 187 1469 leretur.
233 1434 416 1467 Maledictio
447 1439 554 1465 autem
578 1434 639 1464 Dei
670 1439 803 1465 vocatur
831 1443 1018 1472 suspensus,

58 1480 131 1520 quia
161 1490 263 1520 genus
291 1478 398 1518 ipsum
427 1477 577 1517 supplicii
606 1487 662 1516 per
692 1487 726 1507 se
749 1475 938 1506 detestabile
961 1482 1018 1507 est.

57 1522 132 1554 Non
168 1526 259 1553 vetat
292 1520 420 1561 quidem
454 1521 543 1551 Deus
577 1519 720 1559 crucifigi
755 1519 807 1549 vel
840 1518 881 1549 ad
914 1519 1019 1549 furcas

58 1564 210 1605 suspendi
233 1563 417 1600 sceleratos,
447 1562 525 1603 quin
549 1562 656 1602 potius
679 1561 761 1592 hane
785 1571 920 1600 poenam
944 1561 1020 1592 sub-

58 1608 229 1648 scriptione
252 1617 309 1637 sua
338 1605 467 1645 probat,
498 1610 623 1636 tantum
655 1614 712 1635 suo
742 1604 889 1643 exemplo
913 1603 1020 1634 Israe-

57 1650 131 1682 litas
164 1650 330 1685 hortatur,
365 1654 401 1679 ut
429 1648 468 1679 ab
499 1648 584 1678 omni
615 1647 783 1677 atrocitate
814 1646 1019 1677 abhorreant.

58 1692 218 1732 Quamvis
241 1701 317 1731 ergo
330 1701 465 1731 poenam
490 1700 552 1720 uon
576 1689 745 1729 improbet,
768 1699 802 1719 se
822 1695 929 1720 tamen
949 1689 1022 1720 abo-

57 1735 175 1767 minari
198 1734 276 1766 dicit
298 1734 332 1764 in
356 1734 443 1774 ligno
467 1742 656 1772 suspensos,
686 1737 723 1763 ut
751 1732 858 1762 statim
891 1731 1021 1762 tollatur

58 1778 210 1810 offensio:
233 1787 335 1817 neque
359 1777 444 1807 enim
469 1774 654 1806 maledictos
678 1779 780 1811 vocat,
804 1784 840 1805 ac
859 1774 886 1805 si
910 1774 1021 1813 despe-

57 1825 127 1852 rata
149 1825 233 1851 esset
256 1829 366 1850 eorum
390 1819 490 1855 salus,
514 1817 568 1849 sed
591 1818 666 1857 quia
689 1817 923 1848 maledictionis
946 1822 1022 1847 nota

58 1867 106 1895 est
125 1863 301 1903 suspensio.
336 1861 434 1892 Hunc
454 1871 528 1891 vero
546 1861 653 1892 locum
666 1860 790 1891 Paulus
810 1859 896 1900 (Gal.
917 1860 946 1896 3,
969 1859 1022 1900 13)

59 1905 98 1936 ad
120 1905 288 1937 Christum
310 1903 544 1941 accommodat,
568 1908 605 1934 ut
628 1903 739 1934 doceat
762 1913 818 1942 pro
842 1902 933 1933 nobis
956 1902 1020 1932 fac-

59 1952 128 1979 tum
145 1959 214 1980 esse
236 1948 392 1987 κάθαρμα,
415 1956 478 1986 quo
502 1956 560 1977 nos
578 1956 596 1976 a
615 1945 696 1986 legis
715 1945 938 1976 maledictione
961 1945 1021 1976 sol-

59 1996 158 2022 veret.
202 1990 286 2021 Nam
317 2000 415 2029 quum
442 1999 554 2019 omnes
584 1989 630 2019 rei
653 1988 720 2019 sint
744 1988 1020 2028 transgressionis,

60 2037 154 2073 atque
180 2033 225 2064 ita
252 2032 477 2063 maledictione
500 2031 692 2071 implicitum
716 2031 758 2061 sit
782 2035 883 2061 totum
907 2031 1021 2061 huma—

60 2086 137 2106 num
159 2085 276 2116 genus:
299 2085 362 2106 non
386 2075 449 2105 alia
471 2074 533 2104 fuit
556 2074 755 2105 liberationis
778 2074 860 2104 ratio
879 2084 973 2113 quam
993 2073 1020 2104 si

61 2127 94 2148 se
122 2118 272 2149 Christus
303 2118 336 2148 in
370 2117 474 2149 locum
508 2121 654 2147 nostrum
689 2116 906 2147 substitueret.
953 2115 1021 2146 Nec

61 2170 135 2191 vero
158 2171 234 2192 suae
263 2161 441 2192 sententiae
470 2159 587 2190 oblitus
610 2164 679 2189 erat
703 2158 793 2190 Deus
817 2158 893 2189 dum
917 2159 1019 2189 filium

62 2212 154 2233 suum
177 2203 381 2243 unigenitum
404 2212 516 2242 passus
539 2207 587 2232 est
609 2201 763 2241 crucifigi.
799 2201 894 2232 Unde
917 2202 1021 2241 sequi-

62 2249 124 2282 tur,
148 2245 232 2277 vices
255 2250 381 2277 nostras
404 2245 494 2275 illum
518 2245 643 2282 obiisse,
667 2248 703 2274 ut
721 2254 739 2274 a
759 2244 828 2274 Deo
852 2244 1020 2275 benedica-

61 2296 151 2317 mur:
190 2289 281 2320 sicuti
309 2299 365 2328 pro
393 2287 485 2319 nobis
516 2286 618 2318 sactus
648 2291 696 2317 est
726 2291 892 2326 peccatum
921 2292 956 2317 ut
985 2287 1018 2317 in

62 2338 99 2360 eo
122 2329 219 2362 simus
240 2330 301 2361 Dei
322 2331 444 2362 iustitia
466 2329 508 2371 (2.
533 2330 605 2361 Cor.
630 2329 658 2367 5,
683 2328 745 2370 19).

363 2500 426 2530 EX
445 2499 576 2531 DEUT.
600 2499 712 2530 XXV.

152 2582 177 2612 1.
203 2580 240 2612 Si
260 2582 353 2621 fuerit
373 2584 413 2615 lis
434 2585 512 2615 inter
541 2584 676 2623 aliquos,
708 2587 734 2615 et
766 2585 946 2616 accesserint
975 2585 1018 2616 ad

64 2625 222 2662 *heticium
239 2627 265 2655 et
282 2625 484 2658 iudicaverint
504 2637 565 2658 eos:
583 2627 874 2666 iustificavcrintque
891 2628 1015 2666 iustum,

784 190 973 222 SEXTUM
995 189 1314 222 PRAECEPTUM.

1982 190 2044 221 630

1077 285 1104 313 et
1126 283 1258 322 impium
1279 284 1557 315 condemnaverint:
1602 283 1629 313 2.
1663 282 1699 313 Si
1727 282 1850 322 quidem
1872 283 2043 314 caedendus

1074 326 1173 365 fucrit
1194 326 1325 366 impius,
1357 329 1428 357 tnnc
1454 328 1628 365 prosternet
1650 335 1718 355 cum
1741 326 1844 361 index,
1869 328 1895 356 et
1918 326 2042 357 caedere

1076 368 1187 399 iubebit
1210 369 1298 399 illum
1319 379 1422 400 coram
1452 378 1483 399 se
1504 368 1670 399 secundnm
1694 368 1888 406 iniquitatem
1911 369 1977 399 eius
2000 369 2043 399 ad

1075 421 1244 442 numerum.
1280 412 1308 442 3.
1336 411 1549 450 Qnadrayz'nta
1565 410 1669 450 playc's
1686 411 1809 441 caedere
1822 410 1931 441 iubebit
1943 411 2041 448 illum,

1075 463 1135 483 non
1158 454 1264 484 addet:
1286 464 1323 485 ne
1343 454 1421 492 forte
1442 454 1471 484 si
1490 453 1587 484 addat
1604 453 1728 484 caedere
1746 463 1815 483 eum
1833 454 1916 484 ultra
1933 453 2040 493 playt's

1074 496 1189 532 maltis,
1212 496 1337 528 vilescat
1357 497 1456 535 frater
1478 499 1549 527 tuus
1571 497 1605 526 in
1627 495 1724 526 oculis
1746 496 1817 526 tuis.

1160 580 1247 620 Quia
1275 582 1326 613 hic
1355 582 1551 621 praecipitur
1580 581 1758 611 moderatio
1789 584 1820 611 et
1842 579 2040 618 humanitas,

1075 624 1237 662 appendix
1260 630 1307 655 cst
1337 625 1420 655 sexti
1451 624 1604 655 mandati.
1651 625 1787 654 Summa
1817 627 1880 659 est,
1911 623 1937 653 si
1969 623 2039 662 quis

1076 667 1262 698 verberibus
1290 666 1471 697 caedendus
1502 667 1543 697 sit
1572 666 1606 696 in
1635 666 1768 702 iudicio,
1799 676 1839 696 ne
1869 665 2040 705 castigatio

1075 709 1203 739 modum
1227 709 1367 740 excedat.
1405 709 1525 749 Agitur
1543 714 1650 739 autem
1669 709 1707 739 de
1727 719 1829 748 poena
1852 718 1934 747 quae
1954 707 2039 747 apud

1074 751 1307 783 iureconsultos
1329 757 1460 782 vocatur
1479 751 1603 782 modica
1623 752 1794 782 correctio:
1814 760 1909 790 quam
1930 750 2036 780 moile-

1074 798 1178 824 ratam
1202 805 1269 826 esse
1293 794 1463 831 convenit,
1498 805 1537 824 ne
1560 794 1696 834 flagellis
1720 794 1895 825 laceratum
1918 803 2036 832 corpus

1074 836 1227 868 reddatur
1250 836 1400 867 mutilum
1429 836 1480 867 vel
1503 836 1655 867 deforme.
1702 836 1812 875 Quum
1837 846 1912 875 crgo
1932 836 2034 865 sonti-

1074 879 1131 909 bus
1155 890 1293 919 eousque
1316 880 1509 919 pepercerit,
1534 886 1569 909 nt
1592 880 1752 909 fraenaret
1774 879 1892 909 iustam
1916 878 2036 909 severi-

1073 926 1180 958 tatem,
1207 922 1310 953 multo
1334 921 1437 961 magis
1461 922 1619 952 rationem
1644 922 1756 952 haberi
1779 922 1880 952 voluit
1903 921 2036 960 sangui-

1074 965 1123 994 nis
1155 965 1296 995 innoxii:
1328 970 1359 994 et
1389 975 1488 1004 quum
1520 964 1641 995 iudices
1670 964 1870 1004 prohibuerit
1894 974 1912 994 a
1936 964 2036 994 nimio

1072 1007 1187 1047 rigore,
1212 1007 1316 1037 multo
1339 1007 1447 1037 minus
1471 1006 1636 1037 toleranda
1659 1008 1720 1037 erit
1743 1007 1951 1046 intemperies
1975 1007 2038 1046 pri-

1074 1050 1137 1080 vati
1162 1050 1301 1080 hominis
1324 1050 1350 1080 si
1376 1050 1441 1080 vim
1466 1049 1558 1079 fratri
1581 1060 1639 1080 suo
1670 1049 1795 1080 inferat.
1842 1050 1896 1080 Sic
1927 1054 2037 1079 autem

1072 1092 1269 1123 cohibendus
1297 1092 1356 1123 fuit
1387 1092 1510 1128 fervor,
1540 1092 1614 1131 quia
1644 1102 1739 1131 saepe
1770 1092 1892 1122 iudices
1915 1092 2035 1130 alioqui

1074 1146 1134 1165 non
1159 1136 1244 1171 mali,
1269 1136 1302 1165 in
1326 1134 1442 1165 delicta
1466 1145 1530 1164 non
1554 1145 1645 1165 secus
1668 1141 1763 1174 atque
1787 1135 1818 1164 in
1839 1134 1960 1165 scelera
1979 1145 2035 1164 ex-

1072 1177 1276 1209 candescunt.
1291 1177 1445 1217 Aequalis
1459 1176 1599 1216 [quidem
1615 1180 1691 1214 non]
1711 1178 1898 1217 praefigitur
1911 1177 2035 1213 modus,

1074 1223 1119 1258 [ut
1139 1221 1260 1260 pariter
1278 1230 1390 1251 omnes
1410 1220 1637 1250 verberentur:
1662 1224 1789 1250 tantum
1809 1219 2036 1256 interdicitur]‚

1072 1274 1112 1293 nc
1128 1263 1178 1300 [ad
1192 1265 1366 1299 summum]
1381 1273 1439 1302 pro
1452 1261 1567 1292 delicto
1587 1262 1674 1292 ultra
1693 1262 1805 1302 plagas
1824 1262 2036 1302 quadraginta

1073 1305 1193 1337 iudices
1216 1306 1363 1345 infligere
1386 1306 1527 1336 iubeant.
1569 1305 1620 1335 Ita
1643 1305 1763 1335 sensim
1788 1304 1949 1336 verberati
1973 1306 2037 1335 fue-

1074 1354 1148 1379 runt
1176 1354 1300 1385 sontes,
1334 1358 1397 1378 non
1429 1353 1538 1378 autem
1572 1348 1788 1385 tumultuose,
1825 1358 1921 1387 quum
1953 1347 2035 1378 ictus

1073 1401 1243 1421 numerare
1269 1401 1399 1421 necesse
1423 1396 1516 1427 esset,
1541 1390 1656 1421 deinde
1679 1391 1714 1420 in
1739 1391 1881 1421 futurum
1906 1394 2035 1429 tempus

1074 1444 1137 1464 non
1160 1434 1206 1464 ita
1229 1434 1316 1471 laesi,
1339 1434 1417 1472 quin
1441 1432 1590 1464 omnibus
1614 1433 1767 1463 membris
1790 1433 1926 1472 integris
1950 1433 2037 1472 vige-

1074 1483 1153 1507 rent.
1199 1476 1272 1507 Huc
1296 1476 1438 1515 pertinet
1461 1475 1544 1515 quod
1576 1475 1696 1506 iudices
1721 1476 1810 1506 Deus
1840 1480 2037 1515 spectatores

1073 1519 1247 1555 constituit,
1272 1519 1326 1558 qui
1350 1529 1408 1549 sua
1430 1519 1591 1559 gravitate
1610 1528 1738 1548 omnem
1764 1529 1931 1549 excessum
1956 1522 2037 1548 tem—

1074 1566 1196 1601 perent.
1242 1561 1339 1592 Ratio
1370 1561 1555 1599 adducitur,
1588 1572 1629 1591 ne
1659 1561 1789 1592 vilescat
1820 1561 1933 1597 frater,
1962 1560 2036 1600 quia

1074 1604 1158 1635 ultra
1181 1603 1312 1635 modum
1336 1614 1507 1643 percussus
1526 1604 1631 1634 fuerit.
1668 1603 1762 1642 Quod
1786 1603 1908 1634 duobus
1933 1603 2036 1633 modis

1073 1647 1191 1686 exponi
1216 1653 1336 1686 potest:
1361 1646 1410 1677 Ne
1433 1646 1664 1677 dehonestetur
1682 1657 1798 1686 corpus
1818 1646 2034 1685 stigmatibus,

1074 1696 1105 1720 et
1128 1690 1173 1720 ita
1197 1689 1350 1720 reddatur
1374 1688 1533 1720 deforme:
1559 1689 1627 1726 vel,
1651 1689 1700 1720 Ne
1724 1690 1902 1729 ignominia
1925 1694 1956 1718 et
1980 1688 2033 1718 dc—

1074 1732 1186 1763 dccore
1206 1733 1237 1762 in
1263 1737 1453 1771 perpetuum
1478 1737 1608 1763 notatus
1627 1732 1770 1762 animum
1790 1731 1924 1762 deiiciat.
1967 1731 2037 1761 Sci-

1074 1786 1145 1805 mus
1180 1776 1264 1805 enim
1300 1785 1396 1814 quam
1431 1775 1541 1814 gravis
1574 1775 1616 1805 sit
1649 1781 1680 1805 et
1714 1774 1828 1806 acerba
1859 1773 2035 1804 insultandi

1074 1818 1260 1857 petulantia.
1306 1817 1436 1848 Tertius
1459 1828 1573 1848 sensus
1603 1828 1697 1857 quem
1727 1818 1865 1847 afferunt
1895 1816 2034 1856 quidam,

1075 1861 1171 1891 nimis
1200 1865 1341 1890 remotus
1372 1865 1435 1890 est:
1467 1860 1516 1890 Ne
1549 1861 1706 1890 moriatur
1737 1866 1888 1898 tanquam
1922 1859 1982 1889 vilc
2004 1863 2035 1889 et

1074 1904 1232 1933 abiectum
1253 1902 1387 1933 animal:
1408 1907 1535 1933 tantum
1556 1904 1640 1933 enim
1660 1903 1797 1934 consulit
1812 1903 1897 1932 Deus
1918 1902 2034 1931 misero

1074 1946 1198 1977 homini
1222 1951 1257 1975 ut
1279 1946 1456 1985 castigatus
1480 1946 1536 1976 fiat
1560 1946 1680 1982 melior,
1705 1957 1768 1975 non
1788 1951 1896 1975 autem
1916 1944 2033 1975 callum

1073 2000 1112 2019 ex
1136 1988 1270 2018 infamia
1293 1988 1474 2018 contrahat.
1519 1988 1621 2019 Porro
1653 1993 1687 2019 ut
1718 1999 1843 2027 sempor
1868 1987 1977 2017 ludaei
2002 1987 2034 2017 in

1074 2031 1168 2062 rebus
1192 2031 1326 2061 minutis
1350 2030 1479 2070 pietatis
1503 2031 1646 2061 studium
1670 2034 1880 2065 ostentarunt,
1906 2029 2034 2069 excogi-

1074 2080 1140 2105 tata
1159 2074 1197 2104 ab
1217 2074 1295 2113 ipsis
1315 2074 1375 2103 fuit
1394 2073 1526 2113 puerilis
1545 2074 1659 2109 cautio,
1684 2084 1744 2113 quo
1764 2073 1905 2116 sanctius
1931 2073 2033 2112 legem

1074 2117 1156 2147 hanc
1179 2116 1399 2147 observarent.
1446 2116 1572 2156 Religio
1602 2117 1686 2147 enim
1716 2116 1779 2146 illis
1810 2116 1869 2145 suit
1892 2114 1932 2145 ad
1956 2125 2034 2154 qua-

1073 2159 1290 2199 dragesimum
1315 2169 1416 2198 usque
1439 2159 1539 2189 ictum
1573 2159 1738 2199 progredi,
1772 2158 1825 2189 sed
1855 2168 1955 2187 unum
1981 2157 2034 2188 de-

1074 2201 1249 2237 trahendo,
1273 2203 1401 2231 inanem
1425 2201 1615 2232 clementiae
1639 2201 1764 2232 laudem
1789 2205 1974 2240 captarunt,
1999 2210 2035 2231 ac

1073 2245 1099 2276 si
1124 2244 1195 2284 plus
1218 2250 1369 2283 saperent
1392 2244 1459 2283 ipso
1482 2243 1567 2281 Deo,
1599 2244 1647 2274 vel
1681 2254 1753 2274 eum
1785 2242 2033 2273 mansuetudine

1074 2288 1248 2318 vincerent.
1294 2287 1341 2317 Eo
1364 2297 1491 2326 semper
1513 2288 1673 2317 amentiae
1697 2286 1852 2317 labuntur
1878 2285 2033 2322 homines,

1074 2331 1150 2360 dum
1173 2340 1213 2360 ex
1237 2340 1294 2359 suo
1317 2328 1447 2360 cerebro
1470 2329 1668 2360 comminisci
1692 2329 1811 2359 audent
1831 2327 1914 2367 quod
1935 2328 2033 2358 verbo

1074 2373 1134 2403 Dei
1169 2376 1341 2411 opponant.
1398 2372 1488 2403 Haec
1522 2373 1707 2411 superstitio
1748 2372 1811 2401 iam
1851 2370 2035 2401 invaluerat

1074 2415 1166 2445 Pauli
1189 2421 1340 2453 tempore,
1366 2418 1399 2444 ut
1423 2426 1461 2444 ex
1486 2415 1553 2445 eius
1578 2415 1682 2445 verbis
1706 2413 1877 2452 colligitur,
1906 2413 1958 2443 ubi
1983 2423 2033 2443 re-

1073 2458 1135 2489 fert
1152 2468 1185 2489 se
1205 2457 1376 2496 quinquies
1395 2457 1609 2496 quadraginta
1630 2457 1730 2497 plagis
1750 2456 1846 2486 fuisse
1870 2456 2033 2492 affectum,

1072 2512 1137 2531 uua
1162 2500 1267 2530 minus
1291 2500 1332 2540 (2.
1349 2500 1431 2530 ·Cor.
1458 2500 1506 2537 ll,
1530 2499 1593 2540 24).

1780 2675 1829 2701 40*
