2304 3034
117 221 178 253 441

116 314 253 354 filioram
276 314 379 345 Israel
402 315 433 345 in
455 312 647 345 tabernaculo
668 312 889 347 conventionis,
913 313 940 341 et
961 310 1083 349 expient

116 357 199 396 filios
222 356 342 388 Israel.-
370 367 464 396 neque
492 356 534 387 sit
560 355 594 385 in
618 354 696 393 filiis
724 353 827 385 Israel
844 353 958 393 playa,
987 362 1081 392 qaam

116 399 181 438 ipsi
202 399 518 439 appropinquaverint
539 396 727 428 sanctuario.

372 568 436 599 EX
458 566 622 599 EODEM
646 566 822 598 CAPITE.

200 653 250 684 23.
279 653 439 692 Loqaatns
468 654 513 683 est
539 654 640 683 autern
663 651 778 683 Ieliova
809 652 850 682 ad
872 651 998 687 Mosen,
1029 651 1077 682 di-

114 696 221 728 cendo:
254 696 303 726 24.
327 695 394 727 Hoc
421 704 539 734 qaoque
561 697 605 726 est
626 695 706 734 qaod
728 694 769 725 ad
791 694 918 725 Levitas
934 694 1078 733 pertinet,

115 748 135 769 a
164 739 306 769 vicesimo
335 739 440 777 quinto
470 747 551 768 anno
581 740 607 768 et
634 747 733 775 supra
762 737 973 777 ingredientur
995 737 1077 767 mili-

113 783 178 812 tare
195 781 341 812 militiam
360 781 394 811 in
416 780 498 811 calta
520 779 711 811 tabernaculi
733 780 945 810 conventionis.
981 779 1031 810 25.
1045 779 1076 810 A

112 823 364 863 quinquayesz'mo
383 826 483 854 autem
502 832 582 853 anno
599 824 767 853 revertetur
788 832 808 853 a
829 822 946 852 militia
967 821 1075 859 cultas,

112 876 166 896 nee
194 865 383 896 ministrabit
412 865 512 896 altra:
545 865 594 895 26.
620 864 681 896 Sed
709 864 901 895 ministrabit
922 874 989 895 eum
1010 864 1078 903 fra-

112 908 211 939 tribus
245 908 314 939 suis
350 909 383 938 in
417 908 609 938 tabernaculo
639 908 862 944 conventionis,
895 910 929 937 ut
951 917 1077 937 manere

110 961 167 982 suo
196 950 244 981 illi.
272 950 446 990 fungantur
467 953 494 981 et
515 950 723 981 ministeriam
745 960 805 980 non
828 949 1076 980 administrabit:

109 993 155 1025 sic
175 993 272 1032 facies
294 993 330 1024 de
352 993 474 1024 Levitis
496 993 529 1024 in
551 993 699 1024 custodiis
721 1003 834 1023 eorum.

195 1078 224 1109 5.
249 1078 410 1117 Loquutus
439 1081 483 1110 est
506 1080 677 1117 praeterea.
724 1077 917 1117 Quanquam
949 1078 1076 1109 Levitis

110 1121 331 1152 sanctuarium
355 1121 481 1161 ingredi
504 1130 568 1151 non
593 1120 723 1158 licebat,
751 1120 807 1151 sed
830 1125 959 1151 tantum
983 1120 1077 1151 mini-

110 1163 170 1195 stri
199 1168 294 1194 erant
324 1164 544 1200 sacerdotum,
575 1168 607 1193 et
636 1163 703 1194 fere
733 1163 773 1193 ad
802 1163 939 1194 serviles
962 1173 1075 1203 operas

110 1205 245 1237 addicti:
275 1207 349 1245 quia
379 1211 487 1237 tamen
518 1206 739 1237 sanctuarium
771 1216 844 1236 cum
866 1206 965 1237 sacris
989 1207 1075 1237 vasis

110 1248 294 1289 gestabant,
326 1248 480 1288 parabant
506 1248 665 1285 victimas,
698 1248 855 1279 tollebant
877 1249 1018 1285 cineres,
1043 1254 1075 1280 et

109 1291 172 1322 alia
194 1296 407 1331 purgamenta
430 1302 471 1322 ex
493 1291 605 1328 altari,
636 1302 688 1322 eos
712 1301 838 1331 quoque
861 1291 985 1322 solenni
1010 1292 1073 1322 ritu

109 1334 171 1365 sibi
201 1334 383 1365 consecrari
414 1333 504 1365 Deus
533 1333 646 1365 voluit.
692 1334 777 1364 Nam
805 1334 889 1365 sicut
919 1340 1004 1365 totus
1027 1334 1075 1364 Is-

108 1376 176 1408 rael
205 1381 354 1416 respectu
385 1377 529 1417 gentium
553 1377 725 1416 peculiaris
748 1381 816 1407 erat
840 1377 977 1416 populus
1001 1376 1074 1413 Dei,

108 1419 155 1450 sic
183 1418 296 1450 domus
320 1419 403 1450 Levi
431 1430 472 1450 ex
495 1419 565 1458 ipso
589 1420 706 1459 populo
729 1420 762 1449 in
786 1420 948 1458 peculium
972 1419 1074 1451 electa

108 1462 178 1497 fuit,
198 1461 467 1501 quemadmodum
487 1462 538 1493 hic
557 1462 684 1494 dicitur.
719 1462 843 1493 Verum
863 1473 903 1493 ne
921 1462 982 1493 sibi
1002 1463 1073 1502 plus

108 1509 298 1544 arrogarent
317 1515 413 1544 quam
432 1504 480 1536 fas
500 1509 593 1543 esset,
616 1515 727 1537 eorum
746 1505 938 1536 insolentiae
961 1516 1071 1537 occur-

108 1547 151 1577 rit
163 1546 253 1578 Deus
272 1547 376 1587 primo
394 1558 493 1587 quum
513 1547 640 1579 distulit
663 1558 773 1579 eorum
797 1548 1072 1579 consecrationem

108 1590 142 1620 in
173 1589 260 1620 aliud
291 1595 418 1629 tempus
448 1590 563 1621 deinde
593 1601 692 1630 quum
714 1590 819 1621 voluit
842 1602 906 1621 non
931 1602 949 1622 a
971 1591 1071 1628 Mose,

109 1632 163 1663 sed
188 1632 227 1663 ab
239 1632 374 1663 Aharon
396 1633 528 1671 initiari,
553 1633 649 1664 tertio
671 1644 770 1673 quum
785 1633 947 1664 diversam
964 1644 1071 1665 caere-

108 1675 249 1706 moniam
279 1675 430 1706 instituit.
475 1675 558 1706 Nam
582 1677 608 1707 si
632 1676 744 1707 eodem
768 1681 912 1715 tempore
937 1677 1073 1708 fuissent

107 1717 236 1754 initiati,
260 1717 319 1749 hoc
338 1723 508 1757 praetextu
527 1719 610 1749 forte
629 1729 701 1750 cum
723 1719 801 1758 ipsis
820 1719 859 1749 de
879 1719 1072 1759 aequalitate

107 1765 295 1791 certassent.
338 1761 425 1801 Ergo
448 1761 668 1792 sacerdotibus
692 1772 710 1792 a
734 1761 831 1802 vulgo
854 1762 917 1792 iam
941 1773 1071 1802 exemp-

107 1802 158 1840 tis,
181 1807 217 1833 ut
241 1813 352 1834 eorum
376 1814 495 1835 munus
518 1805 667 1835 venerari
692 1804 826 1841 discant,
850 1810 986 1835 manent
1009 1806 1071 1845 ipsi

109 1844 212 1876 adhuc
234 1845 362 1885 privati.
404 1846 532 1877 Deinde
554 1847 629 1886 quia
651 1847 677 1878 si
701 1847 915 1879 communiter
937 1848 1073 1879 fuissent

109 1887 205 1919 oblati
228 1898 246 1918 a
269 1888 380 1926 Mose,
408 1889 587 1928 periculum
610 1896 679 1920 erat
702 1900 743 1920 ne
766 1896 880 1921 contra
903 1890 982 1921 alios
1005 1901 1072 1921 om-

109 1940 167 1962 nes
200 1931 371 1970 superbius
405 1941 439 1963 se
479 1932 646 1963 efferrent:
687 1943 798 1963 eorum
839 1934 1072 1964 consecrationi

109 1973 294 2012 praeficitur
317 1974 463 2011 Aharon,
489 1985 551 2014 quo
573 1986 607 2006 se
630 1975 718 2006 illius
741 1976 907 2006 autoritati
930 1976 1073 2008 modeste

110 2015 290 2047 subiiciant.
334 2016 405 2047 Iam
428 2017 502 2057 quia
521 2022 646 2048 tantum
670 2028 753 2058 aqua
778 2022 808 2048 et
829 2019 984 2050 sacrificio
1006 2019 1072 2050 lus-

110 2058 187 2088 trati
222 2058 372 2096 fuerunt,
408 2059 497 2090 nulla
533 2065 641 2091 autem
678 2060 824 2092 adhibita
857 2061 920 2092 fuit
953 2062 1072 2100 unctio,

113 2099 281 2132 discrimen
308 2102 343 2132 in
366 2102 432 2133 ritu
454 2109 590 2134 externo
613 2113 668 2134 eos
691 2102 874 2142 admonuit,
904 2115 968 2135 non
993 2114 1072 2142 eunâ€”

114 2141 184 2173 dem
207 2154 274 2174 esse
296 2144 347 2175 vel
370 2155 481 2185 parem
505 2145 634 2177 honoris
652 2145 804 2186 gradum.

196 2185 224 2216 6.
250 2185 330 2225 Cape
353 2187 478 2218 Levitas
499 2198 514 2218 e
535 2189 642 2219 medio.
677 2188 801 2228 Capere
824 2199 842 2220 e
864 2189 969 2221 medio
992 2190 1072 2221 filio-

115 2236 186 2257 rum
195 2227 295 2259 Israel
309 2230 498 2261 tantundem
514 2231 600 2262 valet
617 2235 712 2271 atque
731 2231 873 2263 eximere
891 2243 908 2263 e
927 2243 1071 2270 numero,

116 2278 156 2299 ne
184 2271 314 2301 veniant
341 2272 375 2303 in
404 2283 607 2305 communem
636 2284 785 2312 censum,
815 2285 851 2306 ac
881 2280 1073 2315 reputentur

117 2319 181 2340 una
202 2311 311 2344 tribus.
345 2314 435 2346 Haec
458 2316 558 2356 igitur
581 2317 741 2356 separatio
763 2316 813 2358 (ut
836 2317 954 2349 clarius
976 2318 1073 2358 paulo

116 2355 388 2400 post-exprimet),
400 2358 536 2390 Levitas
548 2358 618 2390 Deo
637 2358 762 2390 addixit
780 2360 813 2390 in
837 2360 960 2391 cultum
979 2371 1072 2392 sanc-

117 2399 222 2442 tuarli.
257 2395 349 2435 Quod
367 2405 473 2431 autem
494 2401 553 2432 hoc
572 2407 741 2441 praetextu
760 2402 998 2434 immunitatem
1012 2403 1072 2435 sibi

117 2437 266 2485 vendicat
287 2439 389 2472 clerus
411 2443 542 2483 papalis,
566 2450 602 2475 ut
626 2444 751 2484 legibus
774 2445 896 2477 solutus
920 2456 977 2486 pro
1000 2445 1072 2477 libi-

118 2478 192 2509 dffle
214 2485 316 2518 VlVssss,
338 2493 400 2514 non
423 2486 569 2524 putidum
599 2487 708 2524 modo,
738 2487 794 2518 sed
823 2488 914 2528 impii
943 2488 1073 2520 ludibrii

117 2521 320 2569 plenum-est
340 2526 500 2559 cavillum.
534 2529 618 2560 Nam
642 2540 739 2569 quum
764 2530 797 2561 in
822 2530 953 2562 Christo
974 2532 1073 2563 finem

118 2568 276 2603 acceperit
298 2570 389 2612 yetus
411 2569 637 2609 sacerdotium,
661 2574 819 2604 successio
841 2584 938 2613 quam
961 2574 1073 2605 obten-

119 2605 208 2653 dunt,
234 2606 397 2654 Christum
421 2620 477 2642 suo
498 2612 566 2644 iure
588 2615 713 2654 spoliat,
737 2625 773 2647 ac
792 2617 819 2646 si
838 2627 904 2647 non
928 2616 1074 2648 exhibita

118 2658 153 2678 in
182 2658 218 2678 eo
246 2648 359 2680 fuisset
390 2651 484 2690 plena
516 2657 643 2688 veritas.
695 2657 868 2689 Caeterum
896 2659 1024 2699 quando
1055 2670 1074 2690 a

808 217 1062 250 SECUNDUM
1083 217 1403 251 PRAECEPTUM.

2030 223 2094 253 442

1133 311 1200 342 solo
1222 323 1325 352 papae
1347 314 1487 352 primatu
1511 314 1694 354 dependent
1723 315 1830 346 omnia
1858 325 1968 346 eorum
1992 316 2093 355 privi-

1132 353 1231 393 legia,
1261 355 1289 386 si
1319 360 1389 387 rata
1411 357 1534 387 censeri
1565 357 1690 394 volunt,
1720 357 1858 397 probent
1886 362 1962 389 ante
1984 358 2094 389 omnia

1132 401 1272 435 oportet,
1307 408 1421 438 papam
1445 399 1507 429 Dei
1536 400 1624 430 iussu
1647 400 1707 431 toti
1731 400 1882 431 ecclesiae
1904 405 2001 440 caput
2023 411 2093 432 esse

1131 438 1327 478 impositum,
1347 440 1487 480 adeoque
1507 442 1630 473 Christi
1647 453 1717 474 esse
1736 452 1964 474 successorem.
1999 442 2095 482 Quod

1132 480 1171 511 ad
1196 482 1328 513 Aharon
1352 488 1488 523 spectatâ·
1512 485 1588 524 quia
1612 485 1759 516 minister
1779 486 1840 516 fuit
1871 486 2092 525 cooptationis,

1131 523 1190 554 hoc
1220 524 1313 555 modo
1345 526 1526 564 praefectus
1556 528 1631 564 fuit,
1663 532 1699 558 ut
1721 528 1855 559 Levitas
1878 539 1935 559 suo
1959 528 2092 559 arbitrio

1130 571 1265 606 regeret.
1301 567 1430 598 Interea
1448 569 1493 600 sic
1516 570 1732 601 ministerium
1756 571 1936 611 iniungitur
1958 571 2095 610 homini,

1131 615 1166 638 ut
1188 610 1366 648 gratuitum
1390 611 1450 642 Dei
1474 612 1709 652 beneplacitum
1734 623 1799 643 non
1823 613 1980 644 obscuret.

1216 652 1243 683 7.
1280 652 1332 683 Sic
1370 656 1471 684 autem
1508 655 1606 693 facies
1644 656 1718 687 illis.
1775 656 1922 687 Primum
1964 657 2093 688 iubetur

1131 693 1263 724 Aharon
1297 705 1393 734 super
1426 706 1479 726 eos
1512 708 1663 737 spargere
1696 709 1812 738 aquam
1846 699 2092 738 purificationis,

1129 746 1211 774 quae
1235 747 1288 767 eos
1317 737 1450 768 mundet
1472 749 1490 769 a
1513 740 1676 771 sordibus:
1708 752 1810 781 neque
1841 742 1871 772 id
1895 741 2007 779 modoâ·
2036 742 2092 773 sed

1129 778 1283 809 iubentur
1296 779 1404 811 lavare
1425 786 1527 813 vestes
1546 793 1630 821 suas,
1650 788 1685 814 ut
1698 783 1869 825 diligenter
1881 784 1941 815 sibi
1954 789 2093 816 caveant

1129 821 1335 853 circumcirca
1358 822 1397 853 ab
1420 825 1506 854 omni
1530 824 1615 862 labe,
1643 825 1728 856 unde
1751 827 1790 857 ad
1813 827 1901 866 ipsos
1924 827 2092 866 perveniat

1128 865 1284 904 contagio.
1335 865 1443 896 Tertio
1471 866 1623 898 iubentur
1653 869 1813 900 novacula
1841 869 1955 900 radere
1983 875 2091 901 cutem

1129 916 1229 943 suam,
1250 912 1285 937 ut
1304 918 1399 938 carne
1412 919 1469 939 sua
1481 910 1569 939 exuti
1583 911 1737 950 incipiant
1753 911 1827 942 novi
1847 922 1915 943 esse
1934 912 2090 944 homines.

1129 948 1272 979 Additur
1301 955 1411 989 postea
1439 952 1644 987 sacrificium,
1680 954 1775 994 idque
1804 954 1938 994 duplex,
1968 954 2008 985 ad
2037 966 2091 986 eos

1129 992 1315 1030 expiandos.
1362 992 1435 1031 Qua
1465 995 1588 1025 ratione
1618 996 1714 1026 etiam
1743 1008 1898 1028 manuum
1928 998 2091 1037 impositio

1128 1034 1192 1064 illis
1218 1035 1399 1066 mandatur.
1452 1036 1514 1067 His
1544 1039 1680 1076 peractis
1709 1039 1844 1070 Aharon
1872 1049 1930 1079 pro
1959 1041 2029 1071 iure
2059 1045 2090 1071 et

1128 1076 1251 1107 honore
1273 1078 1440 1109 sacerdotii
1466 1079 1595 1110 iubetur
1618 1081 1689 1112 illos
1712 1082 1836 1118 offerre,
1860 1093 1926 1113 non
1944 1093 2035 1114 secus
2054 1093 2090 1115 ac

1128 1130 1256 1150 sacrum
1280 1130 1394 1159 panem
1428 1122 1477 1151 vel
1510 1123 1662 1154 suffitum.
1708 1124 1799 1156 Finis
1830 1130 1936 1155 autem
1971 1126 2033 1156 fuit
2055 1130 2092 1156 ut

1127 1168 1339 1201 agnoscerent
1362 1174 1395 1194 se
1419 1174 1480 1194 non
1505 1165 1642 1204 amplius
1665 1177 1734 1197 esse
1757 1168 1806 1198 sui
1829 1167 1917 1205 iuris,
1942 1168 1997 1198 sed
2019 1169 2091 1199 Deo

1127 1204 1248 1242 addici,
1279 1210 1314 1236 ut
1343 1206 1382 1236 ad
1405 1207 1525 1237 cultum
1550 1210 1723 1240 sanctuarii
1753 1220 1883 1249 operam
1914 1220 2006 1241 suam
2030 1211 2089 1241 im-

1128 1247 1315 1286 penderent.
1361 1248 1455 1287 Quod
1479 1254 1585 1281 autem
1615 1252 1709 1282 simul
1738 1253 1835 1293 aliqui
1859 1264 1876 1283 e
1899 1253 2015 1292 populo
2038 1253 2089 1284 iu-

1128 1290 1246 1321 bentur
1279 1302 1394 1322 manus
1428 1293 1606 1332 imponere,
1646 1294 1704 1325 hoc
1738 1296 1773 1325 fit
1802 1296 1835 1326 in
1867 1296 2089 1326 testimonium

1127 1333 1345 1365 alienationis:
1368 1345 1404 1365 ac
1423 1335 1449 1366 si
1468 1345 1578 1367 omnes
1591 1336 1693 1367 tribus
1706 1337 1765 1369 bac
1778 1339 1979 1370 caeremonia
1990 1343 2089 1370 testa-

1127 1379 1195 1406 tum
1218 1376 1376 1413 facerent,
1399 1388 1457 1408 suo
1479 1388 1635 1410 consensu
1658 1380 1794 1411 Levitas
1817 1381 1954 1411 transire
1977 1381 2011 1412 in
2033 1391 2088 1421 pe-

1127 1418 1247 1449 culium
1271 1419 1342 1456 Dei,
1366 1425 1402 1450 ut
1425 1425 1532 1451 essent
1554 1422 1644 1461 quasi
1667 1433 1741 1461 pars
1764 1423 1814 1454 vel
1838 1423 1976 1454 accessio
2000 1434 2090 1455 sanc-

1127 1462 1233 1492 tuarii.
1279 1461 1436 1493 Solebant
1459 1464 1543 1493 enim
1573 1465 1691 1504 privati
1725 1467 1867 1497 homines
1897 1465 1946 1506 (ut
1979 1471 2089 1506 postea

1127 1503 1322 1546 videbimus)
1345 1506 1411 1537 suis
1435 1507 1575 1537 victimis
1598 1517 1712 1539 manus
1734 1509 1913 1548 imponere:
1944 1508 2000 1539 sed
2024 1520 2087 1540 non

1126 1547 1238 1577 eadem
1262 1549 1386 1579 ratione
1408 1560 1470 1588 qua
1493 1549 1682 1581 sacerdotes.

1213 1590 1260 1620 16.
1289 1592 1370 1629 (gaia
1391 1592 1465 1627 dati,
1489 1592 1564 1623 dati.
1600 1592 1648 1623 Nc
1671 1597 1847 1632 querantur
1869 1594 1949 1625 aliae
1972 1594 2085 1632 tribus,

1125 1642 1241 1671 corpus
1259 1634 1367 1673 populi
1387 1634 1543 1670 imminui,
1563 1636 1754 1675 pronunciat
1765 1636 1853 1667 Deus
1870 1637 2086 1676 emancipatos

1126 1685 1195 1706 esse
1219 1686 1237 1706 a
1259 1686 1377 1715 genere
1402 1677 1564 1713 Abrahae,
1596 1679 1747 1717 quoniam
1776 1679 1860 1718 ipsos
1891 1680 2085 1719 acquisierit,

1126 1728 1224 1757 quum
1238 1720 1396 1758 percussit
1415 1720 1522 1750 omnia
1540 1721 1754 1761 primogenita
1766 1722 1915 1761 Aegypti.
1951 1722 2085 1753 Certum

1125 1766 1173 1791 est
1195 1762 1282 1791 enim
1307 1766 1372 1792 tam
1396 1763 1625 1802 primogenitos
1644 1764 1753 1803 populi
1771 1774 1864 1803 quam
1888 1765 1993 1795 foetus
2016 1765 2086 1795 aniâ€”

1125 1803 1257 1834 malium
1291 1805 1522 1845 primogenitos
1556 1806 1746 1837 mirabiliter
1779 1811 1906 1846 ereptos
1936 1807 2036 1838 fuisse
2067 1818 2086 1839 a

1124 1847 1286 1877 communi
1305 1847 1403 1879 clade.
1439 1848 1526 1888 Ergo
1547 1849 1639 1879 sicuti
1662 1860 1715 1880 eos
1737 1849 1894 1889 singulari
1917 1850 2086 1891 privilegio

1125 1889 1214 1920 Deus
1240 1889 1396 1927 liberavit,
1420 1891 1466 1921 ita
1488 1890 1548 1922 sibi
1567 1890 1722 1930 devinxit,
1746 1892 1975 1931 redemptionis
1993 1893 2086 1924 bene-

1124 1932 1204 1963 ficio.
1240 1931 1305 1964 Sed
1326 1933 1453 1964 videtur
1471 1943 1594 1965 cessare
1612 1935 1701 1972 ratio,
1721 1945 1817 1974 quum
1840 1935 1926 1965 Deus
1945 1936 2085 1975 pretium

1125 1974 1355 2015 redemptionis
1376 1976 1544 2017 exigendo,
1567 1977 1796 2017 primogenitos
1819 1977 1941 2008 dimisit
1959 1978 2085 2016 liberos,

1125 2023 1160 2048 ut
1193 2017 1268 2048 alibi
1303 2018 1422 2049 dictum
1456 2019 1527 2050 fuit.
1578 2020 1708 2059 Alioqui
1739 2020 1787 2050 bis
1817 2019 1901 2050 idem
1930 2025 2084 2060 posceret,

1125 2060 1209 2100 quod
1233 2061 1344 2101 iniqua
1362 2061 1432 2102 lege
1456 2063 1555 2093 fieret.
1590 2062 1713 2093 Verum
1737 2062 1854 2093 solutio
1877 2062 1911 2092 in
1934 2068 2085 2103 promptu

1124 2108 1187 2134 est:
1212 2114 1309 2143 quum
1334 2105 1365 2134 in
1390 2105 1493 2144 primo
1517 2115 1613 2136 censu
1638 2105 1797 2136 numerati
1816 2105 1948 2135 fuerunt
1966 2106 2086 2145 primoâ€”

1124 2147 1224 2187 geniti
1247 2147 1416 2178 duodecim
1447 2147 1607 2184 tribuum,
1632 2147 1738 2187 plures
1762 2148 1888 2178 Levitis
1912 2148 2011 2179 fuisse
2034 2159 2085 2179 re-

1125 2194 1241 2228 pertos.
1288 2190 1380 2220 Tunc
1402 2190 1486 2221 facta
1508 2190 1567 2220 fuit
1590 2190 1798 2229 permutatio:
1827 2194 1863 2221 ut
1885 2200 1996 2222 omnes
2018 2191 2084 2231 pri-

1124 2232 1281 2272 mogeniti
1305 2232 1470 2264 duodecim
1494 2233 1635 2263 tribuum
1656 2232 1694 2263 ad
1717 2233 1832 2273 viginti
1852 2237 1883 2263 et
1902 2232 1963 2264 duo
1982 2233 2086 2264 millia

1124 2276 1286 2306 immunes
1309 2280 1416 2306 essent
1439 2286 1457 2306 a
1481 2274 1615 2313 tributo,
1637 2285 1747 2306 eorum
1771 2279 1879 2306 autem
1903 2275 1972 2307 loco
1995 2276 2085 2307 Deus

1125 2318 1260 2349 Levitas
1283 2318 1342 2349 sibi
1366 2318 1530 2349 ministros
1559 2322 1708 2349 sumeret.
1753 2318 1895 2348 Tantum
1926 2317 2085 2358 redempti

1124 2361 1257 2392 fuerunt
1279 2360 1409 2393 ducenti
1433 2365 1464 2391 et
1486 2361 1690 2401 septuaginta
1710 2364 1784 2397 tres,
1807 2360 1881 2400 quia
1900 2360 1953 2392 hic
1972 2372 2084 2392 nume-

1124 2414 1181 2434 rus
1214 2404 1394 2443 superabat.
1447 2403 1501 2434 Sic
1532 2404 1652 2434 factum
1682 2408 1742 2440 est,
1776 2407 1811 2433 ut
1842 2403 1930 2434 Deus
1959 2403 2084 2443 aequali

1124 2447 1194 2477 iure
1217 2451 1387 2477 contentus
1410 2446 1564 2485 populum
1585 2447 1703 2477 iniusto
1722 2455 1819 2476 onere
1838 2456 1901 2476 non
1922 2450 2083 2486 gravaret.

1124 2489 1250 2520 Verum
1269 2489 1349 2520 haec
1367 2489 1591 2528 compensatiO,
1610 2499 1689 2528 quae
1708 2488 1806 2519 semel
1826 2488 1865 2518 ad
1878 2499 1978 2519 unum
1999 2488 2084 2519 diem

1124 2532 1208 2563 facta
1231 2536 1288 2570 est,
1313 2542 1378 2562 non
1402 2531 1524 2562 obstitit
1546 2532 1717 2570 quominus
1741 2530 1895 2561 deberent
1918 2531 2085 2562 Israelitae

1125 2575 1195 2605 Deo
1215 2585 1289 2605 suos
1309 2574 1545 2614 primogenitos,
1564 2574 1616 2613 qui
1636 2580 1711 2604 tunc
1730 2573 1875 2604 nondum
1895 2574 1963 2604 nati
1981 2578 2083 2605 erant.

1126 2616 1212 2656 Quia
1241 2617 1342 2657 igitur
1372 2616 1472 2656 quoad
1497 2620 1639 2656 posteros
1663 2616 1814 2647 manebat
1832 2615 1995 2656 obligatio,
2019 2617 2085 2647 lata

1126 2659 1178 2690 lex
1204 2665 1266 2697 est,
1293 2665 1329 2690 ut
1352 2659 1582 2699 primogenitos
1605 2669 1680 2689 suos
1703 2659 1908 2689 redimerent.
1954 2658 1990 2690 Si
2013 2659 2084 2699 quis
