2304 3034
195 182 260 214 509

198 275 306 307 miralia
327 273 498 314 sartayinis
520 271 576 302 erit
597 269 704 301 oblatio
726 271 787 306 tua,
809 268 851 298 sit
867 267 973 298 simila
991 277 1156 307 conspersa

199 319 262 350 oleo
296 317 518 356 infermerztata.
573 313 601 344 6.
747 353 751 358 .

197 361 309 401 sandes
341 368 434 397 super
466 366 531 388 eam
557 355 670 386 oleum:
708 352 813 384 minlia
846 356 896 400 est.
964 395 968 399 ⁴

199 403 306 434 minlza
327 399 491 433 craticulae
511 398 568 429 erit
589 396 696 428 oblatio
718 398 787 431 tua,
810 395 917 426 simila
939 397 981 426 sat
1003 395 1065 426 oleo
1090 405 1155 426 cori-

199 456 215 476 s
237 455 314 476 ersa.

199 456 236 519 eis)
253 487 357 526 offeres
385 484 470 516 illam
499 481 646 513 sacerdoti
676 482 730 519 qm·
759 480 925 511 admovebit
954 490 1021 511 eum
1048 480 1153 511 altari.

200 530 229 561 9.
256 528 407 567 Tolletque
429 525 566 556 sacerdos
587 523 623 554 de
644 522 751 553 mirrha
773 523 891 553 odorem
914 523 989 560 eius,
1013 525 1039 553 et
1057 522 1156 554 adole-

199 572 242 603 bit
262 580 356 610 super
376 569 487 600 altare:
515 565 625 597 oblatio
654 568 695 596 est
717 565 814 604 iynita
843 565 945 596 odoris
967 565 1079 604 quietis
1104 565 1154 596 Ie-

200 614 302 645 ltovae.
341 611 387 642 10.
412 609 455 641 Et
475 608 554 649 qaod
575 608 762 646 superfuerit
784 617 799 637 e
821 607 927 638 rrzinlza
949 608 1007 638 erit
1025 607 1155 638 Alzaron

200 659 227 688 et
246 655 381 695 filiorum
399 652 472 689 eius,
494 652 633 682 sanctum
650 652 822 680 sanctorum
840 652 882 680 est
900 660 937 680 ea*
954 649 1155 681 oblationibus
1180 671 1182 681 .

201 698 306 738 iqnitis
327 695 464 727 Iehovae.
510 693 558 723 11.
586 692 695 723 Omnis
716 692 823 723 mirrha
845 702 936 731 quam
959 693 1088 731 offeretis
1106 692 1155 722 Ie-

199 741 291 771 hovae
311 748 369 769 nori
389 736 441 776 fiet
458 736 657 775 fermentata:
679 735 753 773 quia
772 734 807 765 de
829 735 914 766 nullo
935 735 1095 773 fermcntO,
1128 737 1154 764 et

200 783 235 814 de
267 781 349 812 nullo
376 778 460 810 melle
489 777 620 809 adolebis
650 777 826 808 oblationem
856 777 985 817 ionitam
1014 777 1152 807 Ielzovae.

201 825 249 856 12.
272 824 313 854 In
336 822 479 854 oblatione
496 820 714 860 primitiarum
737 820 866 858 offeretis
896 830 932 850 ea
955 819 1099 851 Ieliovae:
1128 821 1155 850 et

199 876 291 906 super
311 865 408 896 altare
428 873 487 894 riori
510 862 667 894 ascendent
690 863 724 893 in
742 862 860 893 odorem
883 863 1000 901 quietis.
1040 862 1087 892 13.
1112 861 1155 892 Et

199 918 312 941 omnem
334 906 508 938 oblationem
531 904 653 936 minleae
675 907 744 935 telae
766 904 829 935 sale
850 905 954 941 salies,
978 915 1072 943 mque
1094 914 1153 935 ces-

198 961 268 982 sare
287 950 383 990 facies
404 948 453 979 sal
473 948 605 987 foederis
616 947 679 978 Dei
701 948 747 978 tui
766 958 785 977 a
806 948 914 978 minha
932 950 1004 978 tua.-
1024 949 1054 978 in
1072 947 1154 978 omni

198 993 343 1025 oblatione
364 993 417 1022 tua
438 992 545 1030 offeres
566 990 624 1021 sal.
672 990 720 1020 14.
747 989 782 1020 Si
812 1000 881 1021 vero
909 990 1051 1021 obtuleris
1072 990 1153 1020 inin-

198 1036 268 1066 lz-am
283 1033 501 1073 primitiarum
524 1032 667 1067 Ieleovae.
698 1033 814 1071 spicam
836 1035 945 1063 tostam
968 1034 1048 1073 iyni,
1077 1032 1154 1063 triti-

198 1087 264 1110 cum
281 1079 438 1108 contusum
460 1075 561 1114 spicae
579 1075 688 1114 plenae
711 1075 816 1113 offeres
835 1075 973 1106 mirrham
991 1076 1153 1115 primitia-

197 1130 266 1151 ram
288 1122 419 1150 tuarum.
472 1118 520 1149 15.
545 1117 587 1147 Et
603 1127 699 1157 pones
720 1127 814 1156 super
835 1128 901 1148 eam
923 1118 1035 1155 oleum,
1059 1128 1155 1157 pones

198 1163 266 1193 item
295 1161 364 1192 tlzus
391 1170 486 1199 super
513 1169 595 1191 eam:
629 1159 734 1190 mirzlza
768 1162 819 1191 est.
866 1161 914 1191 16.
949 1160 991 1191 Et
1025 1160 1155 1191 adolebit

194 1204 333 1236 sacerdos
355 1203 474 1235 odorem
496 1203 572 1237 eius,
600 1203 636 1233 de
657 1203 809 1241 frumento
832 1203 898 1233 eins
920 1206 1048 1239 contuso,
1073 1206 1097 1233 et
1119 1203 1155 1233 de

195 1246 255 1278 oleo
284 1247 351 1277 eius
378 1246 463 1277 ultra
490 1248 582 1276 totum
605 1245 676 1276 thus
698 1246 815 1284 ipsius.-
844 1246 952 1277 oblatio
984 1249 1026 1276 est
1057 1246 1154 1285 iynila

194 1288 332 1320 Iekovae.

279 1374 306 1404 1.
337 1373 456 1404 Anima
484 1383 577 1412 quum
606 1374 713 1412 offeret.
764 1373 835 1404 Hoc
865 1373 968 1414 capite
996 1373 1154 1414 praecipit

193 1416 299 1448 Moses
319 1426 474 1456 quaenam
495 1416 535 1446 sit
553 1416 751 1446 oblationum
770 1417 862 1454 ratio,
884 1416 998 1456 quibus
1017 1416 1153 1457 speciale

193 1469 308 1490 nomen
339 1458 665 1498 minha'impositum
703 1463 761 1489 est.
814 1459 919 1490 Erant
949 1464 1056 1490 autem
1087 1469 1154 1489 non

193 1506 354 1539 cruentae,
375 1511 478 1541 neque
498 1512 537 1532 ex
556 1500 757 1539 animalibus,
777 1501 833 1533 sed
850 1506 977 1532 tantum
997 1513 1036 1532 ex
1050 1502 1154 1533 farina

192 1549 224 1576 et
245 1544 322 1575 oleo.
368 1544 470 1575 Porro
495 1545 520 1575 si
544 1544 615 1584 quis
633 1544 774 1575 farinam
797 1544 929 1576 crudam
953 1545 1069 1576 offerre
1089 1544 1153 1575 vel-

191 1587 251 1624 let,
283 1587 412 1618 iubetur
446 1586 540 1617 thure
573 1590 605 1617 et
634 1587 703 1617 oleo
733 1587 834 1626 ipsam
859 1587 1005 1623 condire,
1036 1586 1153 1618 deinde

191 1629 309 1669 eligere
332 1629 555 1668 similaginem,
591 1640 630 1660 110
653 1629 777 1660 furfure
801 1630 932 1660 vitietur
956 1630 1084 1668 oblatio,
1108 1630 1153 1660 ita

191 1671 258 1709 hic,
287 1672 380 1702 sicuti
404 1672 437 1702 in
461 1676 526 1702 toto
548 1672 611 1702 Dei
635 1672 738 1708 cultu,
773 1672 1001 1712 praescribitur
1030 1673 1152 1712 regula,

193 1725 232 1745 ne
264 1713 340 1754 quid
374 1714 436 1745 nisi
466 1724 584 1753 purum
615 1714 785 1745 offeratur:
821 1715 936 1746 deinde
966 1726 1025 1755 per
1047 1716 1153 1746 oleum

191 1756 434 1788 commendatur
456 1767 559 1797 sapor,
582 1767 640 1797 per
663 1757 738 1788 thus
762 1768 838 1788 vero
861 1758 936 1789 boni
959 1757 1064 1789 odoris
1090 1758 1152 1788 fra-

192 1800 328 1839 grantia.
374 1799 512 1837 Scimus,
535 1810 593 1830 nec
617 1806 731 1839 gustus
755 1800 938 1836 dulcedine,
972 1812 1030 1832 nec
1060 1801 1153 1832 suavi

191 1841 308 1873 olfactu
322 1842 427 1872 Deum
451 1843 538 1882 capi:
562 1842 617 1873 sed
632 1842 681 1873 his
699 1843 854 1883 symbolis
874 1842 985 1874 rudem
999 1844 1152 1883 populum

193 1883 298 1915 doceri
316 1884 397 1915 utile
416 1885 486 1922 fuit,
505 1895 546 1915 ne
562 1885 708 1924 insipidis
720 1886 787 1916 suis
805 1887 994 1918 commentis
1007 1886 1069 1917 Dei
1085 1886 1151 1918 cul-

193 1930 262 1957 tum
292 1933 542 1967 corrumperent.
595 1928 711 1959 Postea
735 1928 824 1959 iubet
850 1928 973 1966 Moses,
997 1928 1152 1969 quidquid

192 1969 264 2000 Deo
286 1975 489 2000 consecratur
512 1969 596 2001 tradi
619 1971 652 2000 in
676 1981 809 2001 manum
834 1971 1016 2009 sacerdotis,
1041 1982 1151 2011 quem-

194 2011 363 2042 admodum
383 2016 457 2043 ante
477 2012 616 2044 vidimus
635 2013 762 2044 excludi
780 2014 841 2045 1100
861 2014 979 2045 honore
1009 2015 1152 2054 privatos

195 2053 350 2091 homines,
374 2059 410 2085 ut
423 2054 552 2086 Christo
570 2061 700 2087 maneat
723 2067 782 2087 sua
806 2056 955 2096 dignitas,
979 2067 1094 2097 nempe
1117 2062 1151 2087 ut

193 2106 251 2136 per
284 2107 356 2127 eum
387 2097 488 2128 solum
520 2104 695 2138 quaeratur
725 2098 764 2130 ad
787 2098 894 2130 Deum
919 2110 1079 2131 accessus:
1115 2111 1151 2131 ac

194 2140 295 2170 sciant
324 2140 430 2171 cuncti
460 2141 611 2171 mortales
640 2141 763 2172 nullum
788 2141 858 2172 Deo
881 2142 1005 2182 placere
1028 2142 1150 2173 cultum

195 2181 255 2212 nisi
286 2191 379 2221 quem
409 2183 477 2222 ipse
511 2184 699 2215 sanctificat.
745 2184 853 2215 Huius
877 2186 999 2225 figurae
1032 2185 1150 2216 veritas

195 2222 335 2254 breviter
357 2230 554 2257 monstratur
575 2226 707 2265 apostoli
732 2226 848 2267 verbis,
871 2228 924 2258 ubi
948 2228 1032 2264 dicit,
1056 2228 1150 2259 hodic

197 2275 256 2295 nos
276 2276 333 2305 per
353 2267 457 2306 ipsum
481 2270 594 2300 offerre
618 2269 754 2300 hostiam
778 2269 884 2300 laudis
908 2271 984 2307 Deo,
1014 2270 1073 2301 hoc
1102 2276 1150 2301 est

197 2307 336 2338 fructum
364 2309 520 2341 labiorum
551 2312 772 2343 confitentium
803 2322 921 2343 nomen
945 2313 1012 2344 eius
1036 2312 1149 2353 (Hebr.

199 2349 248 2388 13,
273 2349 333 2391 15).
371 2351 433 2382 Ubi
456 2358 561 2384 autem
585 2354 732 2386 sacerdos
754 2355 911 2395 pugillum
935 2355 1058 2387 farinae
1077 2366 1149 2386 cum

198 2391 266 2439 01οο
295 2397 327 2422 et
354 2393 446 2425 thure
467 2396 654 2435 incenderit,
687 2398 770 2437 quod
795 2397 957 2429 residuum
982 2404 1028 2429 est
1052 2398 1149 2429 relin-

198 2441 306 2473 quitur
326 2435 360 2464 in
383 2437 449 2467 eius
472 2448 575 2470 usum.
599 2439 681 2470 Nam
706 2439 755 2481 (ut
773 2440 846 2471 alibi
868 2440 1021 2482 vidimus)
1040 2447 1151 2472 sancta

197 2481 378 2507 sanctorum
402 2489 442 2509 ex
463 2480 674 2513 oblationibus
702 2483 813 2522 ignitis
837 2483 1053 2514 sacerdotibus
1077 2483 1151 2514 data

199 2524 299 2566 erant.
322 2518 415 2550 Aliae
433 2521 547 2554 deinde
565 2525 685 2564 species
698 2532 872 2564 ponuntur,
893 2536 1008 2566 nempe
1021 2527 1150 2566 placen-

197 2564 249 2591 tae
272 2571 304 2591 111
328 2561 451 2593 clibano
473 2570 586 2602 coctae,
610 2573 719 2606 postea
742 2568 852 2604 frixae,
876 2569 969 2599 tertio
994 2574 1096 2600 tostae
1116 2569 1150 2599 in

198 2603 360 2634 eraticula.
381 2604 489 2636 Voluit
505 2613 610 2640 autem
624 2610 714 2641 Deus
729 2621 769 2642 ex
782 2611 919 2651 singulis
931 2611 1149 2651 placentarum

920 2690 932 2700 x

637 311 780 343 Concides
818 320 884 340 eam
918 310 950 340 in
977 310 1096 349 frusta,
1130 313 1156 341 et
1181 331 1182 335 ,

956 352 983 383 7.
1016 353 1102 391 Quod
1126 354 1156 383 si
1181 359 1183 395 ᾗ

360 443 388 474 8.
408 442 583 481 Afferesque
605 438 710 468 miulza
732 448 770 468 esc
793 437 858 468 illis
878 438 993 476 factam
1014 437 1155 468 Ielzovae:
1181 444 1182 447 ’

883 175 1133 207 SECUNDUM
1156 175 1474 207 PRAEOEPTUM.

1181 370 1182 382 1

1181 396 1183 405 s

1181 406 1183 422 l

2105 182 2168 212 510

1208 268 1319 300 formis
1337 268 1397 299 sibi
1416 270 1486 300 fieri
1500 270 1618 308 minha,
1637 274 1673 301 ut
1692 270 1850 302 discerent
1868 271 1924 302 filii
1943 272 2044 304 Israel
2057 274 2088 304 in
2102 278 2167 305 toto

1209 311 1295 341 victu
1320 311 1358 342 ad
1383 322 1455 342 eum
1478 313 1652 352 respicere:
1683 313 1756 352 quia
1785 313 1865 344 nihil
1896 315 1988 346 nobis
2010 316 2167 347 mundum

1207 353 1269 383 nisi
1300 354 1381 393 quod
1419 355 1487 394 ipse
1527 366 1584 386 sua
1610 355 1830 387 benedictione
1859 362 2030 389 consecrat.
2075 358 2166 390 Haec

1207 395 1288 426 ratio
1311 401 1377 433 est,
1401 407 1458 427 eur
1482 397 1590 429 Moses
1619 398 1741 429 curiose
1777 398 1954 439 distinguat
1984 400 2069 432 inter
2098 401 2165 440 pla-

1207 442 1327 474 centas,
1351 449 1431 478 quae
1455 440 1505 470 vel
1528 440 1561 470 in
1585 440 1718 477 clibano,
1744 441 1793 472 vel
1812 442 1845 471 in
1866 443 2038 483 sartagine,
2062 444 2113 475 vel
2131 444 2165 474 in

1206 480 1360 511 craticula
1382 487 1571 521 coquuntur.

1295 523 1342 554 11.
1366 523 1474 555 Omnis
1492 525 1597 557 mirrha
1621 536 1714 565 quam
1732 526 1870 564 offeretis.
1893 526 1955 557 Hic
1976 532 2062 558 vetat
2074 527 2165 559 Deus

1207 575 1307 604 panes
1331 566 1539 599 fermentatos
1562 568 1621 599 sibi
1644 568 1767 598 offerri:
1791 579 1852 608 quo
1876 569 1940 599 ritu
1969 570 2071 601 edocti
2097 571 2165 601 fue-

1206 612 1283 637 runt
1308 613 1440 646 veteres,
1465 611 1625 651 corrumpi
1645 611 1705 641 Dei
1725 611 1846 642 cultum
1873 611 1898 642 si
1918 612 1999 651 quod
2024 613 2165 644 alienum

1207 656 1422 682 commentum
1462 652 1683 684 admisceatur.
1739 653 1806 684 Nec
1840 653 1971 684 dubium
2005 659 2054 686 est
2087 656 2164 695 quin

1206 692 1268 723 huc
1299 693 1443 724 alluserit
1472 694 1634 734 Christus,
1668 706 1767 735 quum
1798 695 1968 736 discipulos
1998 697 2165 729 admonuit

1207 738 1242 764 ut
1265 734 1324 765 sibi
1348 741 1500 767 caverent
1529 748 1547 768 a
1579 739 1734 769 fermento
1756 738 2004 770 Pharisaeorum
2033 739 2164 780 (Matth.

1208 777 1256 813 16,
1282 777 1349 818 11):
1385 789 1421 808 ea
1453 790 1527 810 voce
1558 781 1713 821 figmenta
1741 781 1925 822 intelligens
1959 782 2072 821 quibus
2099 783 2165 822 pie-

1206 824 1303 850 tatem
1336 821 1595 860 inquinaverant.
1648 824 1814 854 Fermenti
1846 834 1918 855 esus
1948 825 2012 855 alia
2041 826 2165 856 ratione

1205 862 1385 901 prohibitus
1418 864 1479 894 fuit
1512 865 1545 895 in
1578 867 1750 905 paschate,
1791 877 1906 906 nempe
1940 872 1973 897 ut
2008 878 2164 899 memores

1179 910 1312 938 ‚essent
1353 906 1476 936 subitae
1518 909 1735 946 profectionis⁷
1782 909 1830 940 vel
1866 910 1971 948 potius
2005 910 2099 950 fugae
2132 911 2164 941 in

1206 957 1299 986 qnam
1334 958 1395 978 non
1431 948 1563 980 licuerat
1607 952 1754 982 viaticum
1789 962 1912 991 parare.
1968 951 2164 992 Quanquam

1205 989 1333 1030 longius
1353 991 1447 1021 etiam
1471 992 1616 1024 extendit
1639 994 1759 1025 Paulus
1782 994 1823 1035 (1.
1845 994 1917 1025 Cor.
1937 994 1965 1032 5,
1986 994 2026 1036 7),
2051 1005 2166 1035 nempe

1180 1037 1242 1069 ,ut
1276 1033 1458 1064 abstineant
1498 1035 1609 1066 fideles
1643 1036 1681 1067 ab
1715 1039 1800 1068 omni
1834 1038 1990 1068 fermento
2024 1037 2166 1069 malitiae

1206 1080 1236 1105 et
1259 1075 1438 1114 pravitatis.
1484 1077 1606 1109 Verum
1638 1079 1669 1109 111
1702 1079 1760 1110 hac
1790 1079 1931 1120 generali
1961 1080 2074 1120 regula.
2101 1091 2167 1112 001·-

1206 1122 1274 1148 tum
1295 1123 1342 1148 est
1365 1118 1560 1151 adventitias
1583 1131 1693 1152 omnes
1711 1122 1909 1161 corruptelas
1928 1121 2076 1153 damnari
2095 1123 2165 1163 qui-

1206 1159 1265 1191 bus
1294 1161 1449 1199 polluitur
1477 1163 1602 1194 sincera
1631 1164 1755 1205 religio:
1787 1175 1822 1196 ac
1856 1165 1881 1195 si
1917 1165 2038 1195 dictum
2072 1170 2164 1203 esset,

1206 1202 1311 1233 nullas
1336 1204 1405 1234 Deo
1437 1204 1498 1235 nisi
1529 1207 1688 1245 genuinas
1722 1212 1753 1238 et
1775 1207 1814 1237 ab
1832 1208 1919 1237 omni
1942 1212 2096 1239 extraneo
2119 1218 2166 1239 sa-

1206 1256 1282 1285 pore
1305 1245 1426 1276 alienas
1449 1247 1624 1279 oblationes
1648 1250 1783 1289 probari.
1808 1249 1903 1288 Quod
1927 1250 1966 1280 ad
1989 1250 2053 1280 mel
2076 1261 2164 1290 spec—

1207 1292 1263 1320 tat.
1288 1288 1452 1319 obscurior
1476 1295 1524 1321 est
1548 1292 1638 1322 ratio.
1683 1292 1765 1322 Nam
1796 1292 1878 1332 quod
1909 1292 2069 1323 subtiliter
2097 1293 2166 1333 qui-

1207 1330 1280 1361 dam
1305 1330 1343 1361 de
1367 1332 1434 1362 eius
1458 1338 1574 1364 natura
1597 1335 1777 1373 disputant,
1806 1335 1912 1366 nescio
1941 1345 1981 1365 an
2010 1336 2088 1366 satis
2112 1336 2165 1366 fir-

1207 1384 1295 1403 mum
1320 1374 1369 1404 sit.
1396 1375 1465 1405 Etsi
1491 1380 1597 1406 autem
1623 1378 1675 1407 vix
1699 1378 1872 1417 quidquam
1894 1388 2035 1408 asserere
2055 1378 2165 1415 audeo,

1180 1416 1332 1446 :omissis
1367 1421 1474 1448 tamen
1510 1419 1660 1458 argutiis,
1699 1420 1781 1459 quod
1812 1420 2008 1459 probabilius
2038 1420 2167 1451 videtur

1207 1459 1349 1489 afferam.
1398 1460 1460 1491 Mel
1491 1467 1624 1497 coctum,
1656 1467 1689 1492 111
1713 1464 1820 1493 statim
1843 1473 1968 1493 acorem
1993 1462 2165 1500 contrahit,

1206 1511 1323 1540 panem
1348 1503 1397 1532 0111
1422 1503 1576 1534 miscetur
1595 1505 1782 1536 fermentat:
1806 1505 1877 1535 ideo
1901 1505 1980 1536 haec
2003 1505 2065 1536 (1110
2090 1516 2165 1537 con-

1206 1544 1316 1575 iuncta
1339 1544 1505 1576 videntur:
1551 1547 1599 1577 Nc
1628 1547 1690 1578 mel
1715 1552 1769 1578 aut
1798 1548 1993 1579 fermentum
2017 1548 2166 1579 adolean-

1208 1591 1269 1617 tur.
1323 1586 1417 1625 Quod
1451 1593 1556 1619 autem
1591 1594 1661 1629 post
1695 1590 1848 1621 continuo
1883 1589 2010 1621 subiicit
2043 1591 2164 1622 Moses:

1207 1628 1361 1660 Offeretis
1384 1641 1419 1661 ea
1442 1631 1582 1662 Iehovae
1605 1633 1689 1663 inter
1712 1633 1885 1672 primitias:
1910 1634 2016 1664 nescio
2039 1644 2081 1664 an
2104 1635 2165 1664 ter-

1206 1677 1314 1702 mento
1337 1675 1519 1711 conveniat,
1550 1675 1642 1705 sicuti
1673 1676 1783 1706 volunt
1809 1675 1952 1715 quidam:
1981 1680 2067 1707 certe
2090 1675 2167 1706 sim-

1206 1714 1316 1753 plicior
1330 1716 1456 1746 videtur
1476 1727 1544 1748 esse
1564 1718 1718 1758 exceptio,
1739 1729 1779 1749 ex
1799 1718 1893 1748 melle
1912 1718 2039 1757 quidem
2058 1722 2167 1758 gratos

1205 1756 1271 1787 sore
1304 1758 1372 1788 Deo
1397 1760 1568 1798 primitias,
1599 1761 1691 1791 modo
1722 1772 1762 1791 ne
1785 1761 1960 1792 oblationes
1984 1761 2093 1791 altaris
2116 1761 2167 1791 in-

1205 1799 1304 1831 ficiat.
1349 1801 1448 1832 Porro
1472 1802 1603 1833 dubium
1628 1814 1692 1833 non
1717 1808 1765 1834 est
1789 1805 1865 1842 quiu
1891 1810 2025 1841 veteres,
2059 1814 2097 1834 ne
2120 1804 2168 1834 in-

1207 1842 1284 1873 utile
1311 1848 1394 1874 esset
1412 1849 1629 1884 praeceptum,
1656 1847 1752 1876 finem
1778 1848 1845 1877 eius
1866 1847 2043 1883 tenuerint,
2071 1850 2167 1886 atque

1204 1884 1251 1915 ita
1273 1886 1427 1917 sciverint
1451 1888 1530 1918 nihil
1544 1889 1575 1917 111
1596 1889 1695 1919 sacris
1715 1899 1782 1919 esse
1807 1889 1984 1928 legitimum
2004 1889 2065 1919 nisi
2082 1888 2166 1928 quod

1206 1928 1295 1959 Deus
1318 1929 1466 1960 instituit.
1513 1930 1577 1961 Nos
1603 1941 1676 1961 vero
1700 1938 1770 1970 post
1794 1932 1981 1971 abrogatum
2005 1941 2164 1962 caeremo-

1205 1971 1277 2001 niae
1301 1982 1413 2009 usum,
1445 1972 1603 2004 discamus
1627 1974 1658 2004 in
1684 1974 1753 2004 Deo
1782 1974 1912 2005 colendo
1943 1980 2053 2004 nostra
2082 1984 2166 2005 com-

1204 2018 1313 2044 menta
1344 2015 1391 2045 vel
1425 2015 1668 2055 imaginationes
1699 2027 1763 2046 non
1787 2017 1946 2053 ingerere,
1981 2016 2036 2048 sed
2067 2026 2163 2056 quam

1204 2057 1394 2096 praeseribit
1418 2059 1561 2097 regulam
1586 2058 1770 2089 obedienter
1793 2059 1892 2098 sequi.

1291 2100 1338 2130 13.
1362 2100 1405 2130 Et
1425 2111 1539 2131 omnem
1558 2100 1743 2132 oblationem.
1769 2101 1893 2133 Similis
1913 2102 1977 2132 fere
1996 2102 2028 2132 in
2048 2102 2163 2133 salien-

1204 2140 1251 2172 dis
1283 2143 1421 2173 victimis
1451 2144 1546 2179 ratio,
1581 2155 1619 2174 ne
1657 2154 1768 2183 sapore
1802 2148 1925 2175 careret
1953 2145 2015 2175 Dei
2047 2144 2162 2176 cultus.

1204 2185 1304 2215 Porro
1329 2196 1403 2215 vera
1424 2185 1605 2223 conditura,
1636 2196 1716 2225 quae
1739 2187 1875 2226 gratiam
1899 2187 2064 2218 sacrificiis
2088 2198 2162 2218 con-

1203 2228 1297 2263 011101,
1323 2239 1481 2268 nusquam
1505 2230 1663 2268 reperitur
1686 2229 1746 2259 nisi
1772 2230 1803 2259 in
1832 2229 1892 2259 Dei
1916 2229 2023 2261 verbo.
2068 2230 2163 2261 Unde

1202 2271 1362 2310 sequitur,
1393 2271 1498 2302 cultus
1532 2281 1643 2302 omnes
1667 2270 1855 2302 humanitus
1876 2271 2061 2311 fabricatos,
2092 2277 2161 2303 tan-

1203 2324 1299 2353 quam
1322 2314 1460 2344 insulsos
1483 2314 1653 2353 repudiari.
1700 2314 1858 2352 Quamvis
1887 2315 1973 2345 enim
2004 2326 2037 2346 se
2068 2316 2162 2347 valde

1202 2361 1314 2387 acutos
1355 2357 1541 2387 existiment
1580 2357 1630 2396 qui
1674 2357 1957 2396 superstitionibus
1991 2359 2163 2398 profanant

1202 2399 1264 2430 Dei
1299 2399 1436 2435 cultum,
1472 2409 1560 2429 mera
1594 2404 1700 2429 tamen
1735 2399 1866 2430 fatuitas
1900 2404 1948 2431 est
1982 2401 2064 2440 quod
2099 2402 2163 2432 illis

1203 2441 1342 2472 maxime
1368 2441 1487 2472 arridet¹
1517 2441 1575 2472 sub
1603 2441 1779 2481 sapientiae
1807 2442 1919 2473 colore.
1965 2442 2161 2483 Quanquam

1204 2484 1354 2515 Christus
1377 2495 1416 2514 ex
1440 2484 1499 2515 hac
1519 2485 1718 2514 caeremonia
1741 2484 1999 2517 exhortationem
2026 2486 2162 2524 deducit,

1202 2532 1237 2557 ut
1266 2527 1376 2566 aequis
1406 2527 1521 2557 animis
1550 2527 1730 2557 sustineant
1758 2527 1867 2559 fideles
1897 2539 1930 2559 se
1963 2529 2097 2568 excoqui
2131 2534 2162 2559 et

1202 2570 1342 2609 purgari,
1377 2570 1401 2600 si
1438 2570 1504 2600 Deo
1535 2569 1658 2608 placere
1691 2570 1833 2609 cupiunt.
1880 2569 1995 2602 Omnis
2027 2572 2162 2610 victima,

1202 2612 1315 2651 inquit,
1340 2612 1480 2646 salietur,
1504 2616 1534 2642 et
1555 2612 1649 2642 homo
1668 2612 1742 2652 igne
1761 2612 1901 2644 salietur.
1946 2613 2071 2652 Quibus
2091 2625 2161 2645 ver-
