2304 3034
146 176 184 207 57

148 270 258 301 Deum
282 268 351 298 fieri
376 266 495 306 peccati
520 270 665 295 autorem
688 264 820 301 iactant,
856 263 998 294 breviter
1021 263 1116 294 etiam

148 318 314 344 ostensum
338 316 402 340 est:

149 356 218 387 eius
243 361 274 384 et
292 350 633 391 incomprehensibilia
657 349 776 380 iudicia
800 349 986 385 aestimare,
1022 348 1117 379 nimis

149 406 337 438 perversum
362 395 452 425 foret.
500 394 606 432 Atque
629 392 726 423 huius
750 391 916 423 doctrinae
940 391 1117 423 adversarii

149 441 248 472 stulte
271 444 303 469 et
327 436 565 468 inconsiderate
585 445 635 466 res
659 434 805 465 diversas
829 434 984 470 miscent,
1017 444 1117 473 quum

152 482 287 514 durities
306 481 349 511 sit
372 479 512 510 hominis
535 483 711 518 peccatum,
736 477 904 508 obduratio
917 481 1023 508 autem
1038 477 1118 507 iudi-

150 526 235 558 cium
272 524 342 554 Dei.

150 567 315 607 suspensis
344 564 540 603 attentisque
574 563 692 594 animis
726 567 916 602 exspectent
950 562 1117 593 Israelitae

148 610 360 651 magnificum
384 613 416 639 et
440 606 663 638 admirabilem
689 605 806 646 agendi
829 605 970 636 modum.

235 653 264 684 5.
289 651 332 682 Et
354 652 526 691 cogynoscent
548 649 703 689 Aeyyptii.
761 647 892 687 Species
915 653 963 678 est
986 647 1118 685 ironiae,

149 695 233 737 quod
258 694 413 735 Aegyptii
436 693 542 732 plagis
567 691 708 728 subacti,
741 701 812 722 sero
843 690 975 721 tandem
998 690 1119 721 sentire

148 738 307 778 incipient
321 737 379 768 sibi
394 747 465 768 cum
477 736 546 766 Deo
559 734 657 765 fuisse
669 733 800 765 bellum.
816 733 994 764 Consilium
1009 738 1117 763 tamen

149 782 213 814 Dei
226 781 287 812 fuit
300 781 413 811 Mosen
433 778 557 815 fulcire,
581 788 621 808 ne
641 777 783 807 amentia
802 781 833 807 et
851 776 958 806 furore
978 776 1117 807 hostium

149 826 255 857 victus
279 822 470 854 concideret.
506 821 595 861 Ergo
619 820 768 859 quamvis
793 819 911 859 stupidi
936 819 1045 850 sintin
1062 829 1120 849 sua

150 867 282 900 vesania
317 864 471 905 Aegyptii
505 863 699 904 pronunciat
733 868 843 893 tamen
874 861 981 899 Deus,
1006 861 1119 892 ultimo

152 921 270 943 eventu
294 909 479 948 cognituros
503 908 535 937 in
561 917 652 937 suam
678 905 853 945 perniciem
885 915 918 935 se
949 914 1119 944 pugnasse,

153 964 252 994 quum
278 952 363 982 coelo
387 950 506 981 bellum
537 949 718 980 intulerint.
766 947 886 979 Subest
920 948 1005 978 enim
1039 947 1119 977 anti—

153 996 256 1028 thesis
280 995 366 1025 inter
386 992 512 1024 tardam
537 992 754 1032 cognitionem
775 996 806 1022 et
830 989 1017 1028 socordiam,
1040 1000 1120 1029 quae

154 1044 233 1070 tunc
257 1038 321 1068 illis
345 1036 473 1067 demum
498 1046 634 1066 excussa
658 1035 720 1065 fuit
750 1044 849 1073 quum
878 1033 984 1073 palam
1008 1037 1120 1064 contra
1147 1058 1149 1068 ,

154 1093 208 1114 eos
227 1080 411 1111 fulminavit
432 1090 448 1110 e
468 1078 555 1110 coelo
570 1078 670 1108 Deus.
701 1077 830 1108 Scimus
850 1076 936 1107 enim
956 1085 1052 1115 quam
1072 1085 1121 1106 se-

154 1135 228 1156 cure
250 1124 389 1154 ferream
414 1121 651 1153 contumaciam
676 1124 840 1160 opponant
864 1119 954 1158 impii
977 1118 1120 1149 coelesti-

154 1168 214 1199 bus
248 1167 360 1203 minis,
392 1165 493 1196 donec
521 1164 680 1195 violenter
709 1167 869 1203 cogantur
899 1171 1121 1201 expavescere.

154 1211 229 1242 Non
254 1208 337 1249 quod
362 1208 577 1239 humilientur
596 1206 654 1237 sub
668 1205 730 1236 Dei
755 1216 867 1236 manu:
889 1204 944 1235 sed
968 1204 1041 1244 quia
1061 1204 1122 1234 fre-

154 1253 272 1285 mendo
296 1262 332 1282 ac
356 1249 582 1282 tumultuando
606 1260 670 1279 non
695 1259 787 1289 posse
808 1255 916 1278 tamen
936 1258 969 1278 se
988 1257 1122 1287 poenam

157 1297 300 1336 effugere
325 1294 451 1325 vident:
483 1304 546 1324 non
571 1303 664 1323 secus
686 1302 722 1323 ac
746 1291 824 1322 ebrii
849 1301 866 1322 e
889 1301 946 1322 sua
965 1289 1124 1321 temulen-

156 1340 201 1370 tia
225 1337 453 1378 expergefacti,
478 1336 616 1367 libenter
635 1340 768 1366 aeterno
781 1344 894 1374 sopore
914 1338 1009 1373 atque
1028 1333 1125 1363 etiam

158 1426 242 1456 lores
263 1424 424 1455 sustinent
444 1433 520 1454 suae
534 1421 813 1461 intemperantiae.
838 1420 939 1450 Porro
959 1419 1036 1450 haec
1056 1428 1126 1458 cog-

159 1468 239 1499 nitio
263 1476 343 1506 quae
366 1466 478 1497 invitis
502 1463 723 1504 extorquenda
752 1468 822 1494 erat
845 1463 958 1493 Mosen
988 1466 1019 1493 et
1048 1461 1126 1491 alios

159 1509 331 1542 admonuit
360 1516 394 1540 ut
418 1508 480 1539 Dei
509 1508 674 1548 potentiae
704 1507 821 1537 iustam
849 1505 975 1536 laudem
1006 1503 1126 1534 tribue*

159 1558 243 1590 rent,
269 1558 442 1592 antequam
467 1550 669 1591 experientia
692 1554 801 1581 essent
823 1548 973 1580 convicti.
1004 1546 1127 1577 Verum

161 1596 289 1637 quidem
315 1602 363 1626 est
386 1594 503 1635 probos
516 1604 642 1634 quoque
654 1593 715 1624 Dei
740 1592 881 1624 cultores
903 1590 1128 1630 poenisinter-

162 1640 238 1670 dum
263 1638 400 1669 erudiri:
427 1636 503 1679 (quo
526 1637 668 1677 pertinet
691 1635 770 1666 illud
783 1635 886 1665 Isaiae
899 1634 948 1671 26,
962 1634 990 1670 9,
1014 1632 1128 1664 ubiiu-

162 1682 246 1713 dicia
268 1689 323 1712 tua
347 1681 530 1712 exercueris
554 1680 651 1717 Deus,
674 1678 832 1710 iustitiam
857 1677 979 1708 discent
1003 1676 1128 1706 habita—

162 1732 247 1756 tores
272 1723 391 1765 terrae)
415 1723 470 1755 sed
494 1723 546 1754 hic
560 1727 691 1753 notatur
704 1721 854 1762 cognitio,
878 1730 959 1760 quae
979 1718 1130 1759 reprobos

162 1770 208 1800 ita
231 1768 408 1807 prosternit
433 1772 465 1797 ut
489 1776 553 1796 non
579 1766 730 1796 desinant
753 1774 875 1796 cornua
898 1769 1009 1794 contra
1023 1762 1129 1792 Deum

162 1811 325 1842 attollere:
350 1815 445 1849 atque
465 1810 511 1839 ita
530 1809 599 1839 sine
621 1808 767 1848 profectu
787 1817 840 1838 eos
853 1806 1028 1837 exanimat.
1053 1804 1131 1834 Fuit

164 1854 262 1885 etiam
285 1854 317 1883 in
342 1853 461 1892 populo
481 1852 582 1882 electo
607 1850 873 1891 experimentalis
889 1848 1028 1889 cognitio
1041 1847 1131 1878 cuius

164 1902 238 1928 ante
257 1897 340 1927 facta
359 1902 407 1926 est
419 1896 549 1926 mentio.
570 1894 686 1926 Scietis
705 1904 756 1924 mc
769 1893 923 1924 Iehovam
943 1901 1012 1922 esse
1025 1891 1129 1921 Deum

166 1947 310 1971 vestrum
334 1944 504 1979 postquam
524 1948 582 1969 vos
600 1938 742 1968 eduxero
761 1947 777 1967 e
790 1942 878 1966 terra
890 1933 1041 1974 Aegypti.
1067 1931 1131 1964 Sed

165 1983 245 2014 haec
276 1982 418 2022 (proprie
450 1980 622 2022 loquendo)
653 1980 735 2010 nihil
760 1978 845 2010 aliud
871 1982 920 2008 est
938 1987 1033 2017 quani
1057 1975 1132 2005 fidei

166 2025 368 2057 confirmatio
403 2034 484 2064 quae
514 2028 589 2054 ante
624 2034 732 2053 reruni
768 2027 904 2053 eventus
939 2020 1005 2051 solo
1037 2018 1132 2049 verbo

167 2075 320 2100 contenta
343 2072 400 2098 est.
436 2066 499 2098 Vel
524 2072 609 2097 certe
633 2067 723 2097 Deus
747 2065 862 2096 effectu
886 2064 954 2103 ipso
974 2070 1133 2101 torporem

168 2122 301 2143 suorum
330 2110 482 2150 castigat,
519 2109 571 2140 ubi
600 2109 688 2139 videt
712 2109 744 2139 in
770 2107 866 2139 verbo
889 2117 945 2137 suo
969 2115 1033 2136 non
1057 2104 1134 2135 satis
1161 2110 1163 2115 “

168 2155 295 2185 firmam
321 2164 390 2184 esse
413 2154 576 2183 fulturam.
611 2152 665 2183 Sic
690 2158 797 2182 autem
812 2151 917 2181 Deum
937 2151 1136 2189 cognoscunt

168 2197 259 2236 impii
284 2203 318 2227 ut
342 2195 463 2236 pudore
489 2196 537 2226 vel
563 2201 651 2226 metu
672 2194 799 2225 attoniti
821 2203 884 2224 non
905 2191 1034 2223 videant
1053 2189 1134 2229 quod

171 2240 293 2271 vident.

256 2283 284 2313 6.
312 2281 396 2312 Fecit
415 2291 484 2321 eryo
497 2280 611 2311 Moses.
646 2280 719 2311 Non
741 2278 912 2310 iactantiae
931 2286 1027 2308 causa
1047 2285 1137 2315 prae-

172 2326 256 2357 dicat
276 2325 383 2355 Moses
403 2334 495 2355 suam
522 2323 750 2354 obedientiam:
775 2321 831 2353 sed
855 2326 1024 2360 postquam
1048 2319 1137 2358 inge-

172 2379 236 2399 nue
260 2368 424 2399 confessus
448 2372 496 2397 est
519 2377 610 2397 suam
640 2365 841 2400 tarditatem,
872 2364 935 2394 iam
960 2367 1072 2393 narrat
1106 2370 1138 2391 se

173 2417 203 2441 et
234 2412 368 2441 fratrem
400 2410 497 2441 fuisse
527 2409 642 2440 melius
666 2409 825 2439 animatos
848 2406 887 2437 ad
910 2403 1138 2445 praestandum

173 2454 324 2484 officium.
356 2453 491 2483 Interim
515 2463 548 2483 se
573 2462 637 2483 una
660 2461 732 2482 cum
757 2451 856 2481 fratrc
880 2449 1063 2479 ministrnm
1079 2446 1139 2477 Dei

175 2497 272 2527 fuisse
301 2496 406 2532 docet,
442 2506 500 2526 nec
531 2495 705 2534 quidquam
735 2504 769 2524 se
805 2493 853 2524 vel
886 2491 1061 2522 industriae
1092 2488 1138 2519 vel

174 2539 307 2579 ingenii,
332 2538 384 2569 vel
408 2538 552 2573 consilii,
585 2538 632 2568 vcl
664 2536 867 2567 dexteritatis
897 2534 1060 2568 attulisse,
1085 2531 1139 2562 sed

174 2588 302 2612 tantum
326 2582 473 2621 paruisse
498 2582 574 2611 Deo.
620 2580 817 2619 Quanquam
836 2588 875 2608 ex
900 2587 1010 2608 eorum
1033 2585 1140 2605 exom-

174 2625 229 2665 plo
254 2624 440 2655 discendum
467 2630 522 2660 cst,
548 2623 644 2654 sicuti
669 2622 750 2653 nihil
781 2626 906 2652 tentare
930 2620 976 2650 fas
1007 2624 1055 2649 est
1080 2616 1141 2647 nisi

726 169 1095 202 COMMENTARIUS
1120 169 1168 200 IN
1188 168 1337 201 EXODI
1360 167 1456 199 OAP.
1480 166 1558 198 VII.

426 308 501 348 quia
525 318 565 338 ex
590 317 705 338 sensus
723 306 825 337 nostri
849 305 980 337 modulo
1000 316 1118 337 arcana
1142 318 1144 334 l

400 522 523 552 Iudicia
561 531 681 560 magna
714 521 831 550 iterum
863 520 1026 559 proponit,
1057 529 1118 558 quo
1144 528 1145 537 ¹

1150 1273 1152 1286 ,
1177 1247 1222 1276 rita
1243 1246 1379 1285 fecerunt
1404 1246 1435 1273 ut
1451 1245 1652 1282 praeceperat
1675 1241 1798 1272 Iehova.

1151 1354 1152 1372 ,
1178 1332 1260 1367 eins,
1290 1333 1315 1360 et
1343 1330 1403 1369 fuit
1432 1330 1466 1360 in
1487 1331 1663 1367 serpentem.

157 1388 293 1414 veterno
317 1387 442 1411 mentes
466 1380 652 1410 obruerent:
677 1377 782 1409 velint
806 1383 913 1408 tamen
938 1376 1041 1406 nolint
1070 1374 1124 1406 do-
1151 1380 1152 1388 ¹

1166 2438 1168 2460 '¹
1193 2449 1247 2473 tat.

2091 161 2131 192 88

1170 262 1253 303 quod
1273 261 1462 303 praescribit
1474 261 1575 297 Deus,
1595 260 1638 289 ita
1661 255 1817 297 quidquid
1839 254 1929 286 iubet
1946 255 2133 287 obedienter

1170 311 1199 336 et
1234 306 1304 336 sine
1338 305 1528 344 exceptione
1567 301 1656 341 sequi
1691 309 1750 330 nos
1782 297 1905 329 debere.
1962 298 2056 337 Quod
2094 297 2132 329 de

1170 354 1275 380 aetate
1295 348 1456 388 sequitur,
1479 346 1519 376 ad
1543 343 1824 383 amplificationem
1849 341 1946 372 valet:
1971 341 2045 381 quia
2069 351 2131 372 non

1143 388 1304 431 {vulgare
1339 389 1523 429 exemplum
1559 388 1626 423 fuit,
1662 396 1759 425 quum
1795 388 1911 414 natura
1950 394 2064 424 segnes
2101 388 2133 415 et

1143 458 1145 464 ,
1170 434 1276 474 frigidi
1305 434 1370 464 sint
1400 442 1507 467 senes,
1543 430 1622 460 duos
1653 428 1801 458 homines
1823 427 2044 466 octogenarios
2068 430 2134 458 tam

1171 476 1305 507 arduam
1335 475 1534 516 provinciam
1571 471 1694 511 vegetis
1728 470 1845 500 animis
1875 469 1971 500 obire.
2023 469 2135 509 Neque

1171 520 1255 550 enim
1292 529 1401 549 eorum
1437 516 1580 556 opinioni
1601 514 1758 545 assentior
1793 512 1846 552 qui
1880 516 1997 551 putant
2025 522 2135 543 eorum

1172 562 1361 602 dignitatem
1392 557 1610 591 commendari
1642 556 1681 586 ab
1705 555 1808 586 annis.
1855 554 2060 586 Venerabilis
2089 558 2138 586 est

1172 610 1335 641 senectus,
1370 603 1482 639 fatcor,
1512 600 1566 632 sed
1597 600 1691 639 longe
1725 598 1811 629 aliud
1842 597 2042 637 propositum
2076 597 2138 629 fuit

1172 647 1272 685 Mosi,
1307 657 1423 685 nempe
1454 643 1594 675 exclusis
1625 642 1775 673 humanis
1803 640 1933 677 mediis,
1975 641 2138 672 celebrare

1172 690 1234 721 Dei
1261 689 1414 730 gloriam,
1448 686 1532 727 quod
1567 696 1623 726 per
1657 695 1750 715 senes
1785 688 1891 714 aetate
1914 683 1976 713 iam
2001 683 2138 715 caducos

1172 743 1208 763 ac
1248 732 1426 771 decrepitos
1455 727 1690 760 inaestimabile
1719 727 1843 758 facinus
1875 725 2020 757 ediderit.
2066 726 2139 757 Etsi

1173 776 1258 806 enim
1293 775 1420 812 integer
1457 772 1562 804 adhuc
1597 771 1660 801 illis
1701 769 1870 801 constabat
1909 769 2012 809 vigor,
2053 769 2139 808 ipsos

1173 824 1279 849 tamen
1312 816 1440 848 timidos
1471 814 1603 846 reddere
1628 817 1754 853 poterat
1778 816 1937 849 senectus,
1973 817 2004 842 ct
2027 822 2140 843 curam

1172 861 1288 901 populo
1323 860 1468 895 iniicere,
1498 868 1596 897 quum
1625 856 1722 887 duces
1755 866 1830 887 suos
1861 865 1926 885 non
1950 854 2043 886 modo
2066 865 2139 894 pro·

1173 909 1283 935 vectae
1305 902 1359 934 scd
1380 903 1441 933 iam
1465 900 1504 931 ad
1529 903 1665 931 mortem
1689 898 1863 930 inclinatae
1887 897 2002 929 aetatis
2015 897 2140 937 conspi-

1173 952 1291 978 cerent.

1261 1032 1288 1062 8.
1311 1030 1353 1061 Et
1375 1030 1455 1061 ‹lia-it
1479 1028 1590 1059 Ielzova
1610 1027 1653 1059 ad
1666 1027 1775 1058 Mosen
1799 1025 1980 1064 etAltaron,
2005 1025 2140 1063 dicendo,

1147 1070 1149 1090 ‘¹
1175 1075 1203 1106 9.
1230 1073 1265 1104 Si
1289 1075 1431 1112 loquutus
1442 1072 1538 1112 fuerit
1557 1071 1598 1102 ad
1616 1080 1668 1102 'cos
1683 1070 1817 1107 Pharao,
1840 1069 1983 1100 dicendo.-
2013 1068 2144 1100 Statuite
2172 1071 2174 1073 ’

1175 1117 1259 1148 robis
1276 1116 1470 1156 prodigium:
1492 1117 1562 1145 tunc
1583 1114 1664 1145 dices
1687 1113 1728 1144 acl
1746 1112 1894 1143 Alzaron:
1920 1111 2004 1143 Tolle
2021 1112 2144 1151 viryam

1176 1163 1263 1190 tuam
1285 1161 1312 1190 ct
1328 1159 1445 1197 proiice
1468 1167 1570 1188 coram
1593 1156 1766 1193 Pharaone,
1789 1158 1815 1186 et
1835 1154 1887 1194 fiet
1909 1155 1941 1185 in
1965 1157 2142 1194 serpentem.

1178 1203 1227 1233 10.
1260 1202 1347 1233 Venit
1375 1211 1443 1241 eryo
1473 1200 1578 1231 Moses
1608 1202 1635 1230 et
1659 1199 1787 1229 Aharon
1812 1199 1853 1229 ad
1878 1197 2088 1234 Pharaonem,
2118 1199 2145 1228 ct

1845 1240 1888 1271 Et
1903 1241 2035 1280 ‘proiecit
2058 1240 2145 1271 Alca-

1178 1299 1234 1319 ron
1262 1288 1381 1327 cir-yma
1408 1296 1499 1317 setam
1528 1295 1632 1317 coram
1665 1284 1830 1315 Pharaone
1859 1286 1885 1314 ei
1913 1293 2015 1315 coram
2047 1283 2145 1315 servis

1711 1327 1759 1357 11.
1793 1326 1878 1358 Time
1908 1326 2023 1357 vocavit
2052 1327 2146 1357 etiam

1182 1374 1310 1405 Pharao
1338 1373 1492 1411 sapientes
1521 1374 1547 1402 et
1576 1372 1794 1407 incantatores,
1831 1372 1857 1400 et
1883 1370 2020 1408 fecerunt
2053 1369 2145 1400 etiam

1178 1417 1241 1456 ipsi
1263 1416 1346 1455 magri
1360 1415 1581 1455 Aegsyptiormn
1605 1414 1659 1444 hoc
1681 1413 1767 1444 modo
1789 1413 1858 1443 sais
1875 1411 2144 1443 incantationibus.

1182 1460 1230 1490 12.
1258 1459 1458 1490 Proiccerunt
1480 1458 1559 1488 enim
1583 1456 1700 1497 sinyuli
1721 1456 1828 1495 viryas
1857 1465 1947 1492 suas,
1975 1464 2052 1494 quae
2081 1455 2147 1494 fue-

1180 1505 1252 1533 runt
1286 1502 1319 1532 in
1348 1501 1500 1532 dracones.
1554 1499 1723 1531 Devoravi&
1756 1501 1858 1529 tamen
1890 1498 1979 1538 virya
2012 1496 2148 1529 Alzaron

1181 1546 1288 1584 viryas
1309 1544 1443 1575 illorum.
1469 1543 1516 1574 13.
1543 1542 1584 1573 Et
1608 1541 1753 1573 obduruit
1770 1551 1820 1572 cor
1841 1540 2029 1579 Pharaonis,
2052 1550 2148 1580 neque

1182 1588 1301 1619 aadioit
1325 1587 1401 1623 illos,
1425 1587 1516 1618 sicuti
1538 1586 1680 1624 loquutus
1702 1586 1767 1616 erat
1790 1583 1910 1615 Iehova.

1268 1674 1295 1704 S.
1322 1670 1363 1703 Et
1386 1672 1465 1703 dixit
1489 1671 1609 1703 Iehova.
1654 1671 1739 1710 Quia
1758 1669 1893 1701 rudibus
1916 1674 1948 1701 et
1966 1669 2081 1701 crassis
2100 1670 2148 1700 in-

1182 1715 1287 1757 geniis
1311 1715 1439 1755 scripsit
1455 1715 1572 1754 Moses⁷
1597 1714 1677 1744 nihil
1698 1714 1816 1744 mirum
1836 1714 1863 1744 si
1886 1713 1997 1744 eadem
2021 1712 2149 1753 saepius

1156 1779 1158 1800 1,
1183 1764 1314 1800 repetat.
1343 1759 1496 1789 Nostrum
1522 1768 1597 1789 vero
1620 1762 1677 1795 est,
1703 1768 1742 1787 ne
1765 1755 1893 1787 fastidio
1917 1756 2009 1787 nobis
2030 1755 2073 1786 sit
2095 1766 2149 1795 po-

1185 1802 1306 1842 pularis
1329 1812 1442 1839 sermo,
1467 1800 1638 1841 diligenter
1662 1804 1814 1831 excutere
1837 1809 1934 1839 quam
1955 1809 2066 1839 parum
2090 1809 2149 1830 nos

1157 1855 1309 1888 ¹quoque
1343 1845 1427 1875 acuti
1462 1849 1493 1874 et
1532 1844 1665 1874 solertes
1706 1843 1807 1873 simus
1847 1841 1886 1872 ad
1917 1841 2149 1873 consideranda

1158 1891 1159 1898 ¹
1185 1888 1246 1919 Dei
1270 1897 1375 1927 opera.

1159 1938 1160 1963 1
1184 1930 1369 1962 audivimus
1393 1930 1430 1960 de
1450 1930 1661 1961 conversione
1676 1929 1786 1969 virgae
1809 1928 1842 1958 in
1863 1932 2063 1968 serpentem:
2087 1927 2150 1958 nisi

1421 1887 1492 1917 Non
1517 1886 1648 1917 dubium
1673 1890 1723 1917 est
1746 1885 1798 1916 hic
1821 1885 1949 1916 recitari
1967 1883 2052 1925 quod
2074 1888 2149 1915 ante

1186 1973 1269 2013 quod
1295 1983 1379 2003 nunc
1403 1972 1501 2009 docet,
1537 1972 1729 2003 miraculum
1754 1971 1837 2011 quod
1861 1976 1936 2001 ante
1967 1971 2000 2001 in
2024 1970 2151 2001 deserto

1160 2044 1161 2055 ,
1186 2015 1336 2051 Madian,
1367 2021 1397 2046 ct
1426 2014 1541 2046 deinde
1573 2016 1605 2045 in
1637 2016 1787 2055 Aegypto
1816 2014 1874 2045 sub
1909 2013 2010 2045 oculis
2040 2012 2150 2053 populi

1188 2059 1308 2089 editum
1334 2058 1447 2095 fuerat,
1472 2069 1578 2089 coram
1604 2058 1774 2088 Pharaone
1797 2061 1958 2096 postremo
1982 2056 2079 2087 fuisse
2107 2055 2150 2086 si·-

1189 2101 1308 2132 militer
1332 2101 1463 2131 editum.
1500 2101 1600 2131 Porro
1626 2101 1700 2131 hinc
1724 2099 1915 2139 colligimus,
1940 2103 2054 2139 rogatu
2068 2097 2153 2129 Pha-

1188 2145 1295 2175 raonis
1319 2154 1429 2174 scrvos
1454 2143 1514 2174 Dei
1540 2144 1691 2183 probasse
1715 2148 1929 2182 testatamque
1953 2141 2064 2172 fecisse
2094 2152 2151 2172 vo-

1163 2229 1165 2233 ,
1189 2188 1346 2218 cntionem
1367 2196 1469 2216 suam:
1491 2197 1553 2226 quo
1574 2187 1682 2217 minus
1702 2185 1893 2216 excusabilis
1913 2185 1974 2215 fuit
1993 2184 2061 2215 eius
2080 2194 2152 2224 per-

1191 2230 1318 2264 tinacia,
1343 2229 1416 2260 dum
1442 2229 1596 2260 virtutem
1611 2230 1670 2260 Dei
1694 2229 1738 2259 ita
1759 2229 1964 2268 conspicuam
1987 2231 2153 2267 contemp-

1191 2273 1240 2304 sit.
1291 2272 1414 2312 Nempe
1444 2272 1502 2303 hoc
1533 2272 1707 2303 incredulis
1740 2271 1871 2302 solenne
1906 2275 1967 2309 est,
2001 2274 2154 2310 appetere

1191 2315 1322 2346 virtutis
1346 2314 1405 2344 Dei
1431 2315 1623 2351 testimonia,
1647 2314 1762 2355 quibus
1786 2313 1881 2344 fidem
1901 2313 2067 2353 abrogent,
2090 2323 2155 2344 non

1192 2357 1274 2398 quod
1306 2368 1342 2387 ex
1375 2358 1517 2397 professo
1542 2358 1646 2389 Deum
1671 2357 1888 2393 subsannent,
1923 2355 1977 2387 sed
2004 2355 2080 2396 quia
2103 2365 2155 2386 oc-

1192 2401 1278 2432 culta
1303 2401 1449 2440 impietas
1472 2401 1510 2431 ad
1536 2400 1720 2440 quaerenda
1744 2399 1946 2439 subterfugia
1964 2409 2018 2430 eos
2037 2398 2155 2429 sollici-

1295 2443 1450 2473 Molcstus
1481 2450 1528 2473 est
1556 2442 1694 2483 superbo
1723 2443 1791 2483 regi
1819 2447 1914 2481 atque
1944 2441 2008 2473 odii
2040 2441 2156 2480 plenus

1194 2486 1342 2517 nuncius:
1368 2487 1442 2525 quia
1467 2487 1608 2526 praecise
1633 2496 1697 2517 non
1720 2485 1818 2516 audet
1841 2485 1911 2516 Deo
1935 2495 2062 2525 negare,
2085 2494 2156 2523 spe-

1194 2529 1315 2560 ciosum
1342 2529 1509 2559 recusandi
1534 2529 1670 2560 colorem
1695 2529 1867 2568 excogitat,
1891 2527 2083 2558 miraculum
2103 2537 2158 2566 pe·

1195 2570 1306 2602 tendo:
1328 2571 1409 2610 quod
1434 2571 1486 2601 ubi
1511 2572 1690 2602 exhibitum
1711 2576 1776 2609 est,
1808 2571 1995 2602 remotiores
2018 2569 2159 2600 latebras

1196 2619 1317 2654 captat,
1355 2620 1387 2644 nt
1418 2615 1511 2654 paulo
1542 2620 1614 2654 post
1643 2614 1833 2645 videbimus.
1885 2613 2045 2652 Quoniam
2082 2622 2159 2652 ergo
