2304 3034
119 199 157 230 21
707 189 1072 223 COMMENTARIUS
1095 191 1144 222 IN
1167 191 1316 223 EXODI
1338 192 1435 224 OAP.
1457 193 1501 226 II.

118 302 214 332 quam
248 291 376 322 virtutis
410 298 485 320 suae
518 284 727 317 illustrandae
757 284 936 315 consilium.
990 282 1076 322 Quia

118 334 242 365 insidiis
263 337 296 363 et
318 332 440 363 occulta
461 329 573 361 fraude
592 327 670 358 nihil
691 327 834 366 profecit,
858 326 922 356 iam
942 335 1075 356 excusso

118 377 233 407 timore
257 375 295 406 ad
320 375 386 406 vim
417 377 558 412 apertam
589 369 729 410 prosilit:
760 374 791 399 et
822 373 949 399 teneros
971 368 1076 399 foetus

119 419 242 458 raptari
261 419 347 448 iubet
366 416 404 448 ab
424 415 572 446 uberibus
592 418 623 443 et
642 412 716 443 sinu
735 416 885 448 matrum,
899 415 931 440 et
943 411 1076 442 flumine

119 461 290 501 submergi.
331 460 378 490 Ne
401 457 505 489 desint
527 455 700 491 carnifices,
724 454 872 484 omnibus
896 453 1077 493 Aegyptiis,

119 514 199 544 quos
222 503 340 534 sciebat
362 501 431 541 plus
454 499 531 530 satis
561 508 627 528 esse
659 506 850 536 propensos,
886 496 944 526 has
968 504 1077 535 partes

120 546 268 585 iniungit.
311 543 454 574 Feminis
482 541 599 581 parcit,
624 544 660 569 ut
685 538 852 579 Aegyptiis
876 539 1076 578 mancipatae

121 595 153 620 et
183 588 325 619 addictae
354 594 464 615 servos
494 582 630 614 dominis
661 582 802 620 pariant:
833 582 907 620 quia
936 591 993 620 per
1023 590 1077 611 eas

121 631 247 662 salvum
277 639 340 659 non
370 631 492 666 poterat
519 631 604 656 stare
638 635 738 663 genus
769 634 804 654 ac
835 634 960 654 nomen.
1014 623 1077 654 Hic

120 672 272 712 temporis
312 669 411 701 nostri
451 666 698 698 similitudinem
736 666 920 705 expendere
959 675 1077 705 operae

120 716 257 755 pretium
280 719 335 744 est.
380 710 600 742 Antichristus
624 709 719 746 enim,
742 719 814 739 cum
838 709 904 739 suis
927 708 1077 739 omnibus

120 757 249 793 sicariis,
272 766 323 787 eos
346 754 398 794 (1111
422 752 542 793 perfido
566 751 693 782 silentio
713 751 882 782 Christum
905 751 1076 791 abnegant,

120 805 151 831 et
181 798 282 839 parati
316 804 389 828 sunt
423 795 582 826 serviliter
615 805 708 824 omne
744 794 945 833 impietatum
976 804 1077 833 genus

120 841 284 881 amplecti,
318 839 442 879 quietos
482 838 573 868 sinit:
617 847 674 868 nec
714 847 805 867 suam
846 835 1078 874 crudelitatem,

120 883 264 925 quamvis
293 883 334 913 sit
365 880 570 916 insatiabilis⁷
604 883 733 910 exercet
773 878 827 909 ubi
863 878 945 908 nihil
975 880 1078 910 cernit

121 926 226 958 virile:
263 929 354 964 atque
390 923 441 954 ubi
476 923 676 953 effeminatos
714 922 815 952 iacere
844 921 933 951 videt
961 921 1105 961 quibusl

119 968 157 1000 ad
185 967 279 999 fidem
309 965 517 1006 profitendam
548 964 667 1005 aliquid
700 965 804 994 fuerat
837 964 952 1001 animi,
988 964 1078 1003 quasi
1103 988 1105 999 ‚

118 1011 183 1042 voti
215 1020 342 1049 compos
374 1008 513 1038 exsultat
546 1012 578 1037 et
611 1007 802 1046 triumphat.
849 1007 949 1046 Atqui
987 1005 1079 1037 nobis

118 1053 219 1085 satius
252 1058 298 1083 est
332 1052 450 1082 centies
483 1051 637 1087 interfici,
673 1055 705 1079 et
739 1049 878 1079 retinere
914 1050 944 1079 in
974 1054 1078 1079 morte

117 1095 291 1127 masculam
316 1094 485 1128 virtutem,
514 1103 608 1132 quam
634 1093 733 1123 vitam
757 1091 930 1129 redimere,
958 1091 991 1122 in
1015 1101 1079 1131 qua

117 1137 254 1178 turpiter
277 1137 399 1167 diabolo
422 1135 613 1167 serviamus.

487 1304 511 1335 C
518 1304 635 1336 APUT
659 1304 702 1335 II.

202 1391 228 1421 1.
254 1390 381 1421 Abierat
403 1392 503 1420 autem
525 1390 575 1420 vir
596 1400 633 1420 ea·
656 1390 742 1420 domo
767 1390 850 1425 Levi,
874 1393 900 1421 et
924 1393 1077 1430 acceperat

115 1434 212 1473 filiani
235 1433 318 1464 Levi.
355 1433 383 1463 2.
405 1432 544 1472 Concepit
565 1435 665 1463 autem
687 1432 799 1463 mulier
822 1433 887 1471 illa,
912 1436 937 1463 ct
955 1434 1077 1472 peperit

115 1476 233 1516 filium:
254 1476 416 1515 vidensque
437 1485 504 1506 eum
527 1486 589 1505 osse
609 1475 780 1513 pulchram,
805 1475 961 1507 abscondit
978 1476 1076 1506 tribus

116 1518 278 1550 mensibus.
324 1518 351 1548 3.
376 1517 418 1548 Et
439 1519 512 1557 qaia
538 1518 624 1548 illum
647 1518 829 1549 ahseondere
857 1519 994 1557 amplius
1016 1529 1075 1549 non

110 1564 249 1600 poterat,
273 1561 383 1599 accepit
405 1560 431 1591 ei
454 1570 557 1591 cwcanz
581 1561 802 1597 armalineanz,
832 1564 858 1591 ct
881 1561 987 1592 oblevit
1008 1572 1075 1592 eain

116 1603 261 1634 bitumine
273 1606 299 1633 et
305 1604 381 1643 pice,
399 1606 424 1633 et
442 1603 577 1641 reposuit
596 1604 629 1634 in
647 1614 682 1633 ea
703 1604 906 1643 infantulum.-
925 1604 1076 1643 ea'posnit-
1100 1617 1101 1636 ι

117 1656 173 1685 que
194 1647 228 1677 in
250 1648 373 1681 carecto,
402 1646 490 1676 iuxta
512 1646 616 1685 ripam
646 1646 796 1683 fluminis.
842 1647 870 1677 4.
898 1646 986 1677 Stetit
1008 1657 1076 1678 vcro

115 1698 202 1719 soror
239 1689 304 1719 eins
343 1689 474 1725 eminas,
513 1691 546 1718 ut
584 1691 768 1728 coynoseeret
808 1690 884 1728 quid
917 1689 944 1719 ei
981 1689 1074 1728 fieret.

117 1730 145 1762 5.
172 1730 269 1762 Porro
299 1730 448 1762 descendit
474 1730 542 1769 filia
568 1730 745 1762 Pharaonis
773 1734 807 1761 nt
839 1732 957 1762 lavaret
983 1742 1014 1763 se
1042 1733 1074 1762 *in

113 1774 258 1811 flumine:
277 1772 518 1813 (deambulabant
530 1776 630 1804 autem
643 1774 769 1813 puellae
787 1775 853 1805 eins
867 1784 953 1805 secas
971 1775 1076 1814 ripam

113 1815 279 1857 fluminim)
309 1818 334 1846 et
355 1816 462 1847 videns
484 1816 623 1846 arculam
653 1817 685 1847 in
712 1817 810 1848 medio
839 1818 962 1855 carecti,
991 1818 1077 1848 misit

116 1858 261 1890 ancillam
298 1868 388 1889 snam
426 1868 503 1897 qnae
542 1858 632 1889 illam
676 1859 796 1891 tolleret.
853 1860 881 1890 6.
919 1860 1077 1899 Quamque

117 1901 293 1940 aperuisset,
315 1901 391 1931 vidit
408 1901 511 1940 ipsum
523 1901 726 1940 infantulum.-
750 1905 776 1933 et
794 1912 863 1940 ecee,
878 1912 958 1941 puer
973 1903 1076 1940 flebat.-

116 1945 143 1973 et
163 1943 288 1974 miserta
308 1943 396 1974 illius
417 1944 512 1974 dixit:
531 1943 592 1975 Hic
614 1954 650 1975 ea:
668 1945 778 1983 pueris
790 1944 1000 1976 Hebraeorum
1023 1948 1073 1977 est.

117 1985 145 2016 7.
172 1986 257 2017 Tunc
278 1986 358 2017 clirit
379 1995 465 2016 soror
486 1987 554 2017 eins
576 1987 618 2017 acl
638 1987 737 2025 filiani
763 1987 956 2019 Pharaonis:
979 1987 1076 2019 Ihone

115 2031 147 2058 ut
168 2038 265 2059 vocem
286 2028 341 2058 tibi
362 2029 519 2060 mulierem
539 2030 685 2060 nutricem
703 2040 740 2060 ex
753 2029 903 2061 Hebraeis
920 2041 997 2069 quae
1019 2031 1075 2061 tibi

117 2070 200 2101 lactet
228 2071 439 2110 infantulam?
485 2072 513 2102 8.
540 2072 709 2110 Respondit
736 2073 763 2103 ei
784 2073 851 2111 filia
878 2073 1074 2104 Pharaonis:

124 2112 216 2144 Vade.
263 2112 404 2152 Profecta
427 2116 470 2144 est
493 2115 588 2154 igitar
610 2115 733 2153 puella,
756 2117 782 2146 et
809 2116 924 2146 vocavit
946 2119 1074 2146 matrem

113 2156 213 2193 pueri.
246 2155 275 2186 9.
301 2155 360 2187 Cui
375 2155 443 2194 filia
464 2156 642 2188 Pharaonis
659 2157 754 2188 dicit.-
780 2158 862 2189 Tolle
883 2158 1072 2197 infantulum

117 2197 204 2236 lianc,
225 2200 251 2228 et
272 2198 350 2228 lacta
371 2208 438 2229 cnm
460 2199 551 2236 milii,
583 2202 609 2230 ct
638 2210 689 2239 eqo
711 2200 788 2231 dabo
818 2200 873 2231 tibi
895 2201 1070 2232 mercedem.

121 2239 204 2270 Tunc
236 2240 345 2279 accepit
377 2241 489 2272 mulier
527 2242 731 2281 infantulam,
766 2246 793 2273 et
829 2243 954 2274 lactavit
992 2254 1070 2275 enon.

118 2281 167 2312 10.
191 2282 287 2312 Crevit
305 2285 404 2314 autem
425 2284 606 2323 infantulus,
630 2288 655 2316 et
673 2286 804 2316 adduxit
823 2296 891 2316 cam
910 2286 951 2316 ml
971 2286 1072 2325 filiam

118 2323 302 2362 Pharaonis,
324 2325 374 2355 cai
394 2325 494 2364 factus
515 2327 549 2357 in
569 2327 679 2366 filium,
702 2330 728 2358 et
746 2329 862 2359 vocavit
880 2339 985 2359 nornen
1005 2330 1071 2361 eius

117 2365 234 2403 BIoseh,
256 2366 372 2397 dicens:
396 2368 546 2406 Quoniam
569 2380 606 2400 ex
629 2371 721 2409 aquis
743 2371 867 2401 extraxi
890 2382 966 2402 eam.

203 2450 230 2480 1.
259 2450 394 2482 Abierat.
437 2452 576 2493 Tempus
605 2455 694 2486 verbi
719 2455 1069 2495 plusquamperfectum

118 2492 385 2540 reddere-malui,
415 2495 573 2527 tollendae
602 2497 821 2537 ambiguitatis
849 2509 953 2530 causa.
1000 2499 1069 2530 Nisi

117 2545 203 2565 enim
234 2533 376 2582 dicamus
405 2537 538 2568 Mariam
573 2545 604 2570 et
634 2540 765 2571 Aharon
801 2552 842 2571 ex
874 2541 936 2572 alia
965 2547 1070 2574 matre

118 2582 220 2614 natos,
243 2578 414 2624 verisimile
436 2580 551 2620 alioqui
574 2593 637 2612 nen
662 2588 745 2614 esset
769 2585 953 2624 coniugium
973 2585 1032 2617 hoe
1051 2596 1069 2616 a

118 2619 372 2659 promulgatione
404 2621 497 2653 edicti
529 2624 626 2655 fuisse
659 2630 868 2657 contractum.
924 2627 992 2657 Iam
1028 2628 1069 2660 ad

2059 194 2104 225 22

1129 285 1307 316 triennium
1332 290 1527 326 pervenerat
1551 285 1682 316 Aharon
1706 296 1804 325 quum
1827 289 1925 316 natus
1954 288 2003 316 est
2026 286 2098 317 Mo-

1128 338 1187 364 ses,
1211 333 1242 358 et
1262 328 1367 368 palam
1388 334 1419 359 et
1443 339 1554 359 secure
1573 328 1672 359 fuisse
1689 328 1859 359 educatum
1882 327 1975 359 facile
1994 328 2096 358 eonii-

1128 370 1220 401 eitur.
1256 371 1356 410 Atqui
1376 371 1508 401 dubium
1529 381 1591 401 non
1610 376 1658 402 est
1677 371 1753 410 quin
1773 372 1932 402 saevitum
1954 371 2096 402 atrocius

1127 412 1227 443 fuerit
1260 413 1344 444 inter
1378 414 1547 453 principia.
1604 413 1714 452 Quare
1747 413 1773 443 si
1808 413 1929 444 uterini
1962 413 2097 443 fuerunt

1128 456 1253 492 fratres,
1272 466 1334 486 non
1356 455 1442 486 aliud
1463 460 1563 486 restat
1583 456 1646 486 nisi
1666 461 1703 486 ut
1721 455 1865 487 dicamus
1883 454 1954 485 καθ’
1973 453 2098 496 ὕστερον

1128 498 1269 538 πρότερον
1293 509 1379 529 61166
1401 498 1529 528 demum
1560 499 1686 528 narrari
1715 498 1799 538 quod
1830 502 1905 528 ante
1928 497 2100 528 acciderat.

1129 539 1239 571 Solius
1263 546 1368 571 611166]
1393 541 1494 571 Mosis
1517 541 1552 571 fit
1577 541 1710 577 mentio,
1741 540 1816 580 quia
1844 548 1922 571 tune
1952 540 2095 580 primum

1129 583 1265 622 capit-ale
1289 594 1358 614 esse
1379 587 1528 622 coeperat
1551 583 1708 614 masculos
1739 584 1843 613 foetus
1866 583 1961 613 alere.
2007 582 2095 613 Abe-

1129 625 1206 655 undi
1232 630 1287 656 aut
1311 625 1530 664 proficiscendi
1560 625 1658 655 verbo
1688 630 1828 656 utuntur
1849 625 1991 655 Hebraei
2017 624 2094 655 dum

1129 669 1293 707 negotium
1328 668 1448 698 serium
1482 672 1513 697 et
1547 668 1675 698 maioris
1709 669 1865 698 momenti
1906 671 2094 706 susceptum

1129 711 1228 741 fuisse
1250 711 1449 750 significant,
1476 710 1526 741 vel
1550 710 1625 740 duni
1649 710 1756 750 agitur
1778 709 1817 740 de
1841 721 1874 740 re
1898 710 2006 749 aliqua
2029 720 2096 740 me-

1130 752 1241 783 ditata.
1288 753 1354 783 Nee
1383 763 1617 791 supervacuum
1648 758 1697 783 est
1725 752 1809 792 quod
1841 757 1953 783 narrat
1976 752 2094 789 Moses,

1129 800 1255 835 patrem
1287 806 1380 826 suum
1412 795 1543 825 duxisse
1573 805 1706 825 uxorem
1738 806 1776 825 ex
1800 795 1886 826 tribu
1918 804 1991 825 sua:
2020 794 2096 834 quia

1130 838 1247 877 duplex
1272 837 1505 868 coniunctionis
1529 837 1695 868 vinculu-ni
1726 848 1778 868 eos
1802 837 1959 868 debuerat
1982 836 2021 867 ad
2045 847 2096 867 so-

1130 880 1233 911 bolem
1268 880 1460 911 servandam
1494 880 1692 910 confirmare.
1745 880 1846 910 Paulo
1880 884 1951 919 post
1986 883 2095 910 autem

1131 923 1312 954 videbimus
1325 933 1421 962 quam
1441 921 1552 952 timide
1571 922 1706 962 egerint.
1741 923 1885 953 Puerum
1905 921 1944 952 ad
1964 928 2093 961 tempus

1129 966 1227 996 breve
1250 966 1411 997 occultant
1440 964 1550 1004 rapido
1580 965 1697 995 ameris
1720 965 1843 1005 impetu
1870 965 1974 1004 magis
1997 974 2094 1003 quam

1130 1009 1291 1039 constanti
1311 1008 1437 1038 affectu,
1474 1007 1591 1037 Tribus
1604 1007 1720 1046 elapsis
1734 1007 1907 1044 mensibus,
1921 1011 2093 1047 postquam

1131 1051 1266 1082 evanuit
1289 1051 1397 1081 fervor
1420 1050 1474 1080 ille
1497 1053 1532 1079 ut
1556 1049 1727 1080 discrimen
1752 1050 1925 1090 effugiant,
1956 1059 2093 1089 puerum

1129 1094 1197 1124 fere
1228 1093 1392 1124 abiiciunt.
1439 1092 1509 1123 Etsi
1539 1092 1625 1122 enim
1656 1092 1724 1122 eius
1753 1092 1893 1123 lactandi
1922 1103 2032 1130 causa,
2066 1092 2094 1122 si

1130 1136 1195 1167 illic
1208 1138 1436 1175 pernoctasset,
1449 1134 1602 1174 postridie
1622 1134 1728 1165 forsan
1742 1140 1879 1165 ventura
1891 1139 1960 1165 erat
1975 1138 2092 1166 mater:

1128 1189 1186 1219 pro
1200 1178 1351 1210 derelicto
1365 1184 1473 1208 tamen
1492 1187 1567 1207 eum
1579 1177 1758 1208 innumeris
1770 1177 1862 1207 noxis
1886 1181 2091 1217 exposuerat.

1130 1222 1201 1252 Hoc
1224 1221 1371 1260 exemplo
1395 1221 1545 1251 doeemur
1568 1224 1686 1259 quanto
1716 1225 1838 1250 terrore
1863 1220 1999 1259 perculsi
2023 1220 2093 1250 fue-

1131 1265 1197 1294 rint
1219 1264 1364 1294 omnium
1389 1263 1505 1296 animi,
1530 1262 1584 1293 ubi
1608 1262 1657 1292 vir
1680 1266 1712 1292 et
1735 1273 1816 1292 uxor
1839 1262 2018 1302 propinqua
2041 1272 2093 1293 co-

1129 1307 1282 1347 gnatione
1301 1306 1387 1336 inter
1405 1316 1439 1336 se
1458 1305 1609 1341 devincti,
1629 1315 1830 1336 communem
1850 1305 1980 1342 foetum,
2001 1305 2092 1336 euius

1129 1349 1335 1389 pulchritudo
1359 1358 1412 1379 eos
1435 1347 1474 1378 ad
1497 1347 1749 1378 misericordiam
1772 1348 1915 1383 flexerat,
1939 1347 2092 1386 ferarum,

1129 1392 1217 1429 coeli,
1241 1402 1351 1431 aquaey
1375 1396 1407 1422 et
1429 1400 1523 1421 omne
1546 1400 1647 1430 genus
1666 1390 1793 1420 iniuriis
1811 1390 1948 1421 obiicere
1966 1390 2093 1421 malunt

1129 1445 1225 1474 quam
1250 1444 1314 1464 una
1337 1444 1409 1465 cum
1431 1443 1467 1463 eo
1496 1434 1610 1473 perire.
1656 1433 1828 1463 Caeterum
1858 1432 1896 1463 de
1926 1432 1986 1462 1106
2009 1433 2092 1464 facto

1129 1477 1311 1517 disputatur
1329 1478 1362 1507 in
1382 1480 1550 1515 utramque
1574 1478 1711 1514 partem:
1737 1476 1878 1505 satiusne
1902 1475 1999 1505 fuerit
2018 1486 2035 1505 a
2058 1485 2092 1506 se

1129 1521 1260 1551 reiicere
1291 1519 1382 1559 pueri
1413 1528 1523 1549 curam
1546 1528 1641 1557 quam
1664 1522 1850 1557 exspectare
1873 1517 2028 1557 quidquid
2051 1528 2091 1548 ex

1128 1563 1254 1594 occulta
1267 1561 1410 1594 custodia
1422 1561 1563 1592 instabat
1576 1560 1778 1591 discriminis.
1814 1560 1932 1590 Fateor
1951 1560 2090 1599 quidem,

1128 1606 1221 1636 sicuti
1234 1606 1268 1635 in
1282 1605 1378 1636 rebus
1397 1603 1559 1644 perplexis
1573 1603 1700 1633 difficile
1713 1608 1760 1633 est
1779 1607 1902 1633 rectum
1922 1602 2090 1633 eonsilium

1127 1658 1259 1688 capere,
1288 1648 1333 1678 ita
1364 1646 1402 1677 de
1434 1657 1469 1676 eo
1493 1645 1575 1686 quod
1606 1651 1732 1685 captum
1758 1650 1813 1681 est,
1838 1645 1966 1676 diversa
1989 1645 2091 1676 solere

1127 1691 1203 1722 ferri
1238 1690 1365 1722 iudicia.
1422 1689 1492 1729 Ego
1526 1693 1633 1719 tamen
1674 1687 1877 1718 timiditatem
1918 1693 2090 1727 parentum

1128 1734 1237 1771 Musis,
1261 1743 1325 1772 qua
1347 1732 1411 1763 illis
1434 1731 1567 1762 inducta
1588 1736 1635 1761 est
1658 1731 1753 1761 officii
1777 1731 1826 1760 sui
1850 1730 1985 1767 oblivio,
2019 1741 2090 1771 per-

1126 1787 1236 1816 peram
1268 1776 1338 1807 dieo
1369 1774 1500 1806 absolvi.
1546 1774 1686 1804 Tantum
1717 1772 1864 1803 videmus
1899 1773 2009 1803 divino
2040 1774 2090 1804 in-

1126 1819 1247 1850 stinctu
1276 1818 1352 1849 feris
1381 1828 1506 1857 quoque
1536 1820 1567 1847 et
1596 1816 1699 1846 brutis
1729 1815 1922 1846 animalibus
1952 1815 2089 1847 inditam

1126 1861 1244 1892 sobolis
1268 1871 1344 1892 suae
1366 1860 1504 1891 tuendae
1527 1863 1558 1890 et
1581 1858 1736 1889 fovendae
1759 1857 2025 1894 sollicitudinem,
2052 1864 2090 1889 ut

1126 1911 1230 1935 mater
1264 1903 1427 1944 propriam
1463 1903 1562 1933 vitam
1597 1911 1654 1940 pro
1687 1901 1789 1931 foetus
1821 1900 1869 1931 sui
1905 1900 2088 1932 defensione

1126 1957 1222 1987 saepe
1246 1946 1398 1986 negligat.
1447 1944 1519 1983 Quo
1550 1944 1675 1983 turpius
1706 1947 1754 1974 est
1777 1943 1923 1973 homines
1946 1943 1984 1973 ad
2008 1944 2089 1975 ima-

1126 1990 1233 2029 ginem
1247 1990 1308 2020 Dei
1329 1992 1461 2024 creatos,
1486 1991 1574 2017 metu
1599 1986 1638 2017 ad
1658 1996 1728 2016 eam
1747 1986 1982 2016 immanitatem
2002 1986 2087 2027 adigi

1126 2037 1161 2062 ut
1184 2033 1300 2063 liberos
1324 2031 1398 2062 fidei
1422 2041 1498 2061 suae
1517 2029 1700 2068 tutelaeque
1719 2028 1906 2059 commissos
1926 2027 2086 2060 deserant.

1125 2074 1191 2113 Qui
1214 2074 1409 2111 obtendunt,
1438 2072 1518 2103 nihil
1542 2072 1639 2102 fuisse
1663 2071 1776 2101 melius
1803 2081 1899 2110 quam
1918 2070 1950 2100 in
1975 2081 2009 2101 re
2033 2071 2087 2102 de-

1125 2122 1253 2157 sperata
1272 2116 1457 2148 recumbere
1480 2116 1512 2145 in
1533 2115 1593 2145 Dei
1613 2113 1854 2153 providentiam,
1875 2123 1977 2152 neque
1996 2114 2086 2152 nihil,

1125 2170 1230 2200 neque
1270 2164 1374 2190 totum
1414 2158 1535 2189 dicunt.
1592 2156 1748 2188 Solatium
1789 2156 1995 2195 praecipuum
2037 2163 2085 2187 est

1124 2202 1280 2240 fidelibus,
1301 2200 1533 2232 sollicitudines
1553 2210 1627 2230 suas
1646 2208 1820 2229 exonerare
1838 2198 1871 2227 in
1887 2198 1948 2228 Dei
1960 2198 2084 2230 sinum:

1124 2255 1248 2285 nempe,
1272 2248 1308 2275 ut
1330 2245 1452 2275 interea
1475 2254 1591 2273 munus
1613 2252 1703 2272 suum
1725 2244 1957 2280 exsequantur,
1982 2251 2084 2281 neque

1123 2289 1202 2319 fines
1226 2298 1303 2318 suae
1332 2286 1508 2317 vocationis
1538 2284 1708 2318 excedant.
1740 2293 1841 2322 neque
1871 2282 2043 2314 deflectant
2066 2294 2084 2314 a

1123 2330 1177 2361 via
1211 2330 1271 2361 sibi
1305 2329 1480 2369 proposita:
1522 2327 1577 2358 sed
1617 2336 1766 2365 perverse
1803 2324 1988 2356 obtenditur
2020 2326 2082 2357 Dei

1122 2373 1327 2413 providentia
1356 2370 1529 2403 cessationi
1552 2375 1584 2400 et
1613 2369 1768 2409 ignaviae.
1815 2367 1929 2398 Potius
1952 2379 2082 2408 sperare

1121 2415 1299 2447 debuerant
1320 2415 1354 2445 in
1378 2415 1520 2444 futurum
1543 2418 1669 2451 tempus
1693 2411 1793 2441 Mosis
1816 2415 1967 2449 parentes
1989 2422 2081 2442 suam

1120 2462 1152 2490 et
1184 2458 1276 2498 pueri
1309 2457 1446 2488 salutem
1465 2455 1535 2486 Deo
1568 2456 1634 2485 fore
1663 2464 1767 2484 curae.
1812 2453 1933 2493 Magna
1963 2453 2081 2485 seduli-

1120 2504 1186 2532 tate
1220 2501 1355 2532 confecit
1384 2503 1487 2529 mater
1519 2507 1640 2533 aream,
1675 2501 1706 2526 et
1735 2495 1869 2526 oblevit:
1904 2497 2080 2535 quorsum?

1120 2544 1183 2574 nisi
1206 2547 1243 2573 ut
1265 2543 1298 2573 in
1322 2553 1359 2573 ea
1388 2542 1488 2572 filium
1517 2538 1687 2580 sepeliret?
1720 2538 1857 2577 Semper
1884 2538 2012 2578 quidem
2041 2539 2081 2571 de

1119 2587 1188 2626 ipso
1207 2591 1255 2617 est
1273 2585 1418 2619 sollicita,
1438 2585 1546 2619 fateory
1571 2591 1684 2620 nempe
1703 2585 1739 2611 ut
1761 2580 1931 2611 ridiculum
1952 2581 1993 2611 sit
2011 2582 2080 2615 eius

1120 2629 1301 2665 eonsilium,
1323 2627 1406 2668 quod
1429 2626 1569 2665 profectu
1594 2623 1758 2660 caruisset,
1782 2623 1845 2654 nisi
1868 2630 1994 2662 praeter
2012 2626 2083 2665 opi-

1844 2673 1877 2691 0*
