2304 3034
74 183 136 214 549

75 276 180 307 Deum
201 275 305 306 facere
324 273 502 305 tentabunt.
532 270 624 302 Adde
643 270 725 309 quod
746 269 772 300 si
792 270 939 309 cupimus
955 269 1027 300 fide-

75 319 147 349 liter
171 317 276 348 Deum
306 317 422 353 colere,
451 320 641 355 perpetuum
671 323 745 343 cum
776 312 840 342 illis
864 312 1030 343 dissidium

75 361 165 392 nobis
196 371 264 391 esse
295 363 424 399 oportet.
470 357 556 396 Ergo
580 365 642 385 non
667 360 795 385 tantum
819 364 837 384 a
860 354 1031 385 manifesto

75 413 234 434 consensu
267 411 414 441 separare
448 410 504 430 nos
534 397 603 428 vult
632 397 737 427 Deus:
770 397 825 428 sed
856 398 930 436 quia
960 396 1030 436 plus

75 446 152 477 satis
182 443 370 484 corruptelis
399 451 507 473 sumus
536 439 650 476 dediti,
682 440 791 479 fugere
822 439 919 469 etiam
944 440 1031 470 iubet
1056 439 1058 449 ¹

75 499 186 520 omnes
216 487 394 521 illecebras,
424 493 503 523 quae
527 482 682 522 paulatim
703 492 759 512 nos
782 481 821 512 ad
845 481 1030 513 societatem

75 531 231 562 scelerum
253 528 415 559 inducant.
445 525 508 557 Sed
532 525 607 564 quia
630 530 715 555 recte
739 524 890 555 admonet
910 524 1030 555 Paulus
1055 531 1057 565 ς

75 573 116 614 (1.
140 573 212 603 Cor.
236 572 271 609 5,
303 570 368 611 10),
396 569 422 599 si
446 567 525 598 nihil
550 567 643 598 liccat
668 566 787 597 habere
811 567 932 606 negotii
956 577 1027 597 cum
1055 567 1057 576 '

74 615 262 651 incredulis,
299 610 476 643 exeundum
509 620 576 640 esse
605 620 623 640 a
654 609 789 647 mundo,
829 609 1028 649 distinguere

75 657 318 689 convenitinter
336 658 516 685 contractus
536 652 589 691 qui
609 662 666 682 nos
686 652 878 687 consociant,
900 658 931 682 et
950 652 1028 682 ulios

75 701 127 740 qui
142 698 219 730 nihil
232 698 379 728 minuunt
391 706 430 726 ex
443 701 552 725 nostra
565 693 722 725 libertate.
741 694 905 733 Quamdiu
922 705 1027 725 versa·

75 753 148 773 mur
176 742 259 772 inter
281 738 475 772 incredulos,
506 737 695 768 commercia
718 748 800 776 quae
823 737 861 767 ad
886 747 1026 767 commu-

74 795 147 815 nem
167 784 263 815 vitam
287 784 430 821 spectant
452 780 594 820 effugere
618 790 681 810 non
704 789 889 819 possumus:
915 790 1026 810 verum

74 828 100 858 si
129 826 258 866 propius
287 823 482 859 accedimus,
513 828 548 853 ut
570 822 644 852 inde
667 823 789 852 oriatur
813 823 914 852 maior
936 822 1025 852 fami—

73 870 208 906 liaritas,
248 867 375 898 ianuam
413 864 646 905 quodammodo
680 865 842 904 aperimus
877 864 1025 896 Satanae.

73 909 238 943 Eiusmodi
255 913 330 940 sunt
352 907 478 938 foedera
500 908 583 938 inter
606 918 697 947 reges
721 912 752 938 et
776 907 918 946 populos,
943 908 1028 937 inter

72 955 213 994 privatos
250 951 392 982 homines
426 950 598 981 connubia:
641 950 775 990 ideoque
810 950 847 979 de
882 950 1027 989 utrisque

71 996 173 1036 legem
203 994 275 1025 tulit
298 993 403 1024 Moses
433 993 533 1023 veteri
557 992 684 1032 populo.
731 993 801 1023 Etsi
825 999 931 1023 autem
957 1003 1027 1024 nos-

71 1046 120 1069 tra
132 1037 266 1069 conditio
279 1035 371 1066 hodie
390 1035 432 1066 sit
451 1035 587 1072 liberior,
608 1046 775 1066 monemur
795 1039 900 1065 tamen
922 1035 1026 1065 vitan-

70 1080 127 1112 das
164 1090 231 1110 esse
258 1088 369 1109 omnes
399 1078 551 1114 insidias,
586 1088 798 1118 quaeeunque
828 1077 903 1108 huic
940 1078 1025 1108 malo

69 1123 263 1154 occasionem
294 1120 426 1151 daturae
455 1126 572 1152 essent.
620 1121 715 1151 Viros
740 1131 874 1151 uxorum
900 1120 1024 1150 blandi-

68 1165 120 1196 tiis
149 1164 248 1204 decipi
280 1163 376 1194 nimis
407 1163 540 1203 vulgare
570 1169 633 1200 est,
665 1174 793 1193 rursum
826 1163 885 1193 viri
909 1173 1026 1194 uxores

66 1217 124 1247 pro
147 1217 204 1238 sua
227 1210 383 1246 potestate
406 1212 526 1243 cogunt
550 1205 589 1236 ad
612 1205 810 1245 obsequium.
855 1205 968 1244 Itaque
992 1217 1024 1236 se

66 1249 157 1280 idolis
186 1249 323 1280 scientes
352 1253 384 1279 et
406 1248 551 1279 volentes
576 1248 736 1279 devovent
759 1248 812 1287 qui
836 1258 870 1279 se
892 1248 1023 1278 idolola-

66 1292 123 1323 tris
141 1291 355 1323 commiscent.
386 1291 425 1321 Iu
445 1291 625 1322 foederibus
648 1290 732 1321 idem
755 1291 927 1331 contingit:
952 1291 1026 1330 quia

65 1334 162 1374 pudet
191 1345 253 1364 non
283 1333 409 1373 aliquod
440 1335 568 1373 signum
593 1333 815 1365 observantiae
839 1333 922 1364 dare.
969 1332 1024 1364 Sic

65 1378 98 1408 in
121 1377 256 1417 gratiam
279 1377 365 1416 regis
379 1375 494 1416 Syriae
517 1376 619 1407 erexit
635 1376 740 1407 Achaz
762 1376 863 1406 altare
887 1377 918 1406 in
944 1380 1024 1406 tem-

65 1420 116 1460 plo
145 1419 344 1450 Damasceno
374 1419 477 1449 simile
507 1418 548 1459 (2.
575 1420 654 1459 Reg.
681 1419 734 1456 16,
761 1418 821 1460 10).
867 1418 922 1450 Sic
945 1418 1022 1449 dum

65 1462 238 1502 gratificari
263 1461 372 1492 volunt
385 1461 494 1492 Iudaei
511 1462 662 1502 Assyriis,
687 1472 796 1492 eorum
822 1461 1022 1501 superstitio-

64 1516 120 1536 nes
149 1504 263 1535 imitati
293 1511 377 1535 sunt.
428 1504 576 1544 Denique
607 1504 808 1535 rarissimum
841 1510 887 1534 est
915 1514 1023 1534 exem-

65 1547 169 1587 plum,
200 1553 234 1578 ut
263 1547 346 1586 apud
371 1557 424 1578 eos
449 1547 502 1586 qui
527 1547 699 1586 impiorum
725 1547 866 1577 favorem
892 1551 1024 1586 captant

67 1589 231 1630 impolluta
259 1595 387 1620 maneat
416 1590 536 1630 religio.
587 1590 635 1620 Ac
665 1600 726 1629 quo
756 1591 859 1628 magis
890 1589 1023 1620 sollicite

68 1643 102 1664 se
118 1633 152 1663 in
170 1632 273 1663 officio
292 1633 486 1670 contineant,
510 1632 724 1663 denunciatur
742 1632 825 1671 quod
850 1632 916 1662 dixi
941 1632 1023 1671 peri-

69 1675 182 1706 culum.
226 1675 355 1714 Alioqui
386 1675 493 1706 statim
524 1676 557 1705 in
586 1686 640 1706 ore
669 1675 804 1706 fuissent
828 1675 887 1705 hae
909 1685 1024 1714 excep—

69 1719 179 1755 tiones,
198 1718 344 1757 quamvis
362 1728 381 1749 a
399 1728 476 1748 vera
495 1718 612 1757 pietate
631 1717 802 1748 abhorreat
820 1728 911 1753 uxor,
936 1717 1025 1748 stabo

69 1764 174 1790 tamen
203 1761 340 1800 integer:
372 1761 519 1800 quamvis
549 1771 583 1791 se
608 1760 676 1791 Deo
701 1771 762 1790 non
787 1760 935 1791 subiiciat
959 1771 1025 1791 ma-

70 1803 165 1842 ritus,
198 1813 361 1842 nunquam
397 1810 504 1833 tamen
539 1813 557 1833 a
592 1808 677 1834 recto
710 1814 804 1834 cursu
840 1803 1023 1834 deflectam:

69 1845 212 1884 quamvis
240 1845 409 1876 foederatis
439 1845 526 1876 cordi
550 1856 614 1876 non
636 1847 678 1877 sit
701 1845 829 1885 religio,
859 1845 943 1885 apud
967 1856 1025 1876 nos

70 1891 174 1918 tamen
198 1893 305 1918 sancte
327 1888 386 1919 coli
410 1899 473 1918 non
497 1887 628 1919 desinet.
677 1889 764 1919 Deus
788 1898 863 1928 ergo
888 1894 1025 1928 tempes-

70 1930 135 1960 tive
163 1930 313 1969 occurrit,
345 1942 380 1962 ac
403 1938 500 1970 negat
522 1937 586 1961 tam
610 1930 755 1962 cordatos
779 1931 844 1961 fore
869 1930 908 1961 ad
930 1931 1023 1962 resis-

69 1971 215 2010 tendum,
241 1972 294 2003 ubi
313 1974 409 2004 semel
431 1973 606 2004 fenestram
626 1973 711 2004 malo
730 1976 924 2013 aperuerint.
956 1973 1023 2004 Ad-

70 2013 116 2045 dit
135 2015 230 2045 etiam
254 2015 339 2046 aliud
363 2016 492 2053 malum,
519 2015 602 2056 quod
626 2022 711 2047 terra
735 2027 826 2047 sacra
849 2016 907 2046 1166
931 2016 1023 2047 modo

70 2057 296 2097 profanabitur.
331 2057 487 2097 Quamvis
511 2060 596 2089 enim
619 2070 652 2090 se
675 2059 900 2099 disiungerent
919 2058 1023 2089 Israe-

70 2099 144 2131 litae
167 2110 185 2130 a
207 2100 351 2140 gentium
374 2101 602 2141 impietatibus,
626 2102 686 2132 hoc
710 2110 817 2132 tamen
843 2102 1024 2133 excusabile

71 2152 132 2172 non
162 2147 246 2180 erat,
272 2143 335 2174 illis
365 2144 550 2184 permittere
581 2144 695 2175 altaria
721 2145 752 2174 in
775 2155 812 2174 ea
837 2145 967 2183 regione
991 2145 1023 2175 in

71 2194 133 2223 qua
155 2186 369 2217 sanctuarium
393 2187 453 2217 sibi
476 2187 618 2227 elegerat
641 2186 740 2217 Deus.
785 2186 892 2217 Simul
916 2193 1022 2217 tamen

71 2225 220 2257 admonet
238 2228 341 2259 Moses
366 2229 418 2260 vix
443 2230 511 2260 fieri
535 2240 626 2270 posse
649 2230 725 2269 quin
750 2230 952 2269 participatio
977 2230 1023 2260 Is—

73 2268 200 2299 raelitas
219 2279 340 2310 quoque
359 2272 509 2303 involvat.
541 2271 636 2310 Quod
656 2283 731 2311 ergo
752 2272 842 2302 dicit:
868 2272 915 2303 Ne
939 2282 1023 2303 scor-

73 2315 181 2341 tentur
209 2318 278 2350 post
306 2313 380 2344 deos
410 2326 496 2351 suos,
529 2323 560 2345 et
591 2321 620 2345 te
650 2315 805 2345 invitent:
839 2315 888 2345 liis
919 2315 1024 2346 verbis

72 2353 229 2392 significat
252 2354 409 2387 Israelitas
431 2357 498 2388 fore
519 2358 609 2397 quasi
632 2357 779 2393 lenones,
805 2358 829 2388 si
854 2363 1024 2397 praetextu

72 2394 222 2442 foederiS,
257 2402 288 2427 et
318 2398 470 2431 fovendae
500 2400 743 2431 benevolentiae
781 2411 891 2437 eausa,
928 2400 1026 2431 licen-

72 2445 149 2468 tiam
162 2439 334 2470 concedant
345 2443 486 2480 gentium
498 2443 793 2482 superstitionibus:
815 2442 928 2473 deinde
943 2443 1025 2474 hanc

72 2480 140 2510 sore
169 2480 346 2512 illecebram
374 2485 504 2523 gravius
535 2485 703 2525 peccandi,
728 2486 801 2524 qnia
826 2486 900 2516 dum
925 2486 1023 2516 offen-

72 2522 193 2552 sionem
218 2529 375 2562 metuent,
406 2538 467 2558 non
493 2528 683 2559 recusabunt
708 2529 818 2558 venire
843 2527 880 2558 ad
905 2529 1024 2568 epulas,
1050 2552 1051 2561 1

73 2570 168 2603 atque
197 2564 255 2596 hoc
278 2566 368 2598 modo
390 2570 560 2610 participes
583 2575 679 2601 eruut
703 2570 845 2601 ciusdem
869 2571 1023 2602 criminis.

73 2605 125 2636 Ad
150 2607 278 2638 verbum
302 2615 364 2640 cst:
388 2611 434 2642 Ne
458 2612 539 2643 forte
562 2613 722 2653 percutias
746 2613 863 2651 foedus,
888 2619 918 2644 et
940 2625 1023 2645 scor⁹

759 176 1010 209 SECUNDUM
1034 177 1352 210 PRAEOEPTUM.

1050 2506 1052 2532 l

1050 2533 1052 2548 i

1050 2564 1052 2591 i

1051 2611 1052 2622 ¹
1077 2614 1249 2645 severitati.

1983 181 2047 212 550

1086 269 1239 301 tabuntur
1271 276 1341 311 post
1366 271 1441 302 deos
1465 283 1554 308 suos,
1579 277 1611 302 et
1634 271 1860 303 sacrificabunt
1885 273 1945 303 diis
1969 274 2045 312 suis,

1084 318 1115 343 et
1139 314 1299 344 vocabunt
1322 319 1368 344 te:
1399 325 1479 354 quae
1504 314 1600 345 verba
1625 315 1670 345 sie
1694 315 1810 345 resolvi
1835 321 1986 354 possunt,
2010 320 2046 347 ut

1083 355 1243 394 pendeant
1281 367 1298 387 a
1331 358 1487 396 superiori
1523 356 1753 396 prohibitione:
1795 358 1843 388 Ne
1878 359 2046 399 contingat

1083 403 1248 437 postquam
1274 401 1468 438 percusseris
1493 399 1619 437 foedus,
1648 404 1681 429 ut
1704 406 1885 431 scortentur
1909 405 1967 432 etc.
1991 401 2045 432 vel

1083 440 1142 470 hoc
1167 441 1274 472 modo:
1298 441 1508 481 Nequaquam
1534 442 1693 481 percutias
1717 442 1837 479 foedus,
1862 443 1935 482 quia
1959 454 2044 475 scor·

1082 482 1235 513 tabuutur
1266 495 1339 514 cum
1363 484 1469 522 idolis,
1494 491 1523 514 et
1547 485 1598 515 ubi
1625 485 1782 515 sacrificia
1805 486 1988 523 obtulerint,
2012 493 2044 517 te

1083 526 1251 556 vocabunt.
1298 526 1418 557 Eodem
1443 532 1551 557 tamen
1576 527 1691 557 redibit
1715 537 1842 558 sensus:
1867 528 1941 567 quia
1965 529 2043 560 duos

1082 568 1234 607 pessimos
1259 569 1380 599 fruetus
1404 569 1505 600 illiciti
1530 569 1665 600 foederis
1689 576 1851 607 numerat,
1876 571 1958 609 quod
1982 576 2044 602 ter-

1082 621 1149 640 rum
1170 611 1315 650 polluent
1333 612 1518 642 incredulae
1538 612 1611 643 illae
1630 617 1752 652 gentes,
1776 617 1807 642 et
1831 612 2043 644 humanitatis

1081 658 1251 691 praetextu
1275 654 1427 693 populum
1452 655 1514 685 Dei
1538 660 1755 694 corrumpent.
1799 654 1868 685 Iam
1894 666 1954 694 quo
1977 656 2044 686 sint

1081 695 1184 735 magis
1208 697 1331 726 strenui
1354 700 1385 726 et
1408 697 1544 728 animosi
1568 697 1604 728 ad
1631 698 1784 734 officium,
1816 697 1947 728 additur
1971 709 2041 738 pro-

1080 738 1206 775 missio,
1241 739 1387 777 gentium
1418 739 1546 769 illarum
1578 740 1643 770 fore
1674 740 1820 771 victores.
1871 741 1951 770 Erat
1982 741 2042 772 hoe

1080 779 1146 810 fere
1164 781 1360 817 incredibile,
1385 792 1482 821 vagos
1501 787 1533 812 et
1553 782 1678 813 exsules
1698 783 1789 813 facilc
1810 787 1841 813 et
1864 783 1926 813 cito
1950 794 2042 822 posse

1079 827 1123 853 tot
1144 824 1328 863 regionibus
1349 824 1452 862 potiri.
1483 824 1728 855 Dubitationen]
1748 835 1824 865 ergo
1848 825 1930 856 tollit
1943 826 2042 864 Deus,

1079 873 1172 905 atque
1206 867 1251 895 ita
1284 866 1373 896 iubet
1404 866 1567 897 Israelitas
1602 878 1658 897 suo
1692 867 1826 907 imperio
1861 879 1973 907 parere
2008 869 2041 899 in

1079 909 1166 938 exitu
1202 909 1270 939 eius
1305 908 1394 945 belli,
1435 909 1517 948 quod
1552 910 1619 941 cius
1651 911 1802 949 auspiciis
1833 911 1968 941 feliciter
2006 921 2041 942 se

1078 951 1214 990 gessisse
1238 952 1385 981 sentit-nt.
1422 951 1473 981 Ita
1493 962 1562 982 reos
1586 952 1830 992 ingratitudinis
1853 954 1989 993 peragit,
2014 954 2041 985 si

1078 992 1152 1032 quid
1177 993 1215 1023 dc
1239 994 1343 1033 rigore
1367 1004 1460 1033 quem
1491 999 1646 1033 postulat,
1681 996 1843 1026 remittere
1874 996 1943 1027 ausi
1972 997 2039 1027 fue—

1078 1037 1158 1066 rint:
1191 1047 1226 1067 ac
1254 1037 1278 1067 si
1307 1036 1443 1067 diceret:
1490 1036 1597 1074 Quum
1628 1048 1683 1068 vos
1707 1043 1736 1068 et
1761 1038 1977 1075 multitudine,
2009 1043 2042 1069 et

1078 1078 1198 1117 opibus,
1234 1084 1263 1109 et
1299 1079 1386 1109 omni
1420 1078 1534 1109 bellico
1568 1084 1725 1119 apparatu
1759 1080 1852 1120 longe
1886 1085 2042 1120 superent

1078 1126 1190 1160 gentes
1210 1121 1300 1157 istae,
1321 1128 1397 1152 tuuc
1416 1121 1500 1152 clare
1518 1122 1639 1161 patebit
1653 1133 1707 1153 vos
1722 1133 1783 1153 non
1797 1124 1925 1162 proprio
1939 1128 2041 1154 marte

1078 1163 1202 1194 vicisse.
1238 1164 1316 1194 Plus
1330 1174 1425 1203 quam
1446 1174 1521 1203 ergo
1541 1165 1684 1204 iniquum
1706 1165 1796 1199 foret,
1818 1165 1935 1196 bellum
1956 1166 2040 1206 quod

1078 1217 1147 1236 meo
1179 1206 1273 1238 unius
1304 1206 1400 1237 ductu
1432 1211 1462 1237 et
1493 1218 1563 1237 mea
1594 1218 1691 1238 manu
1721 1208 1900 1238 confectum
1934 1209 2040 1247 fuerit,

1078 1259 1141 1279 non
1171 1259 1241 1279 ineo
1271 1260 1394 1289 quoque
1424 1249 1556 1280 arbitrio
1588 1250 1689 1280 finiri:
1723 1261 1778 1281 vos
1806 1259 1915 1281 autem
1939 1251 2039 1282 vieto-

1079 1292 1154 1326 riae,
1179 1302 1272 1331 quam
1297 1292 1399 1331 gratis
1422 1292 1621 1329 contulerim,
1646 1303 1714 1323 esse
1738 1292 1892 1324 dominos.
1947 1293 2040 1332 Quod

1078 1339 1182 1364 autem
1204 1345 1259 1365 sex
1280 1340 1406 1365 tanturn
1425 1340 1538 1374 gentes
1557 1340 1727 1366 enumerat
1740 1336 1846 1366 Moses
1865 1336 1897 1366 in
1918 1336 2041 1374 Exodo,

1078 1377 1110 1406 in
1136 1377 1390 1407 Deuteronomio
1414 1381 1523 1407 autem
1547 1378 1716 1417 septimam
1741 1378 1844 1413 addit,
1882 1379 1971 1409 facilc
1994 1378 2041 1409 di-

1078 1419 1178 1449 luitur
1209 1419 1438 1459 repugnantia:
1470 1419 1596 1459 quando
1626 1431 1719 1460 saepe
1756 1420 1802 1450 vel
1827 1420 2041 1452 Chananaeos

1079 1466 1214 1497 tantum,
1240 1463 1287 1492 vel
1303 1462 1519 1493 Amorrhaeos
1542 1464 1695 1499 nominat,
1720 1463 1778 1493 sub
1798 1463 1913 1502 quibus
1933 1470 2041 1494 tamen

1078 1505 1216 1544 reliquos
1239 1516 1348 1535 omnes
1373 1516 1428 1543 per
1451 1505 1674 1545 synecdochen
1699 1506 1858 1546 intelligit.

1164 1547 1340 1578 Deuterou.
1366 1547 1395 1581 7.
1418 1548 1446 1578 2.
1496 1547 1654 1579 Perdendo
1673 1549 1792 1586 perdes.
1840 1548 1903 1587 Qui
1928 1549 2039 1580 existi-

1078 1597 1168 1620 mant
1198 1590 1419 1620 inhumaniter
1449 1590 1508 1621 hoc
1538 1591 1633 1621 fuisse
1664 1591 1869 1628 mundatum,
1905 1592 2040 1622 nimium

1077 1633 1158 1662 iuris
1181 1633 1239 1663 sibi
1264 1633 1425 1672 arripiunt
1448 1633 1478 1663 iu
1504 1644 1577 1663 eum
1601 1633 1657 1673 qui
1680 1635 1821 1664 omniun]
1854 1640 1903 1664 est
1933 1634 2038 1665 iudex.

1078 1676 1231 1715 Speciosa
1261 1675 1389 1715 quidem
1423 1675 1557 1706 obiectio
1597 1683 1663 1711 est,
1707 1676 1843 1706 absurde
1883 1677 2037 1716 populum

1078 1718 1138 1748 Dei
1163 1718 1262 1748 imbui
1287 1718 1435 1755 saevitia,
1466 1724 1501 1748 ut
1531 1728 1588 1758 per
1615 1726 1739 1758 strages
1770 1719 1919 1749 atrociter
1946 1730 2035 1758 gras-

1077 1760 1185 1796 sando,
1207 1760 1287 1791 nulli
1302 1761 1404 1797 sexui,
1425 1760 1474 1791 vel
1495 1762 1592 1792 aetati
1614 1766 1766 1800 parceret.
1793 1760 1855 1792 Sed
1870 1762 1973 1800 primo
1993 1767 2040 1792 tc-

1078 1803 1220 1833 ncndum
1251 1809 1298 1834 est
1330 1802 1412 1842 quod
1435 1808 1543 1843 postea
1570 1804 1764 1834 videbimus:
1797 1815 1894 1843 quum
1920 1810 2039 1835 terram

1077 1846 1268 1877 destinasset
1291 1846 1407 1885 populo
1431 1857 1488 1877 suo
1511 1847 1608 1884 Deus,
1644 1848 1740 1877 fuisse
1764 1847 1795 1876 in
1820 1847 1886 1877 61115
1908 1847 2039 1877 arbitrio

1076 1889 1199 1929 priores
1227 1889 1348 1919 incolas
1378 1889 1505 1928 penitus
1536 1889 1656 1927 delere,
1688 1895 1724 1919 ut
1753 1889 1870 1928 populo
1899 1899 1956 1919 suo
1985 1900 2038 1920 va-

1076 1942 1136 1962 cua
1169 1936 1252 1961 esset-
1286 1931 1453 1971 possessio.
1507 1932 1653 1972 Longius
1687 1931 1801 1962 deinde
1832 1932 2038 1971 progredien—

1077 1974 1169 2011 dum,
1205 1974 1277 2014 quia
1301 1974 1384 2004 iusta
1409 1985 1484 2004 suae
1508 1974 1668 2005 vindictae
1693 1974 1875 2005 testimonia
1904 1975 1935 2004 in
1967 1975 2038 2006 illas

1077 2022 1189 2057 gentes
1224 2021 1351 2047 exstare
1384 2016 1496 2047 voluit.
1552 2016 1808 2057 Quadringentis
1840 2020 1913 2047 unte
1944 2017 2039 2049 annis

1076 2060 1191 2090 merito
1213 2059 1300 2090 ultus
1320 2059 1432 2089 fuisset
1452 2059 1591 2099 plurima
1610 2070 1718 2090 earum
1743 2060 1879 2090 scelera:
1903 2070 2037 2099 suspen—

1077 2102 1167 2133 derat
1181 2107 1286 2132 tamen
1307 2101 1459 2132 iudicium
1480 2112 1583 2139 suum,
1608 2107 1640 2132 et
1660 2102 1818 2141 patienter
1838 2112 1889 2132 eas
1910 2102 2037 2140 tulerat,

1076 2146 1102 2175 si
1123 2145 1201 2175 forte
1222 2144 1452 2183 resipiscerent.
1500 2144 1583 2175 Nota
1609 2150 1656 2175 est
1680 2145 1735 2175 illa
1754 2145 1926 2174 sententia:
1953 2145 2039 2175 Non-

1049 2206 1051 2212 .
1076 2187 1152 2218 dum
1177 2187 1353 2226 completae
1367 2191 1442 2217 sunt
1454 2187 1640 2226 iniquitates
1652 2187 1923 2217 Amorrhaeorum
1938 2185 2036 2228 (Gen.

1078 2231 1125 2267 15,
1148 2230 1209 2269 16).
1235 2230 1407 2268 Postquam
1421 2230 1555 2260 sacculis
1569 2234 1706 2269 quatuor
1725 2229 1769 2259 illi
1785 2229 1925 2269 siguovit
1938 2230 2036 2268 Deus,

1076 2278 1109 2303 et
1132 2273 1209 2303 haec
1232 2272 1401 2302 clementia
1426 2272 1516 2302 auxit
1540 2272 1589 2303 vel
1613 2271 1779 2303 audaciam
1806 2272 1858 2302 vel
1885 2271 2037 2311 furorem,

1077 2323 1111 2346 ut
1131 2316 1209 2346 iram
1230 2315 1297 2345 eius
1320 2325 1491 2353 provocare
1510 2325 1573 2345 non
1592 2315 1791 2345 destiterint:
1823 2318 1907 2345 certe
1926 2316 2038 2345 erude-

1076 2358 1149 2389 litas
1165 2369 1227 2387 non
1242 2357 1311 2393 fuit,
1326 2367 1443 2396 poenae
1457 2358 1615 2396 gravitate
1628 2368 1749 2387 moram
1764 2367 1909 2396 pensare.
1930 2358 2038 2397 Atque

1077 2401 1128 2432 hic
1148 2404 1279 2440 apparet
1302 2399 1394 2430 foeda
1413 2404 1443 2429 et
1456 2399 1653 2430 detestabilis
1673 2400 1805 2430 humani
1825 2400 1947 2439 ingenii
1967 2411 2037 2440 per-

1077 2444 1223 2474 versitas.
1245 2442 1315 2472 Nisi
1334 2442 1443 2472 statim
1458 2442 1616 2477 fulminet,
1637 2442 1857 2482 indignamur:
1878 2442 1903 2472 si
1916 2453 2036 2482 poenas

1077 2486 1199 2521 differt,
1225 2495 1297 2515 eum
1323 2485 1471 2524 ignaviae
1495 2496 1530 2515 ac
1553 2485 1714 2515 tarditatis
1738 2484 1904 2515 insimulat
1929 2485 2038 2516 fervor

1077 2535 1200 2559 noster:
1217 2528 1269 2558 ubi
1284 2537 1394 2557 rursus
1407 2527 1511 2566 prodit
1524 2528 1558 2577 iq
1577 2527 1715 2557 modium
1731 2526 1850 2557 vindex
1870 2527 2037 2567 scelerum,

1078 2572 1126 2602 vel
1152 2570 1311 2602 crudelem
1338 2580 1497 2606 vocamus,
1522 2569 1569 2600 vel
1595 2570 1707 2600 saltem
1731 2569 1945 2609 obstrepimus
1968 2571 2039 2601 eius

1290 2613 1388 2652 Atqui
1412 2622 1538 2652 semper
1560 2622 1632 2642 eum
1656 2612 1800 2643 absolvet
1824 2622 1881 2643 sua
1905 2613 2039 2651 iustitia,

1783 2662 1832 2687 35*
