2304 3034
155 199 220 230 495

158 292 213 323 sed
237 291 310 330 quia
333 299 373 318 ex
396 285 539 326 professo
563 283 601 313 de
621 281 787 313 sacrificiis
810 281 927 321 agitur,
952 291 1010 311 nec
1030 291 1118 311 men-

159 336 203 366 tio
238 336 273 364 fit
307 331 447 369 reliquae
478 324 728 361 observationi&
764 324 826 366 nisi
860 323 920 354 hac
947 324 1119 361 occasione,

159 373 359 409 contexenda
388 372 449 402 fuit
475 380 548 401 cum
579 368 645 408 iugi
676 367 849 403 sacrificio,
876 371 1030 405 tanquam
1054 367 1121 397 eius

161 418 299 451 accessio
330 414 383 445 vel
414 424 498 453 pars.
555 410 669 442 Obiter
698 408 828 449 quidem
859 409 990 448 attingit
1014 409 1122 440 Moses

160 461 241 502 quod
273 464 345 490 ante
376 456 524 491 vidimus,
551 458 586 484 ut
608 452 746 492 populus
770 455 893 491 septem
917 450 1028 482 diebus
1051 451 1122 482 abs-

161 506 259 534 tineat
294 512 311 531 a
345 500 519 533 fermento,
556 501 768 534 vescaturque
809 493 947 534 panibus
988 494 1121 534 azymis.

160 546 225 577 sed
256 555 329 575 mox
360 540 525 572 deseendit
551 539 590 570 ad
613 538 828 578 praecipuum
851 540 964 576 eaput,
993 536 1031 567 de
1062 547 1123 576 quo

161 599 244 620 nunc
267 585 407 617 instituit
430 588 582 614 tractare:
610 586 645 611 ut
668 580 807 620 populus
836 580 869 610 in
900 578 1122 610 holocaustum

161 630 301 663 immolet
329 628 407 658 duos
437 628 606 660 iuvencos,
637 624 771 654 arietem
802 633 912 659 unum,
944 626 975 652 et
1001 628 1122 662 septem

163 684 271 714 agnos,
297 681 360 702 una
383 679 455 701 cum
473 668 564 699 hirco
584 667 619 697 in
637 666 870 706 expiationem:
895 668 991 704 atque
1011 672 1045 695 ut
1065 664 1124 696 hoe

161 715 352 748 sacrificium
388 713 483 743 iteret
520 721 577 750 per
609 714 711 740 totam
742 707 986 739 hebdomadam.
1050 707 1123 746 Quo

161 762 269 799 itaque
293 757 394 787 maior
417 759 500 785 esset
524 752 636 792 religio
659 751 841 792 paschatis,
876 750 943 790 iugi
968 750 1124 781 sacrificio

161 803 366 834 coniunctum
386 797 447 828 fuit
466 796 525 827 hoc
544 794 845 831 extraordinarium,
870 793 988 832 partim
1000 800 1034 823 ut
1057 803 1124 824 ma-

162 846 211 886 gis
233 844 444 874 incitarentur
467 838 506 870 ad
530 849 563 869 se
583 837 653 868 Deo
677 836 852 868 vovendos:
878 836 996 875 partim
1016 841 1052 866 ut
1070 846 1125 876 ag-

163 892 331 919 noscerent
360 893 455 924 quam
484 881 688 912 familiariter
723 879 891 919 amplexus
925 883 1011 909 esset
1039 879 1125 918 ipsos

162 933 195 962 in
218 929 367 970 gratiam:
398 926 476 956 dum
507 935 547 955 ex
573 924 716 963 ipsorum
740 922 892 963 gregibus
916 926 948 952 et
971 921 1126 952 armentis

164 974 308 1005 victimas
339 969 495 1004 sumebat,
526 978 566 997 ex
597 967 741 1006 ipsorum
764 965 860 996 etiam
885 964 973 995 cellis
997 969 1028 995 et
1052 964 1125 994 hor-

163 1017 225 1047 reis
254 1012 436 1054 postulabat
467 1020 595 1041 sacrum
624 1008 756 1048 epulum
777 1007 837 1038 sibi
860 1007 984 1047 parari:
1009 1007 1126 1046 partim

164 1068 237 1089 vero
261 1063 295 1087 ut
317 1066 350 1086 se
376 1065 446 1085 reos
469 1052 582 1083 mortis
600 1056 751 1082 aeternae
772 1049 916 1090 professi,
940 1049 981 1080 ad
1000 1050 1128 1081 veniam

163 1099 333 1141 petendam
346 1096 566 1136 confugerent,
590 1100 621 1125 et
640 1094 736 1125 simul
754 1092 975 1132 intelligerent
998 1093 1127 1123 unicum

163 1154 231 1174 esse
254 1139 524 1172 reconciliationis
555 1138 702 1173 modum,
731 1147 829 1176 quum
861 1135 951 1166 Deus
975 1135 1127 1166 sacrificio

164 1190 247 1217 esset
269 1185 424 1224 placatus.
1106 1220 1111 1225 Α

247 1228 298 1258 26.
336 1226 433 1257 Porro
474 1224 524 1255 dic
551 1223 778 1262 primitiarum.
843 1221 934 1252 Idem
973 1221 1129 1260 praecipit

164 1273 271 1303 Moses
300 1269 338 1300 de
368 1268 468 1299 altero
498 1266 548 1296 die
571 1266 667 1296 festo:
698 1275 814 1304 nempe
837 1274 898 1304 quo
921 1274 995 1295 suas
1018 1263 1129 1303 primi-

164 1316 224 1346 tias
248 1312 434 1344 offerebant.
480 1310 572 1340 Tunc
596 1318 720 1348 quoque
744 1307 927 1347 augendum
951 1317 1020 1338 esse
1038 1306 1129 1337 docet

164 1359 238 1397 iuge
258 1354 450 1387 sacrificium
470 1352 595 1383 duobus
613 1351 769 1387 iuvencis,
794 1361 858 1381 uno
879 1351 986 1386 ariete,
1007 1353 1128 1388 septem

165 1400 264 1441 agnis,
293 1398 381 1429 hirco
411 1397 444 1427 in
473 1395 706 1435 expiationem,
742 1404 814 1424 cum
850 1393 962 1423 minha
991 1398 1022 1423 et
1050 1391 1128 1422 liba-

165 1444 269 1480 mine,
300 1443 333 1471 in
363 1450 438 1470 eum
467 1448 562 1478 quem
592 1437 686 1477 paulo
715 1443 790 1467 ante
820 1436 887 1466 dixi
914 1436 1021 1466 finem.
1066 1434 1129 1464 Hic

166 1485 326 1526 ingeritur
350 1482 504 1514 molestus
536 1479 725 1519 serupulus,
754 1479 829 1519 quia
859 1478 996 1509 Levitic.
1021 1477 1061 1508 23
1084 1477 1130 1507 iu-

167 1538 289 1559 vencus
307 1537 391 1557 unus
415 1534 473 1564 pro
493 1523 616 1554 duobus
635 1522 774 1562 ponitur,
799 1526 913 1553 contra
931 1521 994 1552 duo
1014 1521 1130 1551 arietes

167 1582 224 1612 pro
254 1580 328 1601 uno.
374 1567 515 1607 Quidam
543 1565 732 1597 existimant
754 1565 937 1596 libertatem
960 1562 1130 1595 sacerdoti-

168 1616 226 1646 bus
253 1613 351 1644 fuisse
381 1611 500 1642 datam.
553 1609 652 1648 Atqui
677 1607 755 1639 dum
781 1612 897 1648 reputo
920 1616 1016 1646 quam
1038 1616 1130 1646 prae—

168 1658 232 1689 cise
261 1655 299 1686 de
329 1653 468 1694 singulis
495 1651 701 1682 mandaverit
724 1651 829 1688 Deus,
861 1650 968 1681 nescio
991 1659 1032 1679 an
1059 1649 1131 1678 talis

169 1698 362 1740 permutatio
392 1698 426 1727 in
456 1705 566 1726 eorum
597 1694 729 1725 arbitrio
752 1693 864 1724 relicta
887 1693 992 1723 fuerit.
1036 1690 1132 1730 Quod

169 1743 222 1773 alii
252 1742 367 1772 volunt
396 1739 504 1769 Deum
534 1737 633 1768 semel
664 1741 853 1768 contentum
877 1735 976 1766 fuisse
998 1745 1061 1766 uno
1084 1734 1131 1765 iu—

170 1795 279 1820 venco,
302 1782 386 1824 quod
410 1792 474 1812 non
493 1785 677 1821 suppeteret
695 1781 728 1810 in
752 1779 878 1810 deserto
898 1788 1015 1818 magna
1033 1777 1132 1818 copia,

171 1828 329 1867 effugium
363 1825 500 1857 videtur.
548 1823 601 1854 Me
635 1822 778 1862 quidem,
819 1821 977 1861 quomodo
1014 1820 1133 1851 nodum

172 1872 257 1902 hune
279 1868 460 1909 expediam,
484 1878 548 1897 non
577 1866 718 1906 reperire
741 1866 855 1896 fateor:
885 1864 948 1894 nisi
978 1863 1060 1894 forte
1088 1862 1134 1893 di-

172 1924 292 1950 eamus,
321 1912 396 1952 quia
425 1911 504 1941 satis
533 1917 645 1940 exacte
674 1908 707 1938 in
731 1908 802 1939 aliis
832 1907 981 1939 omnibus
1005 1910 1134 1953 cautum

172 1963 241 1987 erat
269 1966 309 1986 ne
338 1953 415 1994 quid
442 1959 564 1983 temere
595 1956 745 1992 agerent,
776 1961 842 1981 una
870 1954 995 1981 tantum
1019 1948 1078 1996 liae
1101 1959 1135 1978 in

172 2004 262 2039 parte
284 1998 384 2028 fuisse
408 1996 598 2031 admonitos,
627 1994 733 2025 Deum
758 1993 896 2024 maiores
920 1992 972 2023 vel
995 2001 1136 2039 mlnores

173 2042 319 2073 victimas
348 2050 404 2080 per
435 2050 468 2070 se
496 2038 576 2069 nihil
605 2038 732 2068 morari.
780 2036 876 2067 Nulla
904 2036 1000 2066 etiam
1024 2034 1135 2074 religio

173 2084 277 2115 dicere
303 2088 398 2120 vetat⁷
421 2088 457 2113 ut
479 2082 511 2112 in
536 2081 631 2111 rebus
655 2079 799 2111 leviculis
823 2077 988 2109 interdum
1011 2077 1136 2108 contin-

172 2128 228 2168 git,
247 2126 425 2157 scribarum
439 2125 561 2156 incuria
580 2123 759 2162 obrepsisse
772 2122 936 2153 diversum
949 2129 1136 2151 numerum:

172 2170 268 2209 idque
292 2170 373 2199 forte
401 2168 505 2208 magis
528 2167 709 2206 ingenuum
732 2165 802 2200 erit,
848 2164 981 2195 Rectior
1008 2161 1137 2202 quidem

173 2212 256 2253 (meo
285 2211 413 2252 iudicio)
445 2211 536 2241 lectio
560 2216 624 2246 est,
654 2214 689 2239 ut
719 2208 856 2239 offerant
882 2206 962 2237 duos
985 2206 1139 2236 iuvencos

175 2263 205 2286 et
234 2255 366 2285 arietem
395 2264 506 2284 unum.
569 2251 732 2290 Quoniam
761 2260 838 2281 vero
869 2249 945 2280 alibi
972 2258 1029 2279 cur
1053 2247 1138 2278 diem

175 2299 260 2329 hunc
283 2297 461 2327 instituerit
489 2296 578 2326 Deus
612 2294 808 2334 explicatur,
841 2292 981 2323 breviter
1011 2295 1138 2322 tantum

176 2345 420 2376 commemorat,
470 2349 570 2378 quum
613 2337 725 2367 minha
775 2336 911 2367 offerent
958 2345 997 2365 ex
1045 2334 1140 2364 novis

176 2383 331 2423 frugibus.

494 2526 592 2558 NUM
599 2526 666 2556 ER.
691 2524 823 2556 XXIX.

266 2595 290 2625 1.
317 2594 421 2625 Mense
453 2597 555 2625 autem
589 2594 729 2632 septimo,
761 2593 865 2631 primo
904 2590 954 2621 die
995 2588 1141 2626 ciusdem,
1170 2591 1171 2594 ’

179 2638 346 2668 convocatio
357 2639 464 2668 sancta
482 2638 538 2667 crit
563 2637 657 2667 cobis:
681 2635 800 2666 nullum
821 2644 899 2673 opus
921 2632 1030 2664 servile
1048 2631 1142 2670 facic-

853 186 1109 219 SECUNDUM
1131 185 1454 218 PRAEOEPTUM.

2075 186 2138 218 496

1173 281 1223 317 tis,
1247 280 1312 311 dies
1335 280 1489 319 clanyoris
1515 279 1574 310 erit
1593 279 1685 310 vobis.
1722 279 1750 310 2.
1775 278 1817 309 Et
1837 280 1962 318 facietis
1984 279 2140 312 holocaus-

1173 325 1237 353 tum
1254 323 1287 353 in
1305 323 1425 353 odorem
1443 322 1554 361 quietis
1572 322 1717 359 Iehovae,
1748 322 1908 352 iuvencum
1927 322 2029 361 filium
2055 323 2140 354 bovis

1172 376 1277 398 iocum.
1302 365 1428 395 arietem
1450 375 1554 403 unum,
1585 375 1682 405 (cynos
1704 364 1864 395 anniculos
1893 367 2004 403 septem
2028 365 2139 396 imma-

1173 409 1304 440 culatos:
1340 407 1368 437 3.
1400 406 1443 437 Et
1470 407 1609 438 minham
1639 417 1743 438 eorum
1775 416 1813 437 ez
1845 407 1953 438 simila
1981 409 2139 448 permixta

1173 451 1243 489 oleo,
1266 453 1326 481 tres
1348 450 1483 481 decimas
1499 460 1559 489 per
1580 450 1719 489 sinyulos
1737 450 1886 487 iuvencos,
1910 450 1990 481 duas
2007 451 2141 482 decimas

1169 504 1227 533 per
1252 492 1389 533 sinynlos
1418 493 1542 524 arietes:
1582 493 1610 523 4.
1635 492 1678 522 Et
1706 492 1855 523 decimam
1885 502 1982 523 unam
1997 502 2057 531 per
2078 494 2142 524 sin-

1171 536 1259 577 yulos
1281 546 1383 575 cynos,
1405 545 1464 574 per
1488 539 1598 574 septem
1621 545 1724 575 aynos.
1770 534 1798 566 5.
1823 534 1867 565 Et
1889 535 2008 567 hircum
2030 545 2142 575 capra-

1173 589 1243 609 ram
1265 589 1361 609 anmi
1383 578 1418 608 in
1439 578 1628 617 sacrificium
1645 588 1705 617 1)νο
1724 581 1860 617 peccato,
1890 578 1931 608 acl
1953 578 2143 616 expiandum

1174 632 1234 652 vos.
1281 623 1309 651 (5.
1344 620 1471 651 Praeter
1493 620 1702 652 holocaustum
1723 620 1932 658 calendarum⁷
1955 623 1982 651 et
2003 621 2142 653 minham

1175 665 1250 702 cius,
1269 667 1294 695 et
1312 664 1521 694 holocaustum
1541 664 1618 704 iuqc,
1638 663 1834 702 minhamque
1851 664 1928 699 eius,
1947 666 1973 694 ct
1991 663 2142 695 libamina

1175 717 1288 743 eorum,
1309 706 1476 737 secundum
1494 707 1575 737 ritus
1592 716 1674 744 suos,
1698 707 1731 737 in
1749 707 1870 737 odorem
1887 706 2008 746 quietis,
2032 706 2143 738 oblatio

1176 750 1276 790 igynita
1299 750 1435 780 Ichovae.
1483 749 1510 779 7.
1535 749 1661 780 Decimo
1691 751 1792 779 autem
1814 749 1865 779 die
1886 749 2001 779 mensis
2021 750 2144 789 septimi

1176 792 1287 828 huius,
1318 791 1485 823 convocatio
1514 794 1622 823 sancta
1650 792 1708 822 erit
1730 792 1821 829 vobis,
1851 791 2053 831 affligetisque
2075 795 2143 823 ani-

1178 845 1245 865 mas
1267 838 1402 866 vestras:
1429 834 1549 865 nullum
1581 844 1658 873 opus
1689 834 1819 874 facietis.
1874 834 1902 865 8.
1933 834 1977 864 Et
2008 835 2141 874 offeretis

1177 878 1387 909 holocaustum
1417 877 1548 908 Ichovae
1577 878 1609 907 in
1638 877 1759 908 odorem
1781 877 1900 916 quietis,
1923 877 2084 908 iuvencum
2104 877 2143 916 fii-

1177 921 1255 952 liam
1288 921 1373 951 boi-is
1405 930 1517 956 uuum,
1553 920 1678 950 arietem
1710 930 1820 957 unum,
1855 930 1950 959 aqnos
1984 920 2143 951 anniculos

1178 966 1304 1002 septem:
1327 962 1520 994 immaculati
1538 965 1628 993 erunt
1645 962 1737 993 vobis.
1771 962 1799 994 9.
1824 962 1867 993 Et
1884 962 2024 993 minham
2041 973 2145 994 eorum

1179 1016 1217 1037 ea·
1235 1006 1343 1037 simila
1361 1016 1526 1045 conspersa
1550 1005 1622 1041 oleo,
1646 1008 1707 1035 tres
1725 1005 1859 1036 decimas
1881 1006 1915 1036 in
1938 1006 2079 1046 sinyulos
2098 1006 2146 1037 iu-

1179 1059 1290 1085 vencos,
1314 1049 1394 1079 ducis
1417 1049 1552 1079 decimas
1569 1049 1602 1079 in
1620 1048 1756 1087 singulos
1774 1049 1899 1079 arietes:
1923 1048 1971 1079 10.
1998 1048 2147 1088 Sinyulas

1180 1092 1314 1123 decimas
1322 1102 1380 1131 per
1392 1101 1486 1131 aynos
1498 1091 1644 1131 sinyulos,
1660 1100 1717 1129 per
1734 1094 1844 1130 septem
1861 1101 1963 1131 aynos.
2000 1091 2048 1122 11.
2069 1091 2146 1122 Hir-

1181 1145 1250 1166 cum
1287 1144 1454 1174 caprarum
1493 1144 1590 1164 unum
1629 1134 1662 1164 in
1702 1133 1893 1172 sacrificium
1920 1144 1981 1173 1)νο
2010 1136 2148 1173 peccato:

1176 1179 1301 1217 practer
1331 1177 1507 1208 oblationem
1531 1187 1592 1215 pro
1615 1179 1739 1215 peccato
1761 1177 1988 1215 expiationum:
2017 1179 2042 1207 et
2064 1176 2146 1209 holo-

1182 1223 1322 1252 caustum
1351 1220 1434 1259 inye,
1466 1222 1493 1249 et
1519 1219 1657 1249 minham
1685 1219 1768 1257 eius,
1801 1219 2009 1258 libaminaque
2037 1229 2150 1250 eorum.

1189 1263 1238 1293 12.
1266 1262 1365 1293 Porro
1383 1263 1610 1301 decimaquinta
1628 1262 1678 1293 (lie
1695 1262 1810 1293 mensis
1827 1262 1959 1300 septimi,
1981 1263 2151 1293 convocatio

1188 1308 1292 1336 sancta
1315 1305 1371 1336 crit
1395 1304 1490 1335 vobis:
1512 1305 1631 1336 nullam
1653 1315 1729 1343 opus
1751 1304 1858 1335 servile
1878 1305 2007 1343 facietis,
2034 1307 2061 1336 et
2082 1305 2151 1336 cele-

1188 1348 1318 1379 brabitis
1346 1348 1552 1378 solennitatem
1576 1347 1704 1378 Iehovae
1731 1349 1843 1386 septem
1872 1347 1985 1378 diebus.
2031 1347 2079 1378 13.
2110 1347 2153 1378 Et

1189 1391 1411 1427 holocaustam,
1442 1393 1468 1421 ct
1490 1390 1668 1421 oblationem
1690 1390 1821 1430 iynitam
1843 1390 1877 1420 in
1898 1390 2019 1421 odorem
2040 1390 2154 1430 quictis

1191 1433 1328 1470 Iehovae,
1359 1434 1496 1464 iuvencos
1523 1433 1606 1472 tilios
1635 1433 1718 1464 bovis
1746 1433 1901 1469 tredecim,
1932 1433 2045 1464 arietes
2066 1433 2152 1471 duos,

1190 1487 1284 1516 aynos
1324 1476 1483 1506 anniculos
1526 1476 1770 1514 quatuordecim.-
1816 1475 2009 1507 immaculati
2053 1478 2152 1507 erunt.

1192 1519 1240 1550 14.
1265 1518 1410 1549 Minham
1439 1528 1554 1557 quoquc
1580 1528 1684 1549 corum
1712 1528 1749 1548 cx
1771 1518 1876 1549 simila
1898 1528 2062 1557 conspersa
2083 1518 2153 1556 oleo,

1190 1565 1251 1593 tres
1279 1562 1413 1592 decimas
1442 1562 1475 1591 in
1504 1562 1645 1591 iuvencos
1671 1560 1810 1600 sinyulos
1837 1561 1978 1592 tredecim
2003 1561 2154 1592 iuvencis:

1190 1605 1274 1636 duas
1303 1605 1437 1635 decimas
1466 1604 1497 1634 in
1532 1604 1645 1634 arrietes
1677 1603 1814 1643 sinyulos
1847 1603 1965 1635 duobus
1997 1603 2154 1635 arietibus.

1187 1648 1236 1678 15.
1261 1646 1303 1677 Et
1324 1647 1467 1686 sinyulas
1489 1646 1622 1677 (lecimus
1640 1656 1698 1684 per
1720 1656 1816 1685 agynos
1837 1647 1984 1687 singulos,
2007 1649 2153 1685 quatuor-

1185 1691 1282 1722 decim
1305 1690 1403 1729 (tynis.
1452 1689 1500 1719 16.
1526 1688 1568 1719 Et
1597 1689 1717 1719 hircum
1739 1699 1907 1727 caprarum
1930 1699 2027 1720 unum
2049 1689 2082 1720 in
2104 1699 2155 1720 sa-

1185 1733 1334 1772 crificium
1359 1742 1415 1770 pro
1432 1734 1568 1770 peccato:
1592 1734 1718 1770 stracter
1738 1731 1947 1763 holocaustum
1969 1732 2047 1772 iuqe,
2077 1731 2156 1762 min-

1186 1776 1260 1806 ham
1289 1775 1357 1805 eius
1383 1777 1409 1805 ct
1440 1775 1570 1805 libamen
1600 1775 1676 1805 eius.
1730 1774 1777 1804 17.
1801 1774 1863 1805 Die
1890 1777 1993 1805 autem
2025 1774 2155 1805 secundo

1187 1819 1328 1850 iuvencos
1348 1817 1431 1856 fiilios
1453 1818 1536 1848 bovis
1554 1817 1720 1853 duodecim,
1744 1817 1856 1848 arietes
1873 1817 1958 1854 duos,
1981 1827 2078 1857 aynos
2100 1827 2156 1848 an-

1188 1860 1304 1892 niculos
1330 1860 1558 1899 quatuordecim
1591 1859 1810 1890 immaculatos.
1864 1860 1912 1891 18.
1942 1858 1985 1890 Et
2013 1859 2154 1891 minham

1188 1914 1300 1940 eorum,
1324 1905 1350 1933 et
1372 1902 1524 1934 libamina
1547 1912 1649 1933 corum
1672 1903 1706 1932 in
1728 1903 1878 1939 iuvencos,
1904 1903 1937 1934 in
1960 1903 2092 1941 arietes,
2121 1903 2156 1934 in

1189 1956 1284 1987 aqnos
1294 1945 1461 1978 secundum
1472 1955 1635 1976 numerum
1646 1955 1759 1981 eorum,
1780 1946 2001 1976 turtamorem.
2040 1945 2089 1976 19.
2113 1944 2157 1976 Et

1189 1989 1310 2020 hircum
1339 1998 1506 2028 caprarum
1535 1998 1632 2018 unum
1661 1988 1694 2018 in
1722 1988 1912 2027 sacrificium
1929 1998 1989 2027 1)νο
2014 1990 2156 2027 peccato:

1184 2035 1309 2072 practer
1327 2031 1536 2062 holocaustum
1555 2031 1635 2070 inqe,
1659 2032 1685 2060 ct
1702 2030 1840 2061 rninham
1859 2032 1935 2068 eius,
1958 2033 1984 2061 ct
2005 2030 2157 2061 libamina

1190 2085 1301 2105 eorum.
1347 2074 1397 2104 20.
1422 2073 1484 2105 Die
1506 2084 1575 2103 vcro
1596 2073 1683 2104 tertio
1706 2073 1847 2103 iuvencos
1869 2073 2019 2108 undecim,
2046 2073 2157 2104 arietes

1190 2118 1282 2152 duos,
1331 2127 1424 2156 (cynos
1464 2116 1622 2146 anniculos
1662 2116 1891 2154 quatuordecim
1932 2115 2154 2147 immaculatos.

1190 2160 1240 2190 21.
1266 2159 1307 2190 Et
1335 2159 1473 2189 minham
1501 2168 1617 2195 corum,
1647 2161 1674 2188 et
1696 2158 1846 2188 libamina
1869 2167 1974 2189 eorum
1998 2159 2031 2189 in
2053 2158 2158 2189 iuven-

1189 2213 1246 2239 cos,
1270 2203 1304 2233 in
1323 2202 1440 2238 arictes,
1464 2203 1490 2231 et
1508 2201 1540 2231 in
1559 2211 1662 2240 aqum,
1685 2200 1850 2231 secundum
1869 2210 2031 2231 numerum
2043 2210 2158 2240 eorum,

1190 2246 1277 2276 iimta
1300 2254 1421 2275 morem.
1466 2244 1516 2274 22.
1541 2243 1582 2274 Et
1604 2243 1724 2274 hircum
1748 2243 1780 2273 in
1802 2244 1990 2282 sacrificium
2006 2253 2067 2281 1)νο
2083 2254 2157 2282 pec-

1191 2291 1257 2319 cato
1281 2298 1385 2323 unwn,
1404 2289 1530 2325 praeter
1552 2286 1758 2317 holocaustum
1776 2287 1855 2326 iuye,
1879 2288 1905 2317 et
1923 2286 2062 2317 minham
2079 2287 2157 2325 eius,

1191 2333 1217 2361 et
1239 2331 1371 2361 libamen
1393 2331 1468 2360 eius.
1514 2329 1563 2360 23.
1588 2328 1651 2359 Dic
1679 2330 1779 2359 autem
1809 2331 1917 2367 quarto
1946 2329 2086 2360 iuvencos
2107 2329 2157 2361 de-

1193 2384 1263 2409 cem,
1288 2373 1398 2403 arictes
1427 2372 1511 2409 duos,
1540 2382 1634 2411 agnos
1657 2372 1817 2402 anniculos
1840 2372 2069 2410 quatuordecim
2098 2372 2158 2403 im—

1193 2415 1372 2446 maculatos.
1426 2415 1475 2445 24.
1508 2414 1652 2445 Illinham
1682 2424 1784 2444 corum
1813 2417 1838 2445 et
1870 2414 2020 2445 libamina
2054 2424 2159 2446 eorum

1194 2460 1228 2489 in
1251 2459 1401 2494 iuvencos,
1431 2458 1464 2488 in
1484 2458 1602 2493 arictes,
1635 2459 1661 2486 ct
1684 2457 1715 2486 in
1739 2468 1840 2496 cynos,
1866 2457 2032 2488 secundum
2054 2467 2158 2488 nume-

1194 2511 1265 2532 rum
1287 2510 1402 2531 corum.
1433 2501 1521 2530 iunta
1543 2509 1673 2531 morem:
1708 2499 1755 2530 25.
1782 2500 1823 2530 Et
1850 2499 1970 2530 hircum
1991 2510 2159 2539 caprarum

1195 2554 1290 2574 unum
1311 2544 1344 2573 in
1364 2543 1554 2581 sacrificium
1573 2552 1632 2581 pro
1650 2545 1780 2580 peccato,
1803 2545 1927 2582 practer
1948 2542 2159 2574 holocaustum

1197 2587 1272 2625 iuye,
1294 2586 1432 2616 mitiliani
1451 2586 1519 2616 eius
1537 2588 1562 2615 ct
1581 2585 1712 2616 libamen
1730 2586 1804 2616 cius.
1846 2585 1896 2615 26.
1920 2585 1962 2616 Et
1983 2585 2033 2617 die
2055 2585 2158 2625 quinto

1194 2630 1333 2660 iuvencoo⁴
1352 2638 1464 2664 nocem,
1488 2629 1599 2658 arictes
1610 2628 1696 2664 duos,
1719 2638 1813 2667 aynos
1835 2628 1996 2659 anniculos
2017 2631 2160 2668 quatuor-
