2304 3034
164 144 205 174 63
652 138 1020 171 COMMENTARIUS
1045 139 1093 170 IN
1118 138 1266 170 EXODI
1290 140 1387 171 CAP.
1412 140 1470 170 IV:
1530 172 1533 174 ,
2119 141 2161 172 64

165 238 252 268 enim
284 246 357 267 suos
386 234 566 274 appellans,
603 242 657 263 eos
690 232 725 262 in
760 231 941 263 libertatem
972 233 1135 264 vendicat:

166 281 240 321 quia
263 278 432 318 indignum
465 281 530 312 est,
561 275 667 306 Deum
692 275 814 314 ipsum.
844 285 1007 305 summum
1032 282 1137 306 terrae

167 328 198 354 et
222 321 302 354 coeli
325 329 433 360 regem
464 318 539 349 filiis
569 318 635 348 suis
658 317 765 348 orbari
794 328 875 357 quos
899 317 1045 358 adoptari
1069 318 1139 359 dig-

168 370 263 397 natus
291 368 347 394 est.
402 361 453 392 Ita
483 360 609 400 oblique
632 360 722 391 Deus
755 360 893 399 patriam
915 371 1009 391 suam
1033 366 1138 400 potes-

167 415 265 439 tatem
287 408 465 444 ‘comparat
505 410 652 434 terrenae
683 403 908 433 dominationi:
946 404 1021 443 quia
1057 403 1138 434 nihil

168 451 274 482 minus
298 452 554 480 consentancum
581 450 645 483 est,
677 455 775 485 quam
807 450 843 476 ut
874 446 1018 477 mortalis
1043 446 1138 477 homo

167 493 279 525 cedere
302 501 361 522 suo
385 495 416 520 et
440 489 538 520 totius
566 487 679 519 mundi
703 488 809 528 opifici
838 495 974 520 recuset.
1026 488 1138 529 Neque

168 544 279 567 tamen
301 533 361 564 hoc
390 531 588 573 generaliter
611 530 650 562 ad
681 531 841 570 quoslibet
871 530 981 563 fideles
1005 532 1137 562 trahen-

169 580 244 609 ‹lum
279 582 342 608 est:
378 587 413 607 ae
438 576 463 606 si
488 575 576 605 nefas
611 579 693 605 esset
719 574 803 614 ipsos
834 574 966 605 subesse
995 574 1136 615 regibus,

169 620 285 662 quibus
314 618 503 659 temporalis
533 617 672 648 servitus
703 627 767 647 non
792 616 905 647 adimit
928 617 1039 648 mundi
1062 617 1137 648 hae-

170 663 354 696 reditatem:
386 661 441 692 sed
465 666 594 690 tantum
618 659 670 690 hic
694 659 871 700 singularis
896 661 1138 701 praerogativae

170 709 205 739 fit
225 706 362 743 mentio,
383 715 445 744 qua
463 703 613 743 dignatus
632 703 739 733 fuerat
757 702 846 733 Deus
866 703 1016 734 Abrahae
1035 707 1139 743 poste-

171 762 233 787 ros,
258 748 434 779 dominium
460 746 524 777 illis
548 745 653 776 dando
677 749 783 775 terrae
807 745 972 776 Chanaan.
1025 746 1138 785 Itaque

171 792 308 832 simplici
340 791 396 822 filii
427 789 643 829 appellatione
678 798 740 818 non
772 793 956 826 contentus,
985 788 1137 819 Israelem

171 836 317 868 nominat
352 832 608 874 primogenitum
651 842 753 862 suum.
812 830 884 869 Quo
917 831 1019 871 elogio
1053 831 1139 862 haud

172 879 266 910 dubie
289 876 420 916 reliquis
444 874 594 915 gentibus
617 884 691 904 cum
715 874 869 913 praefert:
900 875 990 914 quasi
1020 874 1140 906 diceret

172 932 245 954 eum
271 919 546 961 primogeniturae
578 917 679 957 gradu
710 916 881 954 excellere,
912 921 944 947 ct
974 928 1073 947 unum
1105 917 1139 947 in

174 970 240 995 toto
265 963 340 993 orbe
367 972 436 993 csse
466 961 632 992 eximium.
685 959 799 999 Itaque
830 964 935 999 potest
964 970 1140 991 accommo-

174 1007 241 1038 dari
266 1007 317 1037 hic
340 1005 428 1036 locus
452 1003 490 1034 ad
515 1004 659 1044 gentium
684 1003 895 1036 vocationem,
919 1013 997 1042 quas
1020 1003 1084 1033 iam
1108 1003 1140 1033 in

173 1050 358 1082 societatem
393 1047 485 1078 electi
519 1045 630 1086 populi
665 1045 820 1076 asciscere
854 1050 1012 1076 statuerat
1043 1046 1140 1082 Deus,

173 1100 207 1124 ut
239 1098 394 1131 tauquam
425 1090 568 1120 minores
599 1093 676 1119 natu
712 1087 898 1119 accederent
933 1099 989 1119 suo
1023 1089 1141 1128 primo-

171 1136 289 1177 genito.
346 1134 465 1164 Fateor
499 1131 628 1172 quidem
664 1136 767 1162 totum
799 1131 889 1162 Adae
928 1142 1029 1171 genus
1063 1136 1141 1162 tune

171 1180 269 1210 fuisse
296 1177 507 1208 reiectitium:
539 1174 595 1205 sed
626 1175 700 1214 quia
731 1174 879 1205 conditus
910 1174 1013 1205 fuerat
1036 1174 1140 1205 Adam

173 1222 213 1253 ad
236 1221 412 1261 imaginem
437 1219 508 1255 Dei,
532 1218 655 1258 posteri
675 1218 743 1248 eius
763 1228 890 1257 semper
909 1217 1141 1257 quodammodo

174 1264 313 1305 reputati
337 1263 467 1293 fuerunt
491 1262 577 1292 inter
600 1260 662 1290 Dei
686 1260 778 1291 filios,
826 1260 898 1290 Etsi
922 1266 1027 1290 autem
1051 1260 1143 1291 facile

174 1307 311 1339 admitto
335 1306 473 1337 conferri
504 1311 647 1335 sanctam
673 1303 825 1334 Abrahae
854 1303 1039 1343 progeniem
1070 1314 1141 1334 cnm

175 1350 325 1387 {gentibus
349 1356 425 1379 tune
444 1347 549 1378 adhue
567 1346 717 1386 profanis,
742 1350 771 1376 01
794 1346 852 1377 1100
871 1352 1017 1385 respectu
1038 1346 1143 1377 vocari

175 1386 443 1434 primogenitum,
474 1390 548 1430 quia
572 1390 605 1419 in
630 1389 731 1429 gradu
757 1390 902 1428 superior
926 1390 1078 1420 emineat:
1108 1394 1143 1419 ut

176 1444 284 1468 tamen
306 1436 399 1466 firma
419 1434 459 1464 sit
481 1433 620 1472 adoptio.
647 1432 684 1462 ad
707 1432 837 1463 unicum
860 1437 955 1472 caput
975 1432 1142 1463 Christum

178 1480 287 1510 venire
309 1487 437 1508 neeesse
462 1482 518 1507 est.
561 1475 752 1505 Tenendum
778 1480 826 1505 est
848 1475 927 1505 illud
954 1475 1055 1514 Pauli,
1080 1486 1143 1505 non

176 1523 275 1553 fuisse
301 1520 452 1551 Abrahae
483 1519 674 1559 promissam
707 1518 960 1549 benedictionem
985 1518 1018 1548 in
1050 1519 1143 1549 senii—

178 1565 282 1597 ni'nus.
309 1563 363 1595 sed
388 1563 420 1593 111
446 1563 568 1593 semine
593 1560 679 1602 (Gal.
705 1561 733 1597 3,
760 1560 827 1602 16):
853 1561 928 1600 quia
949 1571 1012 1592 non
1035 1572 1145 1592 omnes

177 1608 232 1648 qui
256 1607 411 1647 originem
435 1610 607 1636 traxerunt
626 1616 664 1634 ex
691 1605 759 1634 cius
779 1615 885 1642 carne,
910 1605 1050 1644 reputati
1071 1608 1146 1635 sunt

176 1652 262 1682 inter
282 1650 372 1687 lilios,
392 1648 446 1679 scd
467 1648 522 1688 qui
545 1647 647 1678 vocati
669 1652 758 1677 sunt:
784 1647 865 1678 sicut
889 1647 987 1684 Isaac,
1008 1647 1146 1678 Ismaelc

176 1694 305 1731 reiecto,
329 1699 359 1723 et
384 1692 467 1723 sicut
487 1691 592 1727 Iacob,
616 1690 792 1729 praeterito
813 1690 901 1721 Esau
920 1689 1026 1732 (Rom.
1050 1691 1078 1727 9,
1104 1690 1146 1732 6).

178 1736 367 1768 Vocatiouis
402 1738 509 1766 autem
542 1733 633 1764 radix
665 1737 713 1764 est
743 1733 904 1764 Christus.
957 1733 1033 1764 Ideo
1063 1732 1146 1773 quod

178 1780 262 1819 apud
288 1778 406 1810 Oseam
421 1778 484 1819 (11,
502 1777 532 1813 1)
556 1776 594 1806 de
608 1781 674 1806 toto
686 1776 806 1816 populo
826 1777 908 1807 sicut
921 1776 971 1807 hic
984 1777 1147 1816 praedica-

179 1829 232 1853 tur
241 1821 439 1863 (Matthaeus
449 1821 477 1858 2,
490 1820 551 1861 15).
561 1820 598 1849 ad
609 1820 778 1850 Christum
789 1820 968 1860 restringit:
979 1825 1011 1850 ct
1024 1820 1148 1857 meritO,

179 1866 332 1905 quoniam
356 1865 390 1895 in
420 1865 488 1903 ipso
512 1863 578 1893 solo
602 1861 735 1893 fundata
761 1867 809 1892 est
832 1861 1010 1902 adoptionis
1034 1862 1147 1902 gratia.

266 1908 315 1939 23.
347 1907 414 1947 Eyo
436 1909 537 1937 atatem
560 1905 640 1936 iussi
663 1908 688 1935 te
711 1906 872 1936 dimittere.
908 1905 979 1936 Non
1003 1905 1067 1936 fuit
1089 1906 1149 1936 hoc

180 1951 351 1991 legationis
382 1949 567 1985 exordium,
604 1947 658 1979 sed
690 1953 852 1988 postrema
880 1948 1038 1979 clausula:
1073 1959 1149 1988 quo-

181 1995 268 2025 niam
293 1993 441 2024 omnibus
465 1993 586 2022 frustra-
610 1991 750 2028 tentatis,
776 1991 813 2021 de
839 1991 895 2021 filii
919 1997 1021 2022 morte
1045 1991 1148 2022 homi-

180 2048 255 2068 nem
280 2036 487 2076 desperatum
511 2034 680 2065 admonuit
704 2035 819 2065 Moses.
852 2033 974 2065 Sensus
997 2046 1072 2074 ergo
1092 2039 1148 2071 cst,

181 2080 430 2111 obstinationem
467 2077 597 2119 tyranni
633 2088 697 2107 non
733 2077 848 2107 debere
882 2077 1046 2109 obstaculo
1081 2088 1149 2108 esse

182 2123 353 2163 quominus
377 2133 449 2152 euin
474 2119 609 2151 subinde
634 2126 749 2160 urgeat
772 2130 872 2159 usque
904 2121 943 2151 ad
967 2121 1052 2151 hunc
1076 2120 1149 2151 ulti-

180 2176 269 2196 mum
305 2174 420 2195 aetum.
480 2165 591 2203 Itaque
635 2169 839 2202 praeceptum
875 2163 934 2194 1100
968 2163 1149 2194 exhortatio

182 2210 240 2239 fuit
272 2208 309 2237 ad
347 2207 634 2247 perseverantiamt
670 2206 766 2245 i‹lque
797 2216 835 2236 ex
867 2212 1020 2237 contextu
1051 2211 1149 2245 patet,

182 2252 234 2281 ubi
263 2255 493 2282 coinmemorat
524 2250 611 2280 Deus
643 2262 675 2279 se
707 2258 840 2288 poenam
874 2250 1003 2289 exigere
1033 2248 1071 2279 de
1100 2249 1151 2279 ob-

184 2294 355 2324 stinatione
381 2293 528 2333 tyranni:
560 2291 635 2331 quia
663 2292 770 2322 iussus
800 2292 952 2331 populum
979 2292 1149 2328 dimittere,

185 2337 330 2367 1101110111.
384 2336 485 2366 Porro
519 2335 668 2375 quoniam
705 2335 783 2365 baec
819 2333 1024 2365 denunciatio
1058 2334 1151 2365 valde

185 2380 264 2409 (lura
300 2387 366 2410 erat
407 2384 438 2409 et
469 2379 607 2408 maxime
638 2378 840 2409 inflammare
877 2383 1000 2417 poterat
1029 2378 1150 2408 rabiem

184 2423 324 2462 tri-anni,
350 2422 419 2452 ideo
443 2428 567 2452 mature
589 2420 717 2453 iubetur
737 2421 844 2451 Moses
864 2432 896 2451 50
917 2431 1037 2460 parare,
1059 2431 1098 2450 ne
1118 2420 1150 2450 in

185 2466 253 2504 ipso
277 2465 410 2495 articulo
436 2465 571 2496 deficiat.

272 2550 321 2580 24.
352 2550 473 2581 ,levam
496 2553 596 2581 (uitem
621 2551 654 2581 in
680 2551 800 2586 itinere,
825 2550 856 2579 ia
880 2548 1025 2588 hospitio.
1051 2552 1083 2579 ut
1107 2559 1152 2579 oe-

187 2596 320 2623 carrsrrt
344 2594 370 2623 ei
396 2593 516 2624 lebera..
542 2596 567 2623 ct
591 2596 746 2632 quaerere!
770 2592 901 2623 occido-u
924 2602 999 2622 (mm.
1038 2591 1087 2622 25,
1111 2589 1154 2621 Et

1190 234 1257 264 tulit
1283 233 1419 272 Sepleora
1442 233 1580 273 lapidem
1596 232 1617 273 ¹)
1640 235 1776 269 acutam,
1813 234 1839 262 et
1868 234 2042 271 amputavit
2064 245 2160 273 prae-

1183 277 1310 316 putium
1331 277 1393 314 filia·
1415 277 1481 313 sui,
1511 278 1537 306 et
1560 275 1690 314 proiecit
1713 275 1754 306 ad
1771 275 1866 313 pedes
1894 276 1977 306 eius.-
2003 286 2038 307 ac
2061 277 2159 308 dixit:

1192 319 1278 350 Certe
1300 329 1431 358 sponsus
1453 319 1643 358 sanfflcinwn
1670 320 1702 348 tei
1725 317 1804 348 mila·
1826 327 1865 349 es.
1920 318 1969 349 26.
1999 319 2042 349 Et
2063 329 2158 358 quum

1192 362 1356 393 diseederet
1379 362 1415 392 ab
1440 361 1500 398 illo,
1524 363 1594 391 tune
1616 360 1671 391 «illa
1696 360 1792 391 dixit:
1813 359 1951 399 Sponsus
1968 363 2158 402 sanyuinum

1190 404 1225 435 ob
1246 405 1517 435 cz'rczmwisionem„
1553 403 1603 433 27.
1628 402 1723 433 Dicit
1746 405 1849 433 autem
1872 402 1986 435 Ielzova
2008 405 2049 435 ad
2072 404 2159 436 Aha-

1189 457 1261 478 νωμ-
1292 447 1376 478 Vade
1400 447 1432 477 inf
1455 456 1613 477 occursum
1636 444 1720 476 Most
1743 445 1777 476 in
1798 445 1959 476 desertum.
2001 445 2160 486 Profectus

1190 493 1233 521 est
1256 490 1358 529 iyitm,
1382 492 1407 520 et
1431 489 1563 519 occurrit
1586 489 1614 518 ei
1637 489 1668 518 in
1688 490 1785 519 monte
1805 487 1867 519 Dei
1889 491 1915 519 et
1937 489 2093 520 osculatus
2115 492 2159 521 est

1190 543 1267 563 euin.
1320 532 1370 562 28.
1402 531 1444 562 Et
1470 532 1617 562 iudicavit
1640 530 1744 561 Moses
1768 530 1911 562 Akaroni
1939 532 2045 563 omnia
2069 532 2160 564 verba

1191 575 1320 606 Ielzovae
1342 575 1396 614 qui
1418 574 1545 605 miserat
1568 584 1652 609 eamn,
1683 576 1710 604 et
1732 574 1834 604 omnia
1863 574 1954 614 siyna
1973 585 2051 613 quae
2072 585 2159 606 mari-

1190 619 1317 650 daverut
1347 618 1384 648 ei.
1436 617 1486 648 29.
1519 615 1664 647 Perrexit
1692 616 1789 656 mitur
1820 616 1924 648 Moses
1958 620 1986 648 et
2016 617 2160 649 Aharon:

1189 662 1501 700 coum—ayazwrzmtqem
1546 669 1649 690 omnes
1687 659 1823 690 seniores
1861 659 2001 698 filiorum
2046 659 2159 692 Israel.

1191 704 1240 734 30.
1272 703 1315 734 Et
1347 703 1490 741 loquutus
1523 705 1568 733 est
1596 701 1728 732 Alzaron
1758 702 1860 732 omnia
1890 702 1982 734 verba
2011 713 2091 742 quae
2118 703 2160 734 Zo-

1190 749 1304 786 quutus
1325 746 1429 785 fuerat
1452 745 1565 776 Ielzova
1586 745 1626 775 ad
1650 744 1770 781 BIosen,
1792 744 1920 784 fecitque
1942 746 2033 786 siyna
2055 755 2159 777 coram

1187 789 1308 829 populo.
1366 788 1416 819 31.
1452 787 1495 818 Et
1529 788 1659 818 credidit
1685 787 1838 827 populus.-
1875 788 1952 827 quia
1993 788 2160 820 audierunt

1192 832 1271 872 quod
1293 832 1447 862 visitasset
1467 830 1579 862 Ieliova
1596 830 1679 869 fiilios
1698 830 1809 868 Israel,
1833 832 1860 861 et
1876 831 1956 870 quod
1975 832 2160 870 respexisset

1191 875 1388 914 afssictiomw
1409 884 1530 904 eorzmi:
1552 876 1578 904 et
1600 883 1631 904 se
1654 873 1844 904 incurvando
1868 873 2085 906 adoraverunt.

1278 960 1326 990 24.
1351 959 1474 990 Accidit
1495 961 1596 989 autem
1619 959 1652 989 in
1675 959 1790 990 itinere.
1833 957 2014 990 occurrere
2032 959 2084 991 hic
2108 971 2160 992 ae-

1192 1003 1310 1043 cipitur
1339 1002 1372 1032 in
1404 1001 1521 1032 malam
1552 1008 1676 1041 partem
1714 1013 1770 1041 pro
1805 1002 1917 1032 venire
1946 1013 1985 1032 ex
2015 1001 2160 1039 adverso,

1194 1046 1243 1077 vel
1279 1045 1441 1076 hostiliter
1481 1044 1628 1085 aggredi:
1670 1045 1758 1084 quasi
1802 1044 1923 1075 diceret
1957 1045 2065 1076 Moses
2098 1045 2162 1076 Dci

1193 1099 1325 1119 manum
1348 1088 1406 1118 sibi
1432 1088 1530 1118 fuisse
1554 1088 1725 1125 obiectam,
1756 1098 1836 1127 quae
1860 1088 1922 1118 iter
1944 1088 2160 1128 abrumperet.

1194 1132 1268 1170 Qua
1300 1136 1405 1162 autem
1442 1131 1545 1161 forma
1580 1131 1767 1171 apparuerit
1795 1131 1950 1162 nescitur:
1985 1131 2044 1161 nisi
2076 1130 2162 1171 quod

1197 1174 1295 1205 verba
1326 1174 1402 1204 satis
1431 1173 1515 1205 clare
1546 1173 1689 1204 indicant
1714 1173 1826 1204 Mosen
1855 1172 1893 1204 de
1924 1173 1993 1204 cius
2025 1174 2073 1206 ira
2094 1184 2161 1205 cer-

1196 1218 1309 1247 tiorem
1334 1217 1431 1247 fuisse
1465 1217 1599 1252 sactum,
1634 1220 1669 1246 ut
1703 1221 1840 1246 mortem
1865 1215 1923 1247 sibi
1946 1217 2162 1257 propinquam

1195 1270 1264 1291 csse
1288 1265 1503 1299 cognosceret.
1549 1259 1621 1289 Nisi
1645 1259 1731 1289 enim
1755 1259 1883 1290 oraculo
1911 1259 1960 1290 vel
1984 1269 2041 1299 per
2064 1269 2161 1300 ange-

1196 1304 1261 1334 lum
1294 1302 1408 1333 fuissot
1437 1302 1584 1339 edoctus,
1617 1302 1698 1332 nihil
1729 1302 1902 1341 profuisset
1924 1302 2051 1333 ostendi
2080 1303 2163 1342 peri-

1196 1347 1304 1378 eulum
1336 1344 1419 1384 quod
1450 1345 1599 1376 instabat.
1645 1345 1757 1384 Neque
1788 1350 1895 1375 tamen
1927 1355 2023 1376 eausa
2056 1345 2163 1385 expri—

1197 1390 1296 1419 mitur
1329 1399 1384 1418 0111·
1409 1388 1514 1419 Deum
1550 1388 1611 1418 sibi
1641 1393 1707 1418 tam
1731 1388 1886 1418 infestum
1918 1388 2070 1418 senserit:
2100 1387 2164 1419 nisi

1197 1432 1278 1471 qued
1306 1431 1458 1462 iudicium
1484 1431 1586 1462 facere
1615 1441 1654 1462 ex
1679 1436 1831 1461 contextu
1856 1431 1940 1461 licet.
1987 1430 2054 1462 Cur
2077 1431 2162 1461 enim

1196 1479 1323 1514 arrepto
1354 1474 1458 1514 lapide
1487 1474 1536 1504 vel
1569 1473 1672 1505 cultro
1698 1475 1799 1504 tilium
1825 1473 2080 1504 circumcidisset
2103 1472 2161 1505 Se-

1198 1517 1316 1557 phora,
1341 1518 1401 1547 iii-i
1426 1516 1506 1556 quud
1532 1518 1652 1547 sciebat
1676 1517 1783 1547 Deum
1812 1516 1980 1556 praeputio
2004 1516 2163 1547 offensum

1198 1559 1289 1591 csse?
1324 1560 1430 1591 Stulte
1450 1570 1524 1598 erge
1549 1559 1696 1590 divinant
1720 1559 1849 1599 quidam
1875 1558 2023 1597 Rabbini,
2049 1559 2164 1590 Mosen

1199 1603 1282 1633 hanc
1314 1603 1344 1633 111
1376 1614 1408 1633 se
1434 1603 1493 1633 Dei
1524 1602 1699 1634 vindictam
1730 1612 1937 1642 provocasse,
1968 1602 2051 1642 quod
2082 1601 2165 1633 filios

1198 1651 1229 1676 et
1259 1657 1391 1676 uxerem
1423 1656 1531 1676 seeum
1558 1646 1717 1682 traheret,
1749 1645 1896 1676 inutilem
1928 1645 2103 1683 sarcinam,
2134 1648 2166 1675 et

1199 1699 1281 1728 quac
1316 1688 1545 1728 impedimento
1579 1689 1690 1719 futura
1724 1693 1817 1719 esset.
1875 1688 1925 1719 De
1964 1688 2033 1727 ipso
2069 1688 2165 1719 etiam

1199 1732 1318 1771 flagel'i
1354 1742 1470 1768 genere
1500 1732 1596 1763 nimis
1630 1732 1783 1762 audacter
1807 1731 2035 1771 pronunciant,
2070 1730 2164 1771 gravi

1199 1775 1319 1805 seilicet
1343 1777 1452 1805 morlo
1478 1775 1574 1805 fuisse
1599 1775 1771 1809 afflictum,
1796 1779 1831 1804 ut
1854 1773 1893 1804 de
1914 1774 1982 1805 vita
2005 1773 2166 1813 periclita—

1200 1824 1298 1848 retur.
1323 1817 1420 1848 Nobis
1445 1818 1581 1848 sufficiat
1607 1817 1748 1848 oblatum
1774 1817 1874 1848 fuisse
1898 1821 2064 1854 terrorem,
2089 1816 2167 1848 acsi

1200 1866 1288 1892 certa
1325 1860 1450 1891 adesset
1485 1861 1657 1900 pernicies,
1701 1867 1731 1891 et
1766 1860 1861 1891 simul
1898 1859 2055 1890 rationem
2092 1859 2167 1890 mali

1201 1904 1297 1934 fuisse
1318 1912 1486 1941 oslensam,
1511 1908 1547 1933 ut
1570 1904 1608 1934 de
1628 1903 1809 1943 quaerendo
1833 1902 1974 1934 remedio
1994 1907 2165 1942 satageret.

1201 1947 1376 1985 Nunquam
1409 1947 1493 1976 enim
1525 1945 1571 1987 (ut
1605 1958 1705 1987 nuper
1737 1945 1891 1987 diximus)
1927 1945 1976 1976 vel
2006 1943 2083 1984 ipsi,
2114 1945 2166 1976 vel

1202 1990 1294 2020 uxori
1320 1990 1351 2019 in
1376 1996 1515 2019 mentem
1543 1990 1693 2027 venisset,
1720 1989 1868 2029 placandi
1888 1988 1951 2019 Dei
1970 1998 2067 2019 eausa
2090 1998 2167 2027 pue-

1202 2043 1272 2062 rum
1298 2032 1533 2063 circumcidere.
1581 2033 1623 2063 Et
1657 2032 1754 2072 paulo
1787 2038 1859 2071 post
1887 2031 2005 2062 iterum
2035 2029 2171 2070 liquebit

1202 2075 1300 2105 fuisse
1325 2075 1382 2105 hoc
1402 2075 1526 2114 piaculo
1547 2076 1636 2115 quasi
1663 2076 1805 2106 litatum:
1830 2075 1904 2115 quia
1926 2074 2015 2104 Deus
2034 2083 2169 2104 manum

1202 2128 1291 2148 suam
1318 2118 1462 2153 retraxit,
1487 2124 1518 2148 et
1541 2118 1671 2149 sustulit
1694 2118 1879 2149 offensionis
1903 2117 2038 2155 signum.
2082 2115 2169 2156 Ergo

1202 2161 1272 2191 siue
1295 2162 1514 2191 controversia
1541 2166 1647 2192 statuo
1676 2161 1854 2192 vindictam
1884 2159 1982 2190 fuisse
2005 2164 2169 2198 sumptam

1203 2203 1241 2233 (10
1276 2203 1474 2242 negligentia
1508 2204 1619 2243 Mosis,
1654 2214 1734 2244 quae
1769 2202 1944 2234 maioribus
1979 2201 2066 2232 vitiis
2101 2205 2170 2232 crat

1202 2246 1365 2285 implicita.
1430 2246 1540 2286 Neque
1580 2247 1664 2278 enim
1706 2246 1763 2277 filii
1803 2244 2078 2277 circumcisionem
2120 2244 2168 2275 vel

1203 2289 1371 2321 oblivione,
1399 2289 1445 2318 vel
1470 2290 1606 2326 inscitia,
1632 2289 1681 2320 vel
1701 2289 1827 2320 incuria
1845 2288 2007 2319 duntaxat
2026 2292 2170 2327 praeter-

1203 2331 1306 2361 misit:
1331 2332 1384 2361 sed
1410 2332 1490 2370 quod
1516 2338 1668 2372 expertus
1692 2337 1776 2362 esset
1799 2332 1849 2362 vel
1874 2331 1968 2362 uxori
1988 2330 2035 2361 vel
2061 2340 2170 2361 socero

1204 2384 1272 2404 esse
1292 2374 1443 2404 odiosam.
1480 2376 1567 2413 Ergo
1588 2386 1627 2406 ne
1647 2386 1718 2406 eum
1740 2386 1822 2405 uxor
1846 2374 1926 2404 rixis
1951 2378 2093 2411 vexaret,
2119 2373 2169 2403 vel

1204 2423 1399 2447 5000105501,
1428 2418 1596 2455 molestus,
1627 2419 1691 2449 illis
1720 2418 1897 2458 gratificari
1929 2416 2045 2447 maluit
2075 2427 2169 2456 quam

1205 2459 1357 2495 dissidiis,
1396 2460 1443 2489 vel
1480 2462 1713 2498 sinniltatibus,
1748 2461 1798 2491 vel
1835 2460 1937 2491 turbis
1971 2459 2170 2490 occasionem

1204 2502 1288 2532 dare.
1343 2503 1471 2533 Interea
1494 2515 1568 2534 vero
1600 2505 1632 2534 111
1665 2504 1831 2534 bominum
1860 2503 1998 2543 gratiam
2023 2502 2091 2533 Deo
2115 2511 2171 2542 pa-

1274 2596 1300 2628 ])
1320 2596 1353 2621 ln
1375 2597 1508 2629 maraine:
1530 2598 1576 2623 Vel
1596 2598 1721 2630 gladium.
