2304 3034
172 162 215 193 95

174 255 333 296 cognosci,
357 253 413 284 sed
436 252 585 293 plurimis
608 251 710 282 oculis
735 251 876 290 conspici
900 252 968 282 eius
989 258 1145 284 autorem.

177 299 217 329 In
241 297 295 328 illa
320 303 427 327 autem
449 295 543 325 turba
565 294 727 324 neminem
751 293 853 324 fuisse
873 294 928 333 qui
952 295 1037 334 regis
1061 306 1148 326 vesa-

176 342 264 372 niam
288 339 449 378 corrigere
474 337 636 372 studeret,
668 335 902 376 reprobationis
932 337 1063 377 signum
1088 339 1148 369 fuit

175 385 208 414 111
234 387 299 413 tota
323 386 428 421 gente.
466 379 560 411 Unde
580 380 677 410 etiam
695 384 830 418 apparet
851 383 886 409 ut
899 378 989 410 Deus
1009 380 1146 411 infatuet

175 425 287 457 mundi
307 423 508 464 sapientiam,
528 422 619 453 nulla
638 422 725 452 enim
746 422 835 452 natio
856 422 916 452 fuit
936 433 1017 461 quae
1038 434 1145 454 rerum

175 468 319 499 omnium
343 466 478 497 scientia
502 465 606 504 magis
629 465 838 505 gloriaretur:
873 474 966 504 quam
996 465 1059 497 illis
1083 467 1145 497 iac-

175 511 310 542 tantiam
342 508 516 549 exprobrat
540 508 643 539 Isaias
673 507 722 544 19,
754 508 801 538 11.
848 506 1006 538 Videmus
1036 516 1144 539 autem

175 552 360 594 pudendum
385 553 419 582 in
442 550 573 582 modum
604 551 679 581 binc
709 549 921 590 praefractos,
951 550 1039 582 illinc
1063 557 1145 582 atto-

175 597 258 627 nitos
284 595 419 626 minima
442 604 539 625 sanae
563 593 801 633 intelligentiae
829 592 969 624 scintilla
992 594 1143 625 caruisse.

260 638 310 670 22.
348 638 399 669 Sic
431 638 574 677 fecerunt.
628 636 805 675 Quaeritur
840 635 997 675 quomodo
1030 637 1145 668 Mosen

175 681 330 713 aemulari
355 680 518 720 potuerint
544 679 645 720 magi,
674 689 775 718 quum
798 678 887 708 nulla
911 679 1047 709 materia
1071 690 1145 719 sup-

176 730 310 766 peteret.
345 724 428 754 Nam
449 723 474 753 si
495 722 603 752 nullae
622 722 656 752 in
671 723 822 762 Aegypto
842 721 988 752 residuae
1008 722 1146 762 amplius

176 778 280 808 aquae
303 771 402 804 erant,
428 765 519 796 nulla
543 765 613 796 fieri
636 765 739 804 potuit
761 764 907 794 mutatio.
943 764 1013 804 Ego
1038 771 1145 796 aut-em

176 822 242 842 non
267 809 393 845 dubito,
425 813 459 839 ut
490 818 602 838 eorum
634 807 776 838 illusioni
808 807 895 837 locus
926 807 1031 844 fieret,
1057 808 1146 839 brevi

176 860 340 884 momento
365 851 552 892 apparuisse
576 861 675 891 puras
699 856 730 880 et
754 849 873 880 nitidas
897 860 1012 889 aquas,
1037 857 1069 881 et
1092 851 1144 881 de-

176 896 252 928 inde
288 900 427 926 mutatas
462 894 561 924 fuisse
598 893 632 924 in
673 893 875 933 sanguinem.
934 892 1019 931 Quia
1060 894 1145 924 enim

177 939 321 970 nondum
356 944 557 977 opportunus
592 940 663 966 erat
693 936 906 967 certaminum
937 935 1028 973 finis,
1060 935 1145 967 haud

177 983 273 1013 dubie
298 981 384 1012 viam
417 980 476 1010 sibi
509 980 660 1019 patefecit
686 979 789 1015 Deus,
822 978 922 1009 donee
956 978 995 1009 ad
1027 986 1146 1009 metam

178 1032 312 1056 ventum
354 1024 442 1054 foret.
501 1022 595 1061 Quod
638 1022 764 1052 divinat
797 1021 1001 1061 Augustinus
1036 1032 1146 1062 magos

177 1078 294 1107 aquam
318 1067 493 1106 sumpsisse
517 1076 598 1105 quae
623 1075 702 1104 pura
727 1070 759 1095 et
779 1064 906 1104 integra
930 1064 1073 1095 restabat
1092 1064 1144 1095 ubi

178 1110 372 1142 habitabant
396 1108 574 1145 Israelitae,
599 1113 745 1138 eoactum
770 1112 826 1138 est.
873 1107 1045 1138 Libentius
1069 1108 1146 1139 reci-

177 1164 286 1194 perem
312 1152 396 1192 quod
421 1151 513 1188 dicit,
538 1149 647 1181 eodem
672 1152 753 1181 forte
784 1154 948 1180 momento
977 1160 1145 1189 percussas

178 1197 276 1227 fuisse
300 1196 338 1226 ab
370 1195 431 1226 illis
461 1205 575 1234 aquas,
608 1199 642 1224 ut
673 1204 738 1224 una
768 1193 801 1223 in
834 1198 923 1232 parte
955 1194 1059 1224 virtus
1082 1192 1144 1224 Dei

179 1239 350 1275 enituerit,
374 1238 405 1267 in
432 1237 533 1268 altera
558 1236 696 1267 valuerit
718 1246 827 1266 eorum
852 1235 987 1266 fallacia.
1034 1235 1144 1274 Quan-

179 1293 275 1322 quam
289 1281 404 1312 solutio
421 1292 437 1311 a
452 1291 502 1310 1110
516 1280 619 1320 posita
632 1280 752 1319 optime
772 1279 933 1310 convenit.
970 1279 1091 1309 Verane
1105 1289 1145 1309 an

176 1325 369 1365 imaginaria
394 1323 491 1354 fuerit
515 1322 664 1359 mutatio,
689 1333 751 1352 11011
776 1321 878 1352 audeo
902 1330 1061 1352 asserere:
1084 1322 1145 1352 nisi

177 1368 262 1408 quod
286 1367 389 1407 magis
413 1372 666 1397 consentaneum
692 1371 740 1395 051
764 1364 908 1395 Satanae
930 1364 1065 1395 artificio
1090 1364 1143 1395 de-

176 1411 263 1442 lusos
287 1410 386 1440 fuisse
411 1409 582 1449 impiorum
608 1408 724 1439 oculos.
761 1408 874 1447 Neque
897 1418 976 1447 opus
999 1413 1046 1438 est
1070 1418 1144 1438 cum

179 1453 362 1494 Augustino
385 1452 535 1483 subtilius
559 1451 796 1491 philosophari,
820 1450 961 1481 infusam
985 1460 1053 1481 esse
1076 1460 1143 1480 om-

178 1496 274 1527 nibus
304 1496 400 1526 rebus
430 1495 545 1526 creatis
575 1495 783 1525 seminariam
814 1494 989 1531 rationem,
1018 1497 1051 1523 ut
1080 1503 1146 1524 una

178 1540 302 1579 speeies
333 1539 427 1569 aliam
459 1542 601 1578 generet.
655 1537 743 1576 Quin
778 1537 886 1576 potius
915 1535 1066 1567 standum
1096 1540 1146 1567 est

180 1582 273 1613 Pauli
298 1581 461 1612 doetrinae
478 1581 583 1611 Deum
609 1581 735 1611 mittere
759 1580 936 1611 efficaciam
961 1579 1088 1617 erroris,
1109 1584 1145 1609 ut

179 1624 361 1656 incredulos
376 1623 540 1654 mendacio
560 1623 692 1659 irretiat,
713 1623 787 1662 quia
808 1623 975 1653 veritatem
995 1621 1146 1662 amplecti

179 1673 328 1699 recusant
353 1666 394 1708 (⁴2.
420 1667 532 1697 Thess.
557 1668 585 1704 2,
611 1665 672 1707 11).
719 1667 762 1696 Et
792 1671 865 1696 ante
896 1677 936 1696 ex
959 1665 1020 1696 alio
1044 1665 1145 1696 Mosis

180 1712 246 1741 1000
271 1710 373 1747 docui,
398 1709 696 1750 pseudoprophetas
720 1709 805 1739 111510
829 1708 891 1739 Dei
915 1707 1030 1740 iudicio
1054 1709 1146 1748 signa

178 1761 208 1785 et
240 1753 387 1793 prodigia
419 1753 522 1783 edere.
571 1751 709 1783 Videtur
740 1757 847 1783 tamen
879 1752 1015 1782 innuere
1038 1751 1145 1782 Moses

178 1800 341 1837 spectrum
366 1796 465 1827 fuisse
488 1795 656 1833 duntaxat,
682 1794 735 1826 ubi
759 1795 908 1835 adiungit
927 1804 1037 1836 magos
1060 1793 1144 1825 idem

178 1840 290 1871 fecisse
314 1839 380 1870 suis
404 1840 690 1869 incantationibus:
716 1849 751 1869 ae
770 1839 795 1869 si
820 1839 959 1878 fulgetra
983 1837 1144 1868 volitando

178 1888 254 1913 ante
285 1882 392 1913 oculos
424 1882 524 1913 aciem
561 1882 777 1913 hebetasscnt.
829 1881 925 1912 Hane
956 1881 1042 1911 enim
1076 1890 1145 1911 esse

180 1926 245 1956 vim
267 1925 406 1955 nominis
427 1924 528 1956 docui.
559 1925 731 1955 Caeterum
752 1936 815 1955 non
835 1924 947 1954 dubito
966 1924 1041 1963 quin
1056 1923 1146 1953 Deus
1172 1938 1174 1958 ι

179 1969 359 1999 immunem
390 1968 590 2007 praestiterit
621 1969 660 1998 ab
690 1967 748 1998 hae
778 1968 962 1998 calamitate
993 1966 1145 2006 populum

181 2022 293 2047 suum,
329 2017 362 2041 ut
398 2010 540 2050 hospites
574 2017 605 2041 et
640 2010 789 2050 inquilini
822 2009 928 2040 aliena
962 2009 1147 2039 fruerentur

181 2065 272 2094 aqna,
292 2054 382 2084 0111115
404 2054 490 2084 nulla
509 2060 600 2093 gutta
620 2054 697 2093 ipsis
721 2053 881 2094 indigenis·
902 2052 1013 2083 relicta.
1032 2051 1145 2081 fuerat.

180 2097 266 2128 Hine
290 2097 436 2127 convicta
460 2097 520 2126 fuit
541 2097 625 2137 regis
645 2097 829 2127 obstinatio:
855 2095 937 2135 quod
958 2106 1019 2125 nou
1040 2099 1145 2125 atten-

180 2140 243 2170 tior
267 2140 324 2170 fuit
349 2139 387 2170 ad
411 2139 681 2170 considerandum
708 2140 765 2170 1100
789 2139 969 2169 discrimen.
1004 2137 1073 2168 Imo
1097 2137 1146 2167 bis

180 2188 342 2213 amentem
363 2190 391 2213 et
416 2183 571 2213 furiosum
591 2188 716 2221 oportet
740 2182 847 2219 fuisse,
871 2182 924 2221 qui
948 2191 1018 2211 cum
1038 2191 1095 2210 sua
1115 2186 1145 2210 01

181 2269 375 2307 opposuerit.

744 157 1114 192 COMMENTARIUS
1138 160 1187 191 IN
1211 159 1358 191 EXODI
1383 159 1480 190 GAP.
1507 159 1600 190 VIII.

183 2354 354 2393 perniciem
377 2355 467 2393 quasi
488 2355 600 2393 cupide
620 2360 723 2384 ruant.
761 2354 837 2384 Fuit
857 2359 963 2383 tamen
985 2352 1062 2383 haec
1082 2361 1145 2381 11011
1172 2363 1174 2380 s

184 2398 262 2427 levis
287 2397 423 2427 tentatio
447 2399 547 2427 servis
573 2397 649 2434 Dei,
680 2397 789 2427 videre
813 2397 954 2427 Satanae
983 2395 1146 2426 ministros

183 2440 242 2469 sibi
257 2450 355 2479 prope
368 2441 506 2479 aequari.
538 2440 618 2470 Nam
638 2440 665 2470 si
686 2440 813 2471 volebat
826 2440 915 2470 Deus
933 2437 1146 2478 redemptioni

184 2482 259 2513 dare
280 2483 499 2513 testimonium
521 2483 552 2513 111
573 2483 737 2522 prodigiis,
758 2493 858 2522 quum
875 2481 1019 2512 viderent
1036 2480 1144 2511 eadem

187 2526 305 2555 virtute
330 2526 449 2565 pollere
475 2526 582 2556 hostes
605 2522 694 2562 51105,
729 2526 888 2565 quomodo
912 2526 1003 2554 firma
1028 2524 1091 2554 illis
1114 2531 1146 2553 et

186 2575 254 2598 rata
290 2569 389 2607 potuit
426 2579 494 2599 esse
530 2580 586 2599 sua
621 2569 764 2599 vocatio?
801 2570 906 2606 Atque
937 2567 987 2597 1115
1017 2566 1144 2606 quidem

186 2611 341 2641 machinis
372 2622 557 2642 concussam
589 2612 685 2642 fuisse
719 2622 827 2642 corum
860 2609 952 2640 fidem
983 2609 1145 2648 probabile

2133 162 2174 193 96

1201 258 1265 285 cst:
1291 254 1417 284 stetisse
1442 258 1566 290 tamen,
1598 263 1656 283 nec
1687 252 1791 292 gradu
1822 264 1880 284 suo
1911 255 2009 286 fuisse
2040 260 2172 296 motam,

1201 307 1258 336 pro
1282 301 1368 327 certo
1393 300 1516 325 statuo:
1546 295 1621 334 quia
1644 295 1670 325 si
1694 306 1758 335 qua
1781 294 1982 328 dubitatione
2004 299 2172 338 perculsus

1201 340 1312 370 fuisset
1337 339 1459 373 Moses,
1496 347 1565 368 eam
1598 348 1655 377 pro
1687 348 1775 369 more
1806 349 1863 369 suo
1886 346 1972 370 esset
1994 341 2170 373 confessus.

1202 383 1323 412 Verum
1351 381 1440 411 Deus
1463 380 1527 410 illis
1552 381 1678 419 aperuit
1702 381 1828 418 oculos,
1853 386 1889 412 ut
1912 393 1951 412 ex
1975 383 2039 413 alto
2063 383 2171 424 despi-

1199 430 1308 456 cerent
1332 424 1460 454 fallaces
1482 432 1649 463 magorum
1681 424 1831 454 technas:
1868 423 1983 455 deinde
2007 426 2081 465 quia
2103 427 2170 458 iam

1199 467 1407 508 praeluserat
1430 465 1575 496 eoelestis
1599 466 1681 497 visio
1705 477 1770 497 una
1800 477 1874 498 cum
1904 478 2070 505 sermone,
2105 480 2169 500 non

1199 512 1316 540 mirum
1337 515 1385 540 est
1405 509 1430 539 si
1452 507 1569 539 talibus
1588 508 1719 539 fulturis
1732 510 1838 540 innixi
1851 515 2037 541 constanter
2056 522 2168 544 omnes

1200 553 1341 584 insultus
1364 551 1551 590 repulerint,
1581 551 1629 581 vel
1654 552 1877 584 sustinuerint.

1283 595 1333 626 23.
1360 594 1400 624 Et
1428 595 1580 625 revertens
1606 593 1740 626 Pharao.
1787 595 1849 626 His
1880 596 1986 627 verbis
2016 595 2166 628 duritiem

1203 638 1389 673 Pharaonis,
1414 637 1465 667 cui
1490 637 1579 667 Deus
1602 637 1708 676 ipsum
1734 637 1919 675 addixerat,
1948 639 2169 670 voluntariam

1200 681 1298 712 fuisse
1322 680 1416 710 110001
1440 685 1475 709 111
1498 679 1620 710 crimen
1645 680 1677 710 in
1700 681 1767 719 ipso
1792 682 1963 720 consistat,
1995 691 2053 712 1100
2076 681 2169 722 quid-

1200 734 1293 764 quam
1319 724 1408 753 iuvet
1431 722 1556 753 occulta
1576 722 1637 752 Dei
1662 723 1821 754 ordinatio
1844 724 1884 754 ad
1908 723 2080 755 levandam
2101 725 2169 756 eius

1200 767 1338 806 eulpam.
1376 765 1560 796 Damnatur
1579 765 1664 795 enim
1687 765 1746 796 hac
1765 766 2008 807 socordiaquod
2022 768 2169 798 animum

1201 809 1238 840 ad
1264 810 1322 840 1100
1346 818 1471 847 quoque
1492 818 1553 837 non
1579 807 1741 839 adiecerit.
1777 809 1870 840 Unde
1894 811 2040 849 sequitur
2062 811 2168 850 ipsum

1200 853 1259 883 sibi
1284 851 1512 882 obstinationis
1537 850 1636 881 fuisse
1660 858 1819 888 autorem,
1854 853 1928 892 quia
1958 852 2108 893 superbia
2137 858 2169 884 et

1199 900 1384 934 contemptu
1419 904 1532 924 caecus
1563 893 1624 923 Dei
1656 894 1790 934 gloriam
1821 905 1879 934 pro
1903 895 2005 926 nihilo
2029 895 2166 928 duxerit.

1200 937 1255 969 Sic
1285 937 1390 977 impii,
1422 936 1568 976 quamvis
1599 935 1647 977 (ut
1677 943 1754 967 sunt
1788 948 1864 968 vasa
1897 937 1976 979 irae)
2011 938 2168 970 divinitus

1199 981 1414 1012 coniiciantur
1437 980 1470 1009 in
1495 979 1667 1018 reprobum
1702 990 1849 1017 sensum,
1885 991 1918 1011 se
1941 981 2028 1020 ipsos
2059 987 2166 1012 tamen

1199 1024 1373 1055 obdurant:
1407 1022 1483 1061 quia
1511 1022 1648 1052 seientes
1677 1027 1708 1052 et
1733 1022 1876 1054 volentes
1901 1024 2086 1064 impingunt
2110 1023 2166 1054 ad-

1200 1077 1313 1097 versus
1339 1066 1458 1102 Deum,
1489 1071 1585 1104 atque
1609 1065 1652 1095 ita
1677 1066 1850 1103 securitas,
1883 1067 2015 1097 audacia
2039 1072 2071 1096 et
2094 1077 2167 1106 pra-

1200 1110 1291 1145 vitas,
1312 1108 1457 1139 inscitiae
1477 1112 1507 1138 et
1526 1107 1644 1138 erroris
1663 1109 1902 1140 exeusationem
1926 1109 1989 1140 illis
2009 1108 2165 1140 adimunt.

1199 1152 1308 1191 Quare
1333 1161 1501 1181 monemur
1525 1150 1584 1181 1100
1614 1151 1762 1191 exemplo
1792 1162 1855 1182 non
1880 1163 1949 1183 esse
1973 1151 2166 1191 torpendum

1200 1195 1252 1226 ubi
1278 1206 1334 1225 nos
1348 1194 1437 1224 Deus
1456 1194 1589 1224 excitat:
1614 1193 1670 1224 sed
1693 1200 1816 1226 attente
1840 1194 2073 1226 consideranda
2095 1205 2166 1226 esse

1199 1239 1266 1269 eius
1285 1248 1390 1277 opera,
1411 1247 1491 1276 quae
1511 1247 1568 1266 nos
1587 1236 1626 1266 ad
1640 1237 1708 1267 eius
1720 1237 1936 1268 reverentiam
1951 1239 2165 1277 timoremque

1199 1280 1355 1311 erudiant.
1381 1279 1475 1318 Quod
1490 1279 1644 1310 dicuntur
1658 1280 1807 1319 Aegyptii
1822 1284 1935 1320 puteos
1955 1280 2016 1311 sibi
2035 1280 2164 1318 fodisse,

1199 1323 1237 1354 ad
1252 1323 1398 1354 miraculi
1418 1321 1642 1353 certitudinem
1662 1323 1746 1353 facit.
1781 1323 1902 1353 Eodem
1923 1324 2062 1363 pertinet
2081 1322 2165 1362 quod

1199 1366 1237 1396 de
1272 1372 1394 1405 septem
1436 1365 1547 1396 diebus
1588 1365 1734 1399 additur,
1771 1376 1844 1396 nam
1879 1366 1906 1396 si
1939 1371 2165 1396 momentanea

1199 1414 1323 1440 tantum
1359 1409 1471 1439 fuisset
1508 1418 1662 1447 aquarum
1700 1408 1804 1446 tabes,
1845 1409 1998 1448 obrepere
2039 1413 2165 1448 poterat

1198 1452 1356 1483 illusionis
1390 1451 1546 1490 suspicio,
1582 1461 1663 1490 quae
1696 1462 1735 1481 cx
1769 1451 1922 1482 diuturno
1956 1455 2021 1482 tam
2053 1461 2165 1491 sapore

1199 1506 1294 1535 quam
1317 1500 1491 1534 conspectu
1515 1493 1640 1524 sublata
1663 1494 1731 1525 fuit.
1766 1493 1906 1534 Ideoque
1930 1495 2019 1534 prius
2043 1493 2163 1525 dictum

1199 1538 1259 1568 fuit
1284 1537 1462 1578 Aegyptios
1486 1548 1525 1568 ex
1550 1547 1651 1576 aquae
1680 1537 1815 1576 penuria
1846 1538 2025 1568 molestiam
2055 1542 2086 1567 et
2109 1536 2163 1567 do-

1199 1581 1297 1611 lorem
1323 1586 1482 1620 capturos.
1529 1579 1584 1611 Sic
1614 1579 1701 1610 enim
1730 1580 1941 1621 interpretor,
1972 1580 2104 1611 moestis
2133 1583 2166 1611 et

1199 1624 1327 1655 afflictis
1352 1624 1468 1655 animis
1492 1624 1568 1661 fore,
1593 1623 1669 1663 quia
1687 1627 1765 1663 potu
1789 1627 1945 1655 carerent.

1528 1752 1678 1784 CAPUT
1702 1752 1797 1784 vm.
1818 1752 1838 1794 ¹)

1287 1822 1312 1851 1.
1347 1821 1439 1852 Dim(
1479 1823 1580 1852 autem
1612 1820 1724 1852 Ielzova
1764 1821 1806 1852 ad
1841 1821 1966 1853 Illosen:
2009 1821 2093 1853 Vade
2125 1822 2167 1853 ad

1203 1865 1405 1900 Pharaonem,
1430 1866 1456 1894 ct
1475 1864 1524 1895 die
1546 1865 1588 1895 acl
1611 1874 1694 1894 eum:
1720 1864 1771 1895 Sic
1788 1864 1863 1895 dicit
1883 1865 2012 1896 Ielzova:
2035 1865 2167 1896 Dimitte

1194 1908 1345 1947 populana
1364 1918 1463 1937 mrum
1481 1910 1514 1937 ut
1531 1908 1667 1938 serviant
1684 1907 1770 1938 mim.
1808 1907 1835 1938 2.
1860 1907 1946 1946 Quod
1963 1908 1993 1938 si
2010 1910 2042 1938 tu
2060 1909 2166 1939 renuis

1199 1951 1359 1987 (limitare,
1379 1960 1447 1985 cece,
1472 1960 1525 1990 ayo
1544 1951 1682 1989 percutio
1701 1960 1803 1981 omnes
1821 1951 1964 1981 terminos
1982 1953 2049 1981 tuos
2066 1951 2164 1981 ranis.

1200 1994 1228 2024 3.
1250 1993 1292 2023 Et
1304 1993 1424 2023 scatebit
1440 1993 1555 2031 flumen
1567 1993 1664 2029 ranis,
1684 2004 1763 2032 quae
1776 1993 1944 2029 ascendent,
1964 1996 1990 2024 eb
2009 1993 2166 2024 intrabunt

1199 2037 1321 2067 domum
1346 2039 1444 2072 taam,
1468 2039 1493 2065 et
1516 2036 1652 2067 conclave
1674 2036 1784 2066 cubilis
1806 2036 1867 2073 tui,
1897 2039 1923 2066 et
1944 2046 2037 2075 super
2059 2036 2165 2067 lectum

1199 2082 1298 2113 tamon,
1323 2082 1348 2108 et
1371 2079 1403 2108 in
1427 2079 1548 2109 (Imaum
1572 2089 1730 2109 servorum
1753 2081 1889 2116 tuorum⁷
1913 2081 1940 2109 et
1961 2079 1995 2109 in
2013 2078 2165 2118 populum

1198 2126 1292 2157 tumn,
1312 2124 1337 2151 ‹et
1357 2122 1389 2151 111
1407 2122 1518 2160 furnos
1535 2124 1610 2156 tuos,
1630 2124 1657 2151 et
1674 2122 1707 2152 ‘in
1716 2122 1855 2160 panaria
1870 2124 1931 2152 tua.
1946 2120 1971 2163 ¹²)
2000 2121 2029 2152 4.
2055 2122 2165 2160 Itaque

1173 2183 1174 2190 1
1199 2166 1229 2195 iu
1243 2168 1277 2201 te,
1297 2167 1321 2193 (ff
1343 2165 1373 2193 in
1389 2164 1537 2203 populum
1555 2167 1652 2201 tuum,
1672 2167 1698 2194 et
1717 2164 1749 2194 in
1768 2174 1870 2194 omnes
1888 2174 1991 2195 servos
2004 2164 2165 2195 ascendent

182 2226 279 2255 totius
311 2225 401 2265 regni
434 2225 522 2255 clade
555 2236 722 2265 magorum
755 2225 920 2255 illusiones
946 2224 1005 2254 Dei
1035 2223 1145 2253 virtuti
1172 2224 1174 2243 ἓ
1198 2218 1302 2238 mnae·
1336 2217 1364 2237 ⁰·
1383 2209 1406 2245 ι’)
1429 2207 1469 2237 Et
1491 2210 1535 2237 απ
1550 2206 1659 2238 Iel‘ova
1677 2208 1718 2237 ad
1740 2206 1860 2237 Iuose’l*
1878 2207 1941 2238 ch
1958 2207 2000 2237 ad
2018 2206 2165 2238 Almr‘m’

424 2267 487 2298 Sed
512 2268 569 2298 hoc
595 2268 737 2307 reprobis
761 2279 855 2307 saepe
879 2267 1045 2306 contingit,
1070 2265 1144 2295 1111111
1172 2293 1173 2296 ,

182 2312 303 2350 impetu
327 2311 481 2342 diabolico
505 2316 617 2341 contra
632 2311 736 2341 Deum
757 2312 913 2346 feruntur,
939 2314 973 2340 ut
997 2309 1029 2339 in
1054 2319 1145 2339 suam
1173 2334 1174 2343 ,

1200 2250 1337 2280 Ertendc
1366 2260 1491 2280 manum
1521 2253 1605 2280 tuam
1634 2260 1702 2280 cum
1730 2250 1819 2289 virgyu
1847 2252 1900 2280 lua
1927 2260 2020 2289 super
2043 2250 2163 2288 fluvios,

1199 2303 1292 2331 super
1314 2293 1410 2329 rivos,
1435 2295 1461 2322 et
1483 2303 1576 2332 super
1597 2295 1721 2331 stassua,
1745 2295 1776 2322 ut
1799 2292 1935 2323 ‹ulslucas
1957 2302 2054 2323 ranas
2073 2302 2165 2331 super

1198 2339 1312 2365 terram
1326 2336 1465 2374 ⁴''1<³sl.ll)²t'²'·
1500 2337 1527 2366 (ἱ.
1555 2336 1597 2365 Et
1618 2336 1750 2365 caedendi(
1774 2335 1904 2365 „maron
1925 2345 2053 2366 manum
2074 2345 2164 2366 suam

1198 2389 1291 2416 sapw-
1302 2389 1402 2416 aquus
1413 2379 1551 2417 slessypfi,
1561 2381 1586 2409 et
1597 2379 1796 2409 ascenderunt
1807 2388 1912 2414 ramae,
1925 2380 2165 2417 operueruntque

1199 2425 1314 2451 terram
1328 2421 1470 2460 Aryjsptz'.
1508 2422 1534 2452 7.
1552 2422 1593 2451 Et
1611 2422 1654 2451 sic
1665 2422 1800 2460 feceruut
1812 2422 1895 2461 mayi
1909 2422 2166 2452 incantationibus

1198 2464 1283 2494 sais-.-
1318 2474 1420 2502 ›Jemqw
1442 2464 1617 2495 adducendo
1646 2474 1744 2494 ranas
1766 2474 1860 2502 super
1888 2467 2001 2495 terram
2025 2464 2166 2504 Acyypti.

1269 2549 1295 2579 1)
1318 2549 1395 2573 llebr.
1418 2548 1471 2573 VII.
1491 2549 1524 2573 26
1544 2558 1576 2574 55,

1267 2582 1295 2613 ⁶2)
1317 2582 1349 2606 In
1370 2591 1501 2612 inaratae:
1523 2584 1605 2609 Ilvbr.
1628 2583 1736 2609 Fariuas
1756 2587 1823 2608 tuas.

1268 2617 1296 2649 3)
1316 2617 1395 2642 llebr.
1420 2618 1485 2642 xlll.
1507 2618 1529 2642 l.
