2304 3034
190 204 252 235 363

190 304 294 329 terum
319 294 466 335 quamvis
489 303 507 322 a
526 291 634 331 paucis
658 289 825 321 autoribus
848 290 993 330 profecta
1015 291 1058 321 sit
1081 291 1158 321 mali

190 341 289 381 origo⁷
303 349 365 369 non
381 336 451 367 vult
465 341 573 365 tamen
588 334 620 364 in
634 333 712 373 ipsis
725 333 801 364 solis
816 343 951 373 poenam
966 334 1156 364 consistere:

192 394 228 414 ac
247 383 273 413 si
297 380 336 411 ad
362 378 450 418 vulgi
476 377 718 408 excusationem
745 376 867 406 valeret
890 375 1016 406 alienus
1040 376 1158 416 impul-

194 436 256 457 sus.
310 422 402 453 lubet
438 426 546 450 autem
581 419 758 459 diligenter
792 418 929 458 inquiri,
966 417 1085 458 duplici
1120 418 1159 449 de

191 477 302 499 causa:
329 476 368 495 ne
392 464 514 495 scilieet
538 463 589 492 vel
614 462 813 493 conniveant
837 472 872 492 ae
897 472 1012 500 segnes
1036 462 1101 492 sint
1124 472 1160 493 ac

192 508 348 544 dissoluti,
374 506 423 537 vel
449 505 545 536 nimis
570 504 695 535 fervide
720 504 893 544 prosiliant
921 504 960 534 ad
990 503 1159 534 serendum

191 552 358 584 iudicium:
389 549 464 589 quia
488 548 610 579 seilicet
635 552 672 578 ut
695 558 861 587 nunquam
893 547 1086 586 aequitatem
1111 558 1160 577 se-

191 596 329 635 quimur,
355 604 413 623 nec
437 591 639 622 decernimus
663 589 746 629 quod
772 596 895 621 rectum
926 595 975 620 est
1004 590 1037 620 in
1070 600 1159 630 prae-
1185 599 1186 604 ¹

192 638 278 678 cipiti
301 635 429 666 ardore:
461 635 505 665 ita
537 633 703 674 negligere
728 638 854 664 tantum
886 632 1026 672 crimen,
1057 633 1161 671 turpis

191 680 345 721 segnities
369 684 416 708 est
439 688 475 708 ac
499 676 652 716 perfidiae
680 676 795 706 affinis.
842 675 892 706 Ita
916 681 981 705 tam
1006 675 1160 706 sedulitas

192 734 288 764 quam
312 721 490 752 moderatio
520 718 782 754 commendatur,
812 724 848 749 ut
879 729 981 757 neque
1013 723 1162 758 torpeant

193 766 323 802 iudices,
347 774 404 794 nec
417 770 560 794 statuant
575 762 740 801 quidpiam
761 761 823 792 nisi
847 772 881 791 re
895 761 976 792 bene
989 766 1160 801 comperta.

280 808 328 839 15.
362 806 562 838 Percattendo
584 805 747 844 percuties.
792 803 841 835 Ne
872 814 967 843 quem
997 804 1163 843 perturbet

193 862 315 892 poenae
339 849 507 884 acerbitas,
533 848 636 888 primo
655 855 804 878 notemus
826 858 887 877 uon
908 847 1004 877 fuisse
1024 846 1162 877 dandam
1188 854 1189 858 ’

193 894 295 926 errori
326 903 473 928 veniam,
504 891 580 931 quia
611 890 737 921 educati
768 891 800 920 in
826 890 905 924 leuis
929 889 1075 921 doctrina
1099 900 1163 920 non

193 942 342 979 poterant
366 935 428 966 nisi
449 934 592 965 volentes
616 933 734 972 decipi:
764 943 800 964 ac
823 933 849 963 si
874 932 1003 972 pietatis
1028 932 1163 969 fastidio,

195 980 311 1011 diaboli
343 979 542 1018 imposturas
572 980 771 1015 appeterent.
818 975 890 1006 Hae
920 975 1045 1005 ratione
1076 974 1164 1006 Deus

195 1023 279 1063 apud
304 1022 475 1052 Ieremiam
497 1019 539 1061 (2,
567 1018 628 1060 10),
657 1030 719 1059 quo
742 1019 876 1059 gravius
901 1018 1031 1049 Iudaeis
1055 1018 1165 1049 incon-

195 1066 348 1097 stantiam
372 1064 555 1103 exprobret,
579 1072 634 1093 eos
654 1061 782 1101 ablegat
802 1061 839 1092 ad
861 1061 983 1092 insulas
1002 1067 1034 1091 et
1053 1067 1165 1101 gentes

196 1116 348 1140 remotas:
374 1107 432 1143 Ite,
458 1105 578 1145 inQit,
603 1110 635 1135 et
658 1105 814 1144 inquirite
838 1115 878 1134 an
903 1115 983 1144 gens
1006 1103 1165 1134 ulla'mu-

195 1152 313 1183 taverit
336 1150 411 1181 deos
435 1160 518 1185 suos,
543 1148 597 1188 qui
622 1153 729 1178 tamen
752 1158 815 1178 nou
836 1153 913 1178 sunt
932 1146 985 1178 dii.
1021 1147 1166 1186 Populus

196 1200 303 1226 autem
339 1204 430 1224 meus
467 1191 606 1222 mutavit
640 1191 775 1231 gloriam
811 1201 902 1220 suam
938 1191 971 1220 in
1005 1201 1077 1220 eum
1112 1190 1192 1229 quii

196 1237 349 1278 prodesse
374 1235 492 1275 nequit.
539 1233 768 1273 Obstupescite
793 1233 868 1263 coeli
894 1244 991 1272 super
1014 1233 1082 1270 hoc,
1106 1239 1163 1263 etc.

196 1281 316 1312 Merito
339 1279 425 1310 enim
452 1276 635 1318 prodigiosa
658 1276 783 1307 censeri
804 1275 916 1306 debuit
936 1276 1061 1312 levitas,
1082 1275 1177 1315 quod.

197 1328 310 1364 sponte
351 1321 536 1352 desererent
579 1320 700 1350 fontem
743 1319 844 1354 vitae,
882 1330 918 1350 ac
958 1324 1165 1358 praepostero

198 1365 354 1398 novitatis
376 1363 483 1395 studio
506 1361 546 1393 ad
570 1363 746 1393 vanitatem
771 1369 971 1401 raperentur.

198 1411 284 1450 piam
308 1407 456 1447 excipiat,
481 1405 632 1446 parvulos
656 1405 770 1436 saltem
794 1405 894 1435 fuisse
923 1406 1082 1436 insontes:
1117 1414 1165 1434 re-

919 196 1104 228 PRIMUM
1128 197 1448 229 PRAECEPTUM.

2115 197 2179 229 364

1208 290 1439 330 supellectilem
1465 300 1604 326 omnem,
1628 293 1660 320 et
1678 288 1833 328 quidquid
1855 289 1888 319 in
1911 289 1990 321 urbe
2013 294 2179 330 repertum

1209 332 1315 371 fuerit,
1336 333 1537 365 comburere:
1558 338 1589 362 et
1603 332 1685 362 ratio
1697 331 1838 367 additur,
1851 332 1924 371 quia
1938 332 1979 363 sit
1994 334 2178 366 anathema.

1211 375 1246 407 Si
1270 387 1332 416 qua
1356 376 1432 406 urbs
1458 376 1487 405 vi
1512 380 1606 414 capta
1630 375 1756 410 fuisset,
1780 374 1812 404 in
1837 374 1989 414 praedam
2013 386 2179 408 cessurum

1210 424 1280 449 erat
1303 417 1456 458 quidquid
1472 418 1560 448 Deus
1582 417 1634 448 hic
1658 417 1728 447 vult
1751 416 1899 447 incendio
1923 420 2082 450 consumi:
2106 421 2180 460 quia

1210 462 1277 492 solo
1298 467 1382 492 tactu
1404 459 1514 491 Iudaei
1534 471 1567 491 se
1587 460 1776 499 polluerent.
1812 459 1903 490 Fieri
1922 460 2051 500 quidem
2074 467 2181 501 potest

1185 522 1186 534 t
1212 509 1248 535 ut
1272 504 1334 534 Dei
1356 503 1527 534 eonsilium
1551 503 1647 533 fuerit
1678 503 1759 533 lucri
1791 502 1961 542 cupiditati
1995 514 2177 536 occurrere:

1212 558 1252 578 ne
1284 546 1394 577 Iudaei
1424 557 1498 577 eum
1529 546 1596 576 zelo
1629 545 1760 585 rapinas
1794 556 1869 576 suas
1902 546 2089 580 miscerent:
2124 547 2181 578 sed

1212 590 1385 629 praecipua
1418 589 1477 619 fuit
1508 589 1590 619 ratio
1624 599 1707 628 quae
1736 588 1931 628 exprimitur
1960 598 1978 619 a
2009 589 2115 626 Mose,
2147 594 2182 621 ut

1213 633 1350 672 populus
1375 632 1478 671 magis
1501 632 1690 662 assuefieret
1709 631 1749 661 ad
1769 631 2016 662 detestationem
2036 631 2182 664 criminis

1212 674 1295 715 quod
1321 674 1447 705 videbat
1473 673 1580 704 Deum
1604 680 1670 704 tam
1693 674 1844 705 atrociter
1863 674 1983 706 ulcisci.
2009 680 2077 706 ’.ΤῚΠ
2097 675 2183 715 quod

1214 718 1388 748 anathema
1412 717 1530 748 Gracci
1555 721 1732 753 verterunt,
1759 717 1888 756 proprie
1912 717 2106 749 occisionem
2130 718 2182 749 vel

1213 760 1420 791 abolitionem
1450 760 1624 799 signifieat:
1650 759 1705 790 sed
1730 765 1798 792 ΕἻΠ
1830 759 1948 790 dicitur
1976 771 2045 791 esse
2074 771 2183 792 eoram

1216 804 1283 834 Deo
1307 803 1389 843 quod
1421 803 1490 833 vult
1520 803 1552 833 in
1583 802 1722 833 nihilum
1750 801 1872 842 redigi,
1902 803 1978 843 quia
2007 804 2075 834 eius
2106 815 2184 835 een-

1214 851 1360 886 spectum
1386 847 1468 876 ferre
1499 846 1618 885 nequit.
1664 845 1743 876 Ideo
1774 845 1827 876 hic
1857 845 1992 883 dicitur,
2017 846 2184 878 combures

1215 889 1355 920 Iehovae
1380 889 1448 919 Deo
1472 894 1535 919 tuo.
1582 888 1666 919 Nam
1690 887 1774 928 quod
1797 888 1852 918 alii
1876 888 2017 919 reddunt
2044 889 2185 929 Propter

1215 932 1397 969 dominum,
1423 931 1517 971 paulo
1542 932 1698 962 remotius
1722 935 1779 962 est.
1826 930 1963 962 Summa
1985 931 2048 963 hue
2070 931 2183 969 tendit,

1216 975 1244 1006 si
1273 985 1291 1005 a
1322 975 1382 1005 Dei
1415 974 1557 1005 vindicta
1588 974 1648 1005 sibi
1683 979 1846 1011 metuant,
1881 985 2019 1014 eumque
2053 975 2187 1015 cupiant

1217 1018 1335 1048 habere
1360 1018 1542 1057 propitium,
1562 1017 1595 1048 in
1619 1017 1841 1049 exsecratione
1865 1017 2007 1048 habeant
2025 1017 2136 1048 domos
2155 1021 2187 1049 et

1217 1070 1297 1091 vasa
1326 1071 1436 1091 eorum
1467 1061 1520 1100 qui
1551 1060 1748 1091 desciverint
1770 1070 1789 1090 a
1812 1060 1890 1100 lege.
1937 1060 2038 1091 Porro
2062 1061 2186 1092 miseri-

1217 1103 1343 1134 cordiae
1367 1109 1398 1134 et
1421 1103 1594 1134 miserendi
1619 1104 1751 1135 vocibus
1775 1103 1891 1140 innuit,
1915 1102 1942 1133 si
1966 1113 2093 1134 summo
2116 1103 2187 1135 iure

1217 1151 1328 1186 ageret
1351 1145 1455 1182 Deus,
1484 1146 1587 1177 scelus
1619 1147 1715 1178 unius
1746 1145 1836 1177 urbis
1866 1145 2015 1177 sufficere
2045 1145 2085 1177 ad
2115 1157 2188 1186 per-

1217 1188 1355 1219 dendam
1381 1194 1480 1219 totam
1500 1189 1674 1230 regionem.
1706 1188 1801 1221 Unde
1824 1189 1986 1229 colligitur
2008 1189 2096 1229 exigi
2115 1199 2187 1229 spe-

1191 1249 1192 1269 1
1217 1232 1299 1262 ciem
1324 1232 1519 1272 expiationis
1543 1231 1583 1262 ad
1597 1233 1704 1263 Deum
1729 1231 1932 1273 placandum,
1955 1231 2011 1263 ubi
2034 1232 2189 1263 iubentur

1218 1274 1331 1305 urbem
1374 1275 1517 1305 funditus
1559 1275 1723 1313 excidere,
1757 1279 1789 1306 et
1822 1275 1855 1305 in
1886 1275 1995 1316 ignem
2029 1275 2189 1307 coniicere

1218 1328 1331 1349 omnes
1355 1318 1514 1358 reliquias.

1018 1361 1052 1393 Si
1079 1361 1164 1401 quis·
1191 1382 1192 1386 ,

199 1451 358 1492 spondeo,
394 1450 467 1490 quia
491 1449 553 1480 Dei
587 1448 705 1479 iudicio
739 1448 869 1479 obnoxii
903 1454 980 1478 sunt
1013 1457 1125 1478 omnes
1148 1451 1192 1477 a*

199 1496 332 1526 minimo
364 1504 463 1533 usque
492 1491 532 1522 ad
562 1491 759 1527 maximum,
789 1490 912 1521 frustra
942 1501 1000 1522 nos
1029 1501 1100 1521 eum
1130 1499 1166 1520 eo
1192 1510 1193 1529 ἢ

200 1538 344 1578 litigare,
379 1538 476 1567 etiam
512 1535 538 1565 si
573 1535 676 1564 foetus
711 1535 796 1572 ipsos
827 1533 932 1564 adhue
966 1533 1106 1564 inclusos
1132 1532 1167 1562 in

201 1580 377 1612 visceribus
399 1584 538 1609 matrum
560 1576 682 1618 perdat.
714 1576 823 1616 Quum
838 1576 978 1608 Sodoma
991 1582 1023 1607 et
1042 1576 1168 1607 vicinae

1514 1489 1578 1520 EX
1601 1488 1751 1521 EXODI
1774 1488 1890 1520 XXII.

1308 1575 1346 1606 18
1362 1575 1393 1615 ¹).
1420 1574 1595 1613 Maleficum
1618 1585 1680 1606 non
1693 1575 1831 1614 patieris
1852 1575 1959 1606 vivere.

201 1625 297 1655 urbes
332 1622 500 1662 absorptae
535 1626 629 1658 sunt,
663 1630 727 1650 non
763 1619 895 1650 dubium
934 1627 982 1650 est
1016 1619 1049 1650 in
1078 1621 1195 1649 tanta*

201 1665 409 1698 multitudine
428 1663 527 1695 simul
547 1663 680 1703 periisse
699 1662 818 1693 multos
838 1662 990 1703 parvulos
1007 1667 1039 1693 et
1057 1660 1169 1692 mulie·
1195 1670 1196 1704 J

201 1721 253 1741 res
277 1708 441 1750 gravidas:
466 1707 541 1746 quia
564 1706 617 1737 hie
640 1716 757 1736 sensus
782 1711 893 1736 noster
916 1705 1077 1743 reclamat,
1100 1714 1170 1734 roe·
1195 1720 1197 1739 κ,

201 1753 283 1784 leste
307 1750 450 1782 tribunal
475 1754 664 1780 reverenter
695 1748 801 1788 potius
831 1749 994 1788 suscipere
1021 1747 1171 1779 convenit
1196 1743 1197 1784 J

202 1806 300 1836 quam
324 1794 443 1825 nostris
472 1792 596 1833 legibus
625 1791 791 1822 subiicere.
838 1791 929 1822 Idem
954 1801 985 1822 et
1008 1791 1041 1821 in
1066 1789 1172 1830 Baby-

203 1839 287 1870 lonis
306 1837 431 1869 excidio
451 1835 560 1866 valere
580 1834 683 1865 debet.
718 1834 802 1864 Nam
817 1834 974 1874 propheta
986 1833 1172 1864 exclamans
1197 1843 1198 1867 ;

203 1883 313 1913 beatos
344 1881 410 1910 fore
441 1879 497 1919 qui
524 1877 659 1908 allident
688 1877 842 1917 parvulos
871 1877 940 1907 eius
971 1876 1010 1907 ad
1034 1875 1172 1915 lapidem

203 1924 303 1965 (Psal.
329 1923 400 1959 137,
423 1922 466 1963 9),
487 1920 694 1952 commendat
716 1926 801 1951 certe
825 1921 943 1951 iustam
970 1919 1030 1950 Dei
1049 1918 1172 1949 vindie-

205 1977 281 1998 tam.
317 1966 433 2005 Itaque
457 1964 516 1995 hoc
539 1974 665 2003 quoque
688 1962 765 2000 loeo,
790 1963 816 1993 si
841 1963 933 1994 nobis
957 1973 1020 1993 non
1045 1961 1174 1992 videtur

1196 1788 1197 1802 χ
1538 1745 1601 1776 EX
1624 1745 1776 1777 LEVIT.
1799 1745 1877 1777 XX.

1310 1833 1338 1863 6.
1366 1832 1483 1862 Anima
1506 1842 1583 1871 quae
1606 1831 1776 1870 respexerit
1799 1832 1840 1863 ad
1858 1831 2009 1871 Pythonas
2031 1833 2057 1863 et
2068 1830 2194 1868 ariolos,

1197 1870 1199 1918 ᾖ
1224 1875 1265 1906 ad
1286 1874 1505 1914 fornicandum
1522 1877 1593 1913 post
1615 1885 1672 1911 eos,
1692 1884 1810 1913 ponam
1832 1874 1945 1914 faciem
1968 1884 2068 1905 meam
2089 1876 2194 1906 contra

1198 1921 1199 1963 l
1225 1918 1366 1949 animam
1391 1917 1485 1955 illam,
1509 1921 1536 1948 et
1559 1917 1765 1949 exterminabo
1788 1927 1803 1948 e
1825 1917 1925 1948 medio
1941 1917 2058 1956 populi
2078 1918 2140 1948 sui.

1198 1969 1201 1993 l

206 2010 323 2041 rationi
354 2012 606 2040 consentaneum
642 2011 741 2036 totam
777 2006 948 2046 impiorum
985 2004 1126 2036 sobolem
1157 1999 1201 2051 e}

205 2052 326 2084 mundo
345 2050 566 2085 exterminari,
587 2049 726 2080 sciamus
739 2049 845 2079 Deum
865 2049 936 2079 iure
954 2058 1012 2079 suo
1031 2045 1174 2078 fraudari
1199 2062 1201 2087 3

206 2095 360 2136 quamdiu
385 2093 513 2134 proprio
550 2103 645 2123 sensu
676 2092 830 2122 metimur
853 2092 1047 2122 immensam
1083 2089 1173 2120 illam
1199 2101 1201 2107 ’

206 2138 429 2175 altitudinem,
470 2145 566 2176 quam
608 2134 717 2174 angeli
757 2135 818 2174 ipsi
840 2144 922 2172 ,cum
963 2133 1174 2164 admiratione

207 2182 352 2212 adorant.
387 2179 581 2219 Quanquam
605 2177 782 2208 tenendum
805 2182 855 2208 est
879 2178 983 2208 Deum
1008 2185 1174 2215 nunquam

207 2224 307 2255 fuisse
330 2232 500 2263 passurum
524 2221 607 2252 ullos
632 2220 774 2251 infantes
797 2220 906 2258 occidi,
931 2219 993 2250 nisi
1012 2229 1090 2259 quos
1111 2218 1174 2248 iam

208 2267 412 2307 reprobasset
435 2275 471 2295 ae
495 2264 689 2295 destinasset
712 2270 864 2294 aeternae
888 2262 992 2293 morti.
1034 2261 1128 2300 Quod
1148 2260 1175 2290 si

211 2311 278 2341 Deo
313 2308 531 2349 permittimus
565 2317 620 2346 spe
655 2306 769 2337 salutis
803 2306 932 2346 privare
961 2315 1040 2345 quos
1070 2304 1174 2334 visum

208 2359 266 2389 est,
286 2362 342 2383 eur
362 2349 617 2391 reprehendetur
636 2349 823 2389 temporalis
843 2359 954 2388 poena,
973 2357 1054 2388 quae
1073 2345 1175 2376 multo

213 2396 313 2426 levior
343 2394 413 2425 est?
449 2393 537 2432 Quin
570 2392 676 2432 potius
708 2403 747 2422 ex
771 2391 946 2423 severitate
976 2390 1072 2421 huius
1095 2389 1176 2428 legis

212 2438 371 2469 diseamus
405 2446 501 2476 quam
533 2435 720 2465 detestabile
754 2435 795 2465 sit
828 2435 966 2470 crimen,
1007 2432 1105 2463 falsos
1146 2438 1177 2461 et

211 2480 411 2511 adulterinos
430 2479 537 2510 cultus
556 2479 693 2518 erigere:
714 2477 797 2518 quod
818 2488 882 2508 non
903 2475 1055 2516 parvulos
1072 2473 1177 2511 modo,

211 2524 265 2563 qui
290 2523 433 2553 nondum
458 2532 514 2561 per
538 2528 676 2552 aetatem
700 2520 819 2552 conscii
844 2525 928 2555 sunt,
954 2517 1009 2549 scd
1032 2518 1177 2548 iumenta

212 2572 243 2597 et
271 2565 423 2605 pecudes,
457 2569 542 2595 tecta
575 2574 700 2604 quoque
733 2568 764 2594 et
798 2563 936 2603 parietes
968 2561 1176 2592 contaminat.

215 2608 368 2648 Sequitur
391 2608 474 2638 enim
500 2607 652 2637 continuo
678 2610 768 2646 post:

301 2652 347 2681 16.
368 2651 468 2688 Atqw·
486 2650 698 2688 01›z›22·a.>p0l2·a
712 2646 993 2688 eiusconyreqabis.
1018 2644 1177 2675 Iubentur

1484 2086 1547 2116 EX
1571 2084 1736 2116 EODEM
1759 2084 1936 2116 OAPITE.

1199 2164 1202 2199 l
1312 2171 1362 2202 27.
1395 2171 1451 2202 Vir
1472 2171 1537 2202 sive
1559 2170 1674 2201 mulier
1696 2170 1731 2200 in
1755 2169 1867 2209 quibus
1889 2170 1985 2208 fuerit
1998 2169 2127 2210 Python,
2151 2171 2198 2203 vel

1200 2205 1202 2261 l
1226 2215 1410 2296 55255553333}
1432 2213 1783 2296 ἑῖἰγῖἔῖῥαέἓοέξῖζίῗέ
1797 2213 1981 2295 emt*
2027 2213 2198 2253 ³⁰²⁹ida⁷²⁰²⁰

1200 2264 1202 2301 l
1488 2269 1496 2288 .-
1557 2271 1559 2274 <
1704 2271 1705 2274 =
1723 2271 1725 2273 r
1965 2281 1970 2287 .

1200 2391 1202 2410 l

1534 2427 1597 2458 EX
1621 2426 1794 2458 NUMER.
1819 2427 1895 2458 XV.

1314 2513 1364 2544 30,
1396 2512 1515 2543 Anima
1544 2522 1622 2551 quae
1649 2512 1756 2551 fecerit
1787 2513 1819 2543 in
1848 2523 1943 2545 manu
1971 2512 2106 2551 excelsa,
2134 2515 2198 2544 tam

1228 2557 1305 2588 civis
1327 2566 1421 2595 quam
1440 2556 1633 2596 peregrinus,
1656 2558 1689 2586 ut
1702 2555 1848 2587 Ieltovam
1869 2556 2052 2588 contumelia
2067 2555 2196 2596 afficiat,

1318 2650 1344 2679 1)
1364 2649 1443 2674 Hebr.
1464 2648 1502 2673 17.
