2304 3034
119 174 181 205 285

119 267 164 298 vel
191 268 317 298 coctione
344 269 457 298 coctum
486 267 520 297 in
542 267 643 306 aquis,
670 266 724 297 sed
753 275 859 296 assum
882 265 963 304 iyni:
990 264 1082 301 caput

119 310 188 341 eius
205 319 274 340 cum
291 309 434 341 cruribus
451 309 528 340 eins.
547 311 573 339 et
589 318 658 340 cnm
676 308 830 339 intestinis
851 307 926 338 eius.
952 306 1001 336 10.
1018 304 1082 334 Nec

118 352 278 384 residuum
298 352 421 391 facietis
442 351 610 390 quidquam
634 360 671 381 ex
698 360 730 381 eo
751 359 848 388 usque
869 358 974 379 mane.-
1003 347 1081 394 quod

120 397 220 426 autem
242 394 396 433 reliquum
416 394 514 433 fuerit
534 403 572 424 ex
593 403 625 424 eo
648 402 743 431 nsque
764 401 861 429 mane,
892 391 1080 422 comburetis.

121 438 170 468 11.
205 436 256 468 Sic
288 437 446 468 comedetis
478 435 575 471 illum,
609 434 720 465 lumbis
750 434 862 464 vestris
892 432 1025 469 accincti,
1056 434 1082 462 et

118 480 316 512 calciamenta
337 481 436 509 vestra
458 478 492 508 in
509 477 641 517 pedibus
658 477 775 512 vestris,
800 479 826 506 et
843 476 968 506 baculus
986 477 1082 505 vester

119 523 153 553 in
174 533 271 553 mann
293 524 402 557 vestra,
434 522 460 550 et
485 519 641 550 comedetis
662 519 766 557 ipsum
788 528 855 549 cum
876 518 1078 557 festinatione.

119 565 178 595 Est
207 564 308 595 Pesah
338 563 474 594 lehovae.
527 561 576 592 12.
609 561 694 591 Nam
723 561 860 592 transibo
883 571 943 599 per
965 563 1080 590 terram

120 607 251 648 Aeyypti
274 609 354 637 nocte
375 605 438 641 bac,
462 606 488 635 ct
504 604 677 643 percutiam
699 613 816 634 omnem
839 603 1080 643 primoqenitum

118 651 152 680 in
179 653 263 680 terra
292 648 424 688 Aegypti
452 646 489 677 ab
513 646 633 677 homine
662 656 758 684 usqne
784 646 826 676 ad
848 646 1032 676 iumentum:
1055 646 1081 674 et

118 693 151 723 in
185 693 298 722 cunctis
329 691 391 721 diis
414 689 547 728 Aeqyptz'
580 688 668 719 edam
700 688 836 719 indicia:
871 698 922 727 eqo
957 688 1077 718 Ielzova.

120 735 168 765 13.
199 734 242 764 Et
270 733 328 764 erit
356 732 484 771 sanquis
511 730 595 762 vobis
624 732 657 761 in
685 731 807 770 siqnum
833 741 891 770 per
919 731 1022 761 domos
1045 730 1078 760 in

117 777 227 816 quibus
248 785 299 806 vos
319 775 459 814 fueritis.-
481 776 508 804 et
529 774 635 804 videns
657 774 840 812 sanquinem
859 774 961 811 ipsum
980 775 1079 803 trans-

117 820 224 850 siliam
257 828 323 848 vos:
351 826 402 847 nec
431 817 490 846 erit
519 816 552 846 in
582 815 664 846 vobis
682 816 778 855 playa
801 816 952 853 interitus,
983 825 1079 854 qaum

112 861 285 902 percutiam
317 862 431 890 terram
464 859 605 898 Aeyypti.
660 858 708 888 14.
744 858 787 888 Et
814 859 871 889 erit
900 858 984 889 vobis
1011 858 1078 889 dies

117 906 174 936 iste
195 905 227 934 in
248 902 441 933 memoriam:
464 903 492 931 et
513 901 701 932 celebrabitis
723 911 792 931 eum
814 901 925 939 festum
950 900 1079 931 Iclzovae

117 947 151 978 in
165 945 373 986 yenerationes
393 946 515 978 vestras,
535 946 645 974 statuto
663 946 783 974 aeterno
802 943 987 974 celebrabitis
1001 954 1077 973 enm.

118 989 166 1020 15.
193 988 312 1026 Septem
339 986 445 1017 diebus
466 986 680 1025 infermentata
703 986 874 1016 comedetis:
895 987 1006 1024 fflima
1029 986 1079 1016 die

116 1040 232 1064 cessare
252 1030 373 1069 facietis
393 1029 575 1068 fermentum
598 1039 612 1059 c
634 1029 776 1059 domibus
798 1029 916 1059 vestris
963 1029 1011 1059 16.
1037 1028 1079 1059 Et

114 1075 149 1105 in
178 1074 227 1104 die
252 1073 368 1111 primo,
397 1072 562 1102 convocatio
592 1074 707 1105 sancta,
737 1071 787 1101 dic
813 1082 929 1110 quoqne
951 1072 1078 1109 septimo

115 1116 280 1147 convocatio
301 1117 407 1145 sancta
428 1115 485 1144 crit
507 1113 603 1145 vobis.-
627 1124 713 1144 omne
734 1124 811 1152 opas
829 1125 887 1144 non
903 1114 955 1152 siet
973 1115 1006 1144 iri
1025 1114 1077 1149 eis,

113 1160 321 1190 verumtamen
343 1157 421 1196 quod
453 1158 623 1187 comedetur
656 1157 693 1186 ab
726 1157 808 1187 omni
842 1157 965 1191 anima,
1003 1157 1078 1187 illud

113 1200 318 1232 tantummodo
343 1201 394 1238 fiet
421 1210 440 1230 a
468 1199 561 1229 vobis.
616 1199 664 1230 17.
698 1198 962 1238 observabitis-que
987 1200 1077 1238 infcr-

113 1246 262 1274 mentata:
291 1243 366 1281 quia
394 1242 450 1272 bac
473 1243 543 1281 ipsa
567 1241 615 1272 die
637 1242 733 1272 eduxi
755 1242 905 1272 csercitas
926 1244 1041 1273 vestros
1062 1252 1077 1272 e

112 1289 194 1317 terra
222 1285 372 1325 Aeyypti:
405 1284 604 1315 observabitis
637 1285 769 1323 inquam
803 1285 885 1315 diem
917 1285 1013 1315 istam
1045 1285 1075 1315 in
1102 1306 1103 1320 1

110 1328 357 1369 yenerati'om'bns
378 1328 489 1358 vestris
510 1329 620 1358 statuto
638 1329 793 1366 perpetuo.
840 1327 888 1357 18.
914 1327 954 1357 In
973 1328 1077 1366 primo

111 1381 226 1406 mense,
249 1371 471 1409 decimoquarto
494 1370 543 1400 (lie
566 1370 694 1407 mensis,
717 1370 747 1399 in
774 1379 902 1408 vespera
920 1371 1077 1401 comedetis

112 1414 325 1453 infermentata
344 1423 440 1451 nsque
458 1413 499 1443 ad
516 1413 595 1443 (licon
614 1413 792 1443 vicesimum
806 1413 948 1450 primum
964 1414 1077 1443 mensis

112 1457 146 1487 in
176 1466 309 1494 vespera.
367 1456 416 1486 19.
451 1456 566 1494 Septem
596 1455 700 1485 diebus
728 1455 911 1494 fermentum
941 1466 999 1486 non.
1029 1457 1076 1485 in-

112 1500 248 1530 venietur
276 1499 308 1529 in
337 1498 475 1529 domibus
504 1499 623 1528 vestris.
680 1498 729 1528 20.
769 1498 862 1528 Omne
894 1501 1077 1536 termentum

112 1552 172 1573 non
190 1541 359 1572 comedetis:
380 1543 411 1572 in
432 1540 573 1571 omnibns
590 1540 775 1571 habitaculis
792 1541 901 1571 «restris
918 1541 1078 1572 comedetis

110 1585 336 1623 infermentata.

200 1670 225 1700 1.
261 1669 421 1708 Loqautns
449 1671 491 1699 est
515 1668 637 1699 Iehova.
690 1669 760 1699 Etsi
786 1669 954 1700 Paseliatis
984 1670 1075 1700 insti-

112 1713 195 1743 tutio
218 1712 324 1751 aliqua.
354 1723 395 1743 ex
418 1716 508 1751 parte
532 1712 570 1742 ad
595 1717 745 1751 quartum
773 1718 979 1752 praeceptum
1003 1723 1075 1752 per-

112 1755 200 1791 tinet,
224 1755 279 1786 ubi
299 1754 337 1785 de
359 1754 523 1786 Sabbatho
547 1759 577 1784 et
601 1753 714 1785 diebus
733 1754 822 1784 festis
842 1760 973 1795 agetur:
997 1765 1075 1795 qua-

111 1802 207 1829 tenus
231 1803 338 1828 tamen
364 1797 496 1828 solenne
526 1796 589 1827 fuit
619 1797 851 1837 redemptionis
881 1797 1074 1838 symbolum,

112 1851 173 1881 quo
196 1841 334 1880 populus
357 1851 391 1871 se
414 1840 484 1870 Deo
506 1839 672 1870 liberatori
697 1840 885 1870 obstrictum
911 1851 979 1871 esse
1003 1851 1076 1880 pro-

111 1884 213 1920 fessus
235 1888 293 1919 est,
322 1888 353 1913 et
376 1881 611 1922 quodammodo
635 1883 704 1913 eius
728 1883 862 1922 imperio
885 1893 918 1913 se
942 1882 1075 1919 addixit,

111 1936 177 1956 non
208 1925 355 1956 dubitavi
382 1931 536 1964 tanquam
560 1925 769 1964 appendicem
794 1926 890 1965 primi
914 1928 1075 1966 praecepti

111 1968 174 2000 hue
194 1969 343 1999 inserere.
379 1968 452 1998 Diei
472 1968 572 2007 ipsius
591 1967 774 1998 observatio
794 1969 910 1998 iterum
930 1979 987 1999 suo
1007 1970 1075 2000 loco

111 2016 272 2042 recurret:
303 2022 390 2042 nune
420 2016 546 2042 tantum
577 2016 690 2041 notare
715 2012 875 2047 convenit,
900 2022 961 2050 quo
985 2012 1075 2042 Deus

112 2054 264 2093 populum
283 2054 343 2085 sibi
362 2054 419 2085 uni
439 2054 570 2093 penitus
593 2053 781 2084 devinctum
806 2053 948 2089 haberet,
969 2064 1074 2085 caere—

112 2097 252 2127 moniam
272 2097 356 2127 hane
374 2097 552 2131 mandasse,
577 2107 615 2126 ex
636 2106 698 2135 qua
717 2096 878 2127 discerent
897 2097 1074 2133 Israelstae,

113 2149 274 2178 nunquam
299 2139 338 2170 ab
361 2150 397 2170 eo
421 2139 590 2170 deflectere
613 2139 704 2169 cuius
734 2138 888 2170 beneficio
918 2146 948 2170 et
974 2151 1072 2171 manu

113 2181 269 2221 redempti
292 2187 393 2213 erant.
446 2182 517 2212 Hoc
544 2182 630 2212 enim
659 2181 752 2212 modo
775 2182 835 2213 sibi
858 2183 942 2221 ipsos
966 2184 1073 2222 acqui-

109 2223 204 2253 sierat
226 2225 258 2254 in
280 2225 433 2265 populum
458 2224 660 2264 peculiarem.
697 2223 838 2264 Ideoque
862 2226 986 2264 quoties
1010 2225 1073 2257 illis

110 2263 316 2297 defectionem
345 2278 363 2298 a
391 2278 473 2307 puro
497 2268 585 2298 cultu
606 2267 790 2307 exprobrat,
816 2274 924 2298 tantae
948 2269 1071 2308 gratiae

110 2306 223 2338 oblitos
246 2319 314 2340 esse
335 2311 550 2350 conqueritur,
575 2310 667 2341 cuius
688 2311 843 2341 memoria
862 2311 900 2341 ad
922 2321 975 2341 eos
996 2312 1070 2341 reti—

110 2349 232 2380 nendos
261 2351 338 2382 satis
371 2353 479 2383 valere
513 2352 677 2383 debuerat.
736 2352 775 2383 In
810 2364 935 2384 summa
970 2354 1072 2394 igitur

110 2392 279 2423 celebratio
301 2395 460 2433 paschatis
484 2395 648 2426 Israelitas
683 2396 789 2426 docuit
824 2406 887 2426 non
924 2407 993 2427 esse
1023 2398 1070 2427 fas

109 2434 267 2474 respicere
289 2435 322 2465 in
346 2437 442 2468 alium
467 2438 572 2468 Deum
594 2449 689 2477 quam
714 2439 747 2469 in
772 2449 864 2469 suum
891 2439 1070 2479 redempto—

109 2486 195 2508 rem:
226 2476 339 2508 deinde
369 2489 504 2519 aequum
532 2485 563 2511 et
585 2486 710 2512 rectum
735 2491 803 2512 esse
827 2486 864 2511 ut
886 2492 920 2511 se
942 2482 975 2512 in
1000 2482 1070 2513 eius

109 2519 297 2558 obsequium
315 2528 546 2560 consecrarent,
569 2524 622 2563 qui
640 2523 727 2563 ipsos
746 2534 764 2554 a
783 2530 885 2555 morte
909 2525 943 2554 in
968 2524 1069 2555 vitam

109 2562 304 2593 restituerat.
359 2563 470 2603 Itaque
502 2566 593 2596 velut
625 2566 659 2596 in
694 2567 839 2606 speculo,
874 2567 923 2597 vel
959 2567 1069 2598 tabula

110 2606 212 2647 picta,
236 2607 487 2644 repraesentavit
516 2618 625 2639 eorum
655 2609 756 2640 oeulis
787 2619 878 2640 suam
909 2610 1068 2649 gratiam:

844 170 1029 202 PRIMUM
1054 168 1374 201 PRAECEPTUM.

2035 176 2098 207 286

1133 267 1166 291 et
1199 261 1281 300 quod
1316 263 1413 293 semel
1450 265 1575 303 experti
1609 265 1751 303 fuerant,
1786 270 1897 306 postea
1925 269 2097 307 quotannis

1133 313 1359 343 recognoscere
1389 306 1507 344 voluit,
1538 318 1578 337 ne
1608 319 1749 347 unquam
1782 309 1937 340 memoria
1966 310 2096 340 interci-

1133 345 1229 376 deret.
1267 347 1411 378 Primum
1432 349 1623 381 definiamus
1636 351 1712 390 quid
1732 352 1772 382 sit
1791 351 1924 391 pascha:
1945 357 2020 383 utor
2031 352 2095 383 iam

1132 389 1208 418 trito
1238 394 1270 419 et
1304 390 1430 430 vulgari
1462 392 1601 423 nomine.
1658 393 1695 424 In
1727 395 1922 435 etymologia
1952 405 2016 425 non
2047 399 2096 426 est

1132 430 1340 468 ambiguitas,
1384 433 1444 463 nisi
1486 435 1569 473 quod
1612 437 1768 467 transitus
1807 437 1868 467 Dei
1903 438 2094 468 tantundem

1133 473 1220 503 valet
1253 483 1289 504 ac
1323 476 1530 514 transsilitio‚
1571 488 1634 517 qua
1676 479 1793 510 factum
1830 484 1879 510 est
1913 485 1947 510 ut
1981 480 2095 511 domus

1132 515 1352 546 Israelitarum
1394 524 1565 550 manerent
1604 521 1754 552 intactae.
1813 521 1896 552 Nam
1932 523 2022 553 Deus
2055 522 2094 553 de

1132 557 1352 598 redemptione
1386 561 1526 592 secunda
1558 562 1693 602 loquens
1728 575 1784 604 per
1817 564 1952 602 Isaram,
1985 565 2034 602 31,
2065 565 2094 603 5,

1132 600 1170 630 ad
1186 601 1270 631 hune
1282 601 1383 632 locum
1399 603 1590 635 hauddubie
1604 605 1727 642 alludit,
1747 617 1845 646 quum
1864 606 1949 644 dicit,
1974 608 2094 639 Trans-

1131 643 1235 673 siliam
1259 654 1355 683 super
1373 645 1559 677 Ierusalem.
1595 648 1691 679 Ratio
1714 649 1814 689 igitur
1836 655 1892 685 est,
1917 650 1998 689 quod
2024 650 2094 681 vin-

1132 685 1215 716 dicta
1240 686 1298 716 Dei
1320 687 1484 719 Israelitas
1507 692 1718 728 praeterierit,
1742 703 1782 722 ne
1805 692 1880 731 quid
1904 703 2007 723 noxae
2030 693 2094 724 illis

1131 734 1186 758 aut
1216 728 1364 759 laesionis
1388 731 1530 762 inferret.
1576 732 1670 771 Quod
1695 739 1801 765 autem
1826 735 1961 774 duplicis
1986 741 2090 766 trans-

1131 772 1194 801 itus
1218 772 1337 801 mentio
1361 773 1396 802 fit
1419 774 1504 812 apud
1529 775 1656 811 Mosen,
1688 788 1752 807 non
1777 777 1860 808 idem
1885 782 1933 808 est
1957 778 2092 809 verbum

1131 819 1266 853 utroque
1290 814 1371 845 loeo:
1403 816 1456 845 sed
1481 816 1584 847 Pesah
1609 819 1746 850 refertur
1768 819 1806 850 ad
1830 819 1969 850 electum
1993 831 2092 860 popu-

1129 857 1205 893 lum,
1231 857 1319 887 Ahar
1341 862 1447 888 autem
1468 859 1506 889 ad
1524 861 1717 900 Aegyptios:
1742 862 1832 901 quasi
1856 862 2005 893 dixisset:
2030 863 2094 894 Per

1130 899 1251 930 medios
1282 899 1388 931 hostes
1419 901 1561 932 vindicta
1591 913 1661 933 mea
1684 910 1879 944 perrumpet,
1910 905 2093 945 passimque

1131 943 1345 982 grassabitur:
1374 954 1432 973 vos
1454 948 1560 974 autem
1578 945 1713 977 intactos
1729 947 1935 978 transsiliam.
1981 947 2092 986 Quum

1131 995 1207 1023 ergo
1226 996 1357 1024 parcere
1381 986 1475 1015 vellet
1490 986 1579 1017 Deus
1592 988 1703 1019 Israeli
1728 1000 1795 1027 suo,
1818 990 1856 1020 ad
1880 1000 1969 1030 spem
1995 991 2093 1021 huius

1132 1028 1254 1063 salutis,
1275 1027 1419 1067 symbolo
1444 1029 1640 1068 interposito,
1665 1033 1767 1062 erexit
1786 1033 1928 1063 fidelium
1951 1033 2091 1064 animos:

1131 1070 1245 1101 deiude
1279 1076 1469 1109 perpetuum
1504 1073 1625 1112 gratiae
1659 1085 1735 1105 suae
1764 1080 2012 1106 monumentum
2042 1076 2090 1105 in-

1131 1113 1247 1147 stituit,
1278 1120 1314 1143 ut
1345 1113 1540 1145 liberationis
1568 1118 1753 1147 memoriam
1777 1119 1950 1157 quotannis
1973 1118 2093 1158 pascha

1131 1161 1311 1186 renovaret.
1366 1156 1510 1187 Primum
1541 1159 1625 1188 enim
1655 1160 1774 1198 paseha
1805 1160 2002 1191 celebratum
2032 1160 2093 1191 fuit

1130 1200 1161 1229 in
1188 1209 1221 1229 re
1245 1199 1414 1238 praesenti,
1438 1204 1474 1229 ut
1497 1200 1612 1240 pignus
1636 1208 1721 1232 esset
1743 1202 1782 1232 ad
1807 1202 1947 1242 trepidas
1968 1208 2092 1234 mentes

1130 1241 1375 1273 confirmandas.
1427 1243 1546 1273 Annua
1575 1248 1680 1274 autem
1717 1245 1864 1284 repetitio
1898 1246 2090 1276 sacrificium

1131 1285 1190 1314 l'uit
1213 1285 1390 1323 gratiarum
1416 1285 1558 1323 actionis,
1581 1297 1642 1325 quo
1666 1288 1785 1325 posteri
1809 1288 2092 1318 eominonefierent

1130 1338 1163 1357 se
1197 1327 1426 1365 redemptionis
1460 1328 1527 1358 iure
1561 1330 1705 1369 proprios
1739 1341 1809 1361 esse
1844 1330 1904 1360 Dei
1945 1331 2090 1362 clientes.

1102 1364 1103 1378 ³
1131 1370 1301 1401 Caeterum
1316 1374 1380 1399 tam
1396 1370 1498 1409 prima
1517 1371 1685 1409 institutioy
1702 1383 1797 1411 quam
1812 1377 1965 1412 perpetua
1978 1373 2030 1403 lex
2046 1373 2091 1403 al-

1130 1414 1195 1443 tius
1226 1413 1392 1451 spectavit.
1450 1413 1516 1443 Nec
1546 1424 1622 1444 vero
1646 1414 1735 1445 Deus
1766 1415 1920 1455 populum
1948 1420 2090 1446 veterem

1130 1455 1227 1486 semel
1251 1455 1395 1489 redemit,
1428 1460 1462 1485 ut
1491 1456 1601 1486 salvus
1631 1463 1661 1487 et
1693 1458 1860 1488 incolumis
1887 1464 2033 1489 maneret
2055 1459 2089 1488 in

1129 1503 1231 1535 terra,
1266 1498 1318 1528 sed
1355 1497 1393 1528 ad
1425 1498 1656 1529 haereditatem
1691 1511 1792 1539 usque
1826 1501 1911 1531 vitae
1944 1501 2090 1532 coelestis

1131 1542 1231 1571 voluit
1259 1542 1363 1580 ipsum
1395 1541 1578 1580 perducere.
1629 1543 1716 1581 Ergo
1746 1543 1865 1582 pascha
1892 1554 1956 1573 non
1981 1544 2090 1574 minus

1102 1593 1103 1598 ¹
1129 1584 1308 1624 spiritualis
1332 1584 1454 1623 gratiae
1476 1584 1655 1623 symbolum
1676 1585 1737 1615 fuit
1757 1596 1850 1624 quam
1873 1586 2088 1617 circumcisio:

1101 1631 1103 1666 j
1130 1627 1262 1666 ideoque

1101 1673 1103 1684 '
1128 1680 1219 1700 sacra
1243 1680 1350 1705 coena,
1373 1669 1447 1708 quia
1470 1675 1502 1699 et
1525 1669 1650 1700 easdem
1671 1670 1831 1701 continuit
1850 1671 2088 1710 promissiones,

1303 1626 1482 1665 analogiam
1523 1632 1555 1656 et
1597 1627 1838 1658 similitudinem
1879 1628 1975 1659 habet
2016 1638 2088 1659 cum

1127 1723 1207 1752 quas
1238 1711 1333 1742 hodie
1364 1711 1455 1742 nobis
1479 1711 1629 1743 Christus
1653 1713 1809 1753 obsignat,
1837 1719 1869 1744 et
1892 1713 2000 1744 docuit
2023 1724 2088 1744 non

1128 1755 1222 1785 aliter
1253 1755 1359 1785 Deum
1393 1754 1461 1784 suis
1494 1765 1562 1785 csse
1592 1756 1764 1794 propitium
1795 1766 1891 1795 quam
1921 1756 2089 1795 sanguinis

1127 1798 1319 1837 expiatione.
1355 1797 1393 1827 In
1413 1808 1540 1827 summa
1559 1802 1622 1827 tam
1642 1798 1767 1828 futurae
1781 1809 1874 1837 quam
1896 1799 2089 1838 praeteritae

1128 1840 1358 1879 redemptionis
1389 1841 1445 1870 fuit
1475 1840 1665 1880 symbolum.
1718 1840 1791 1879 Qua
1821 1841 1946 1871 ratione
1980 1841 2089 1872 scribit

1128 1883 1251 1913 Paulus
1275 1882 1441 1913 Christum
1466 1882 1583 1922 pascha
1613 1888 1756 1913 nostrum
1787 1894 1856 1914 esse
1886 1883 2088 1914 immolatum

1127 1926 1157 1967 (1
1183 1926 1256 1957 Cor.
1281 1926 1308 1960 5.
1334 1926 1380 1966 7):
1413 1925 1495 1964 quod
1527 1936 1587 1955 uon
1610 1930 1707 1956 staret
1732 1926 1757 1955 si
1782 1930 1906 1956 veteres
1928 1925 1993 1957 illie
2016 1931 2088 1957 tan-

1127 1974 1195 1999 tum
1219 1969 1258 1999 de
1282 1968 1450 2007 temporali
1474 1968 1626 1998 beneficio
1650 1968 1803 1998 admoniti
1828 1968 1971 1999 fuissent.
2017 1969 2088 2000 Hoc

1126 2017 1235 2042 tamen
1259 2011 1362 2050 primo
1385 2015 1574 2046 statuamus,
1598 2011 1854 2041 observationem
1874 2011 1982 2041 Pesah
2006 2011 2087 2042 divi-

1126 2055 1213 2085 nitus
1236 2054 1421 2084 mandatam
1446 2054 1542 2083 fuisse
1565 2052 1624 2083 5111)
1648 2054 1725 2093 lege,
1758 2058 1791 2083 ut
1817 2054 1906 2084 Deus
1930 2064 1948 2084 a
1971 2054 2088 2094 populo

1125 2108 1182 2128 suo
1215 2096 1446 2137 gratitudinem
1482 2096 1642 2135 exigeret,
1679 2095 1801 2135 sibique
1834 2096 1996 2127 addiceret
2030 2107 2089 2127 sua

1124 2141 1246 2170 virtute
1269 2145 1301 2170 et
1332 2140 1434 2179 gratia
1469 2138 1658 2178 redemptos.
1704 2138 1798 2169 Nunc
1820 2138 1859 2168 ad
1883 2139 2014 2179 singula
2037 2139 2090 2170 de-

1124 2182 1250 2214 scendo,
1286 2182 1379 2213 Iubet
1399 2182 1486 2212 Deus
1510 2181 1673 2211 Israelitas
1697 2181 1862 2211 exordium
1887 2181 1964 2211 anni
1983 2182 2087 2213 faeere

1123 2236 1142 2256 a
1165 2236 1274 2256 mense
1297 2236 1358 2264 quo
1382 2224 1501 2264 egressi
1525 2224 1653 2254 fueraut
1671 2235 1709 2253 ex
1731 2225 1888 2263 Aegypto,
1913 2234 1975 2254 non
1995 2235 2088 2255 secus

1123 2279 1159 2299 ae
1188 2268 1215 2299 si
1244 2268 1311 2298 dies
1341 2274 1426 2298 esset
1450 2267 1581 2296 natalis:
1608 2266 1700 2297 sicuti
1724 2267 1830 2296 exitus
1853 2266 1905 2296 ille
1929 2266 2087 2306 quaedam

1122 2311 1184 2341 fuit
1215 2310 1436 2341 renascentiae
1465 2310 1593 2349 specics.
1647 2309 1733 2348 Ergo
1764 2319 1862 2348 quum
1892 2309 2027 2340 fuissent
2052 2309 2086 2340 in

1125 2356 1272 2394 Aegypto
1303 2352 1436 2392 sepulti,
1468 2362 1570 2382 novae
1601 2352 1686 2381 vitae
1717 2351 1805 2391 origo
1836 2351 1906 2389 fuit,
1929 2356 1960 2382 et
1984 2363 2087 2383 novae

1122 2393 1202 2427 lucis
1226 2401 1366 2431 exortus,
1392 2396 1466 2425 data
1490 2405 1507 2424 a
1532 2395 1600 2424 Deo
1625 2393 1763 2424 libertas.
1799 2394 1870 2424 Etsi
1890 2395 1975 2424 enim
1996 2405 2086 2434 prae-

1121 2444 1261 2470 cesserat
1286 2439 1423 2478 adoptio.
1448 2437 1521 2476 quia
1546 2441 1654 2467 tamen
1678 2447 1717 2466 ex
1738 2436 1914 2466 multorum
1938 2437 2087 2468 cordibus

1122 2483 1186 2513 fere
1220 2485 1398 2513 evanuerat
1431 2479 1535 2509 medio
1569 2485 1725 2518 tempore,
1761 2489 1890 2509 neeesse
1920 2480 1980 2509 fuit
2009 2491 2087 2519 quo-

1121 2524 1293 2555 dammodo
1317 2522 1451 2563 regigni,
1483 2526 1519 2551 ut
1546 2522 1665 2551 certius
1688 2531 1881 2561 cognoscere
1909 2522 2088 2561 inciperent

1122 2568 1228 2597 Deum
1249 2566 1309 2598 sibi
1329 2577 1399 2596 esse
1418 2566 1450 2595 in
1471 2569 1602 2603 patrem.
1634 2563 1709 2602 Qua
1728 2564 1851 2594 ratione
1870 2565 1952 2604 apud
1967 2564 2087 2596 Oseam

1123 2611 1171 2646 13,
1186 2610 1205 2640 4
1224 2609 1317 2640 dicit:
1344 2609 1412 2648 Ego
1432 2607 1552 2637 Iehova
1572 2607 1660 2636 Deus
1679 2611 1755 2636 tuus
1775 2617 1814 2637 ex
1834 2610 1921 2637 terra
1935 2608 2087 2648 Aegypti,
