2304 3034
197 205 260 238 515

199 299 285 330 buret
303 308 369 329 eum
388 307 481 336 super
497 296 581 335 liqna
600 295 681 335 iqni:
704 295 738 325 in
760 294 821 326 loco
843 295 970 333 inquam
993 294 1047 326 ubi
1069 295 1165 335 effun-

200 343 287 373 ditur
316 341 409 377 cinis,
439 339 635 370 comburetur.
684 337 731 368 13.
760 337 847 375 Quod
875 337 904 368 si
926 339 987 368 tota
1009 347 1165 378 sqnaqoqa

201 383 303 415 Israel
332 382 497 419 erraverit,
527 384 552 411 et
575 381 697 411 latuerit
720 389 769 410 res
789 380 824 410 in
847 379 942 411 oculis
964 381 1165 420 conqreqatio-

199 427 264 461 nis,
291 428 317 456 et
343 424 447 463 fecerit
476 433 572 454 unum
602 422 640 453 ab
669 422 811 453 omnibus
835 423 1013 462 praeceptis
1036 422 1165 454 Iehovae

199 478 278 508 quae
306 477 366 498 non
396 468 468 497 sunt
493 465 654 505 facienda,
685 467 711 495 et
741 465 918 504 deliquerit:
967 465 1016 496 14.
1049 466 1164 496 Notum

198 513 299 542 autem
326 510 422 548 fuerit
444 511 602 547 peccatum
630 508 709 547 quod
726 510 943 547 peccaverunt:
971 510 1041 539 tunc
1063 510 1165 548 offeret

198 552 386 592 conqrcqatio
414 552 572 582 iuvencum
597 551 700 589 silium
728 550 811 581 bocis
842 551 873 581 in
895 550 1086 589 sacrificium
1102 561 1163 590 pro

191 597 327 635 peccato,
359 594 543 633 adducetque
571 593 659 624 illum
689 595 758 624 ante
787 592 1019 624 tabernaculum
1041 603 1164 625 conven-

198 638 300 669 tionis
344 637 391 668 15.
409 636 583 675 Ponentque
604 636 738 666 seniores
759 645 931 675 sqnaqoqae
953 646 1066 667 manus
1087 646 1163 668 suas

196 689 292 719 super
321 682 412 719 caput
435 679 554 710 iuvenci
576 688 678 709 coram
702 678 830 709 Iehova:
858 681 929 709 tunc
950 679 1094 710 mactabit
1115 680 1163 710 iu-

195 732 320 754 vencum
343 732 443 753 corani
466 721 587 752 Ictim-a.
624 721 672 752 16.
698 720 871 760 Inferetque
892 722 1034 753 sacerdos
1053 725 1162 753 unctus

197 766 233 796 de
273 766 423 805 sanquine
463 765 586 795 iuvenci
618 764 650 794 in
685 763 915 795 tabernaculum
947 765 1160 796 conventionis.

199 809 246 839 17.
277 808 320 838 Et
342 808 467 847 intinqet
487 807 630 838 sacerdos
651 807 784 847 diqitum
813 817 906 838 suum
935 807 968 838 in
997 808 1065 847 ipso
1091 817 1162 839 san-

195 852 303 892 quine,
334 852 529 889 asperqetque
557 852 668 888 septem
691 849 810 881 vicibus
832 860 935 881 coram
957 849 1071 881 Iehova
1093 853 1162 882 ante

197 895 305 925 velum.
350 893 396 924 18.
421 892 470 924 De
492 893 642 932 sanquine
664 902 781 931 quoque
801 893 855 924 illo
872 895 964 932 ponet
983 903 1077 932 super
1098 903 1161 925 cor-

197 947 259 967 nua
282 936 406 973 altaris,
436 935 515 974 quod
534 938 577 966 est
598 945 700 966 coram
724 935 845 972 Iehova,
869 935 950 975 quod
968 938 1011 967 est
1033 936 1160 975 inquam

197 980 229 1010 in
252 978 444 1010 tabernaculo
466 978 676 1015 conventionis,
698 977 842 1017 posthaec
864 981 956 1009 totum
978 979 1160 1019 sanquinem

196 1022 347 1061 reliquum
366 1021 497 1060 effundet
519 1021 561 1052 ad
582 1021 671 1052 basin
693 1021 806 1052 altaris
828 1021 995 1052 holocausti
1017 1022 1096 1061 quod
1118 1024 1161 1053 est

196 1065 237 1096 ad
260 1065 371 1095 ostium
394 1063 582 1094 tabernaculi
605 1064 818 1095 conventionis.
855 1064 902 1095 19.
931 1064 1039 1095 Totum
1059 1067 1160 1095 autem

196 1108 316 1146 adipem
350 1107 417 1137 eius
450 1106 529 1137 tollet
563 1106 599 1137 ab
632 1117 680 1142 eo,
715 1109 741 1137 et
770 1106 899 1138 adolebit
928 1117 1022 1146 super
1051 1107 1159 1138 altare.

195 1150 244 1181 20.
278 1149 409 1180 Iuvenco
440 1159 507 1180 cero
534 1149 628 1188 faciet
658 1150 914 1188 quemadmodum
943 1150 1015 1189 fecit
1036 1151 1161 1181 iuvenco

191 1193 286 1224 oblato
298 1202 360 1231 pro
373 1195 507 1230 peccato,
532 1193 577 1223 sic
592 1192 686 1231 faciet
707 1193 751 1223 ei:
774 1195 865 1232 atque
888 1193 932 1223 ita
955 1192 1090 1232 expiabit
1112 1202 1161 1224 eos

190 1236 343 1273 sacerdos,
367 1237 393 1265 et
414 1236 583 1265 remittetur
605 1235 658 1265 cis.
693 1235 743 1266 21.
767 1235 887 1266 Deinde
909 1237 1068 1266 iuvencum
1091 1236 1161 1267 edu-

191 1282 232 1310 cet
250 1290 280 1309 e.i
288 1281 336 1308 tra
355 1281 466 1314 castra,
490 1280 517 1308 et
539 1278 689 1308 comburet
711 1288 780 1309 eum
802 1278 1058 1317 quemadmodum
1080 1288 1159 1310 com-

193 1322 291 1353 bussit
319 1321 478 1352 iuvencum
500 1321 658 1360 priorem:
685 1320 796 1352 oblatio
812 1332 874 1360 pro
895 1324 1016 1362 peccato
1037 1331 1158 1361 conqre—

187 1364 322 1405 qationis
352 1366 403 1394 est.
460 1363 510 1394 22.
546 1363 581 1393 Si
608 1364 756 1403 princeps
782 1365 966 1403 peccaverit,
998 1364 1159 1404 feceritque

191 1417 285 1437 unum
315 1406 352 1437 ab
381 1407 522 1438 omnibus
545 1407 721 1445 praeceptis
752 1407 881 1438 Iehovae
909 1407 972 1438 Dei
1001 1407 1052 1438 sui
1081 1417 1159 1446 quae

189 1460 245 1481 non
277 1452 348 1480 sunt
375 1449 538 1489 facienda,
568 1451 594 1480 et
617 1449 650 1480 id
671 1449 779 1488 fecerit
794 1460 855 1489 per
877 1460 1018 1486 errorem,
1039 1452 1066 1480 et
1086 1449 1160 1480 deli-

190 1493 302 1532 querit.-
329 1492 379 1523 23.
406 1492 442 1522 Si
464 1492 630 1523 innotuerit
652 1493 679 1523 ei
698 1495 858 1532 peccatum
880 1503 973 1523 suum
994 1493 1074 1532 quod
1090 1502 1159 1532 pec-

190 1537 283 1567 cavit:
312 1538 382 1565 tunc
409 1535 510 1574 offeret
536 1535 714 1566 oblationem
736 1546 826 1566 suam
848 1536 967 1567 hircum
990 1545 1160 1576 caprarum

193 1578 364 1610 masculum
388 1578 629 1609 immaculatum.
665 1578 714 1609 24.
742 1578 896 1618 Ponetque
918 1588 1047 1610 manum
1069 1588 1160 1609 suam

191 1632 284 1662 super
313 1623 404 1660 caput
432 1620 527 1656 hirci,
563 1623 588 1651 ct
617 1621 763 1652 mactabit
791 1631 859 1653 eum
888 1622 920 1652 in
949 1622 1011 1652 loco
1040 1622 1073 1652 in
1102 1631 1160 1660 quo

192 1665 322 1696 mactari
348 1663 421 1695 solet
447 1663 656 1695 holocaustum
685 1674 786 1695 coram
811 1664 938 1695 Iehova:
968 1664 1077 1696 oblatio
1100 1673 1161 1704 pro

188 1709 308 1747 peccato
335 1710 387 1738 est.
433 1707 482 1737 25.
508 1707 537 1737 T
536 1706 663 1745 olletque
685 1708 827 1738 sacerdos
850 1707 885 1738 de
906 1708 1057 1748 sanquine
1079 1707 1160 1738 obla-

192 1751 286 1781 tionis
307 1760 368 1789 pro
395 1752 516 1788 peccato
544 1749 640 1789 diqito
670 1760 739 1788 suo,
771 1753 797 1781 et
818 1753 909 1789 ponet
931 1760 1025 1789 super
1047 1760 1162 1781 cornua

195 1793 306 1824 altaris
340 1792 523 1823 holocausti:
558 1792 712 1831 reliquum
745 1795 846 1824 autem
881 1794 1063 1834 sanquinem
1095 1794 1162 1824 eius

194 1836 324 1876 effundet
355 1836 396 1866 ad
418 1835 508 1865 basin
532 1836 643 1866 altaris
666 1835 840 1867 holocausti.
886 1836 936 1867 26.
964 1837 1071 1867 Totum
1093 1845 1162 1866 cero

194 1880 317 1918 adipem
335 1879 403 1909 eius
421 1877 551 1909 adolebit
573 1889 667 1917 super
689 1879 796 1913 altare,
820 1879 899 1910 sicut
921 1880 1042 1919 adipem
1065 1878 1162 1910 sacri>

193 1923 255 1961 ficii
281 1922 540 1961 prosperitatum:
569 1925 596 1952 et
625 1922 671 1952 ita
699 1922 837 1961 expiabit
866 1922 957 1954 illum
979 1921 1119 1953 sacerdos
1142 1931 1161 1952 a

189 1968 310 2004 peceato
333 1966 408 2002 eius,
432 1967 457 1994 et
480 1965 650 1995 remittetur
672 1965 708 1996 ei.
743 1965 792 1996 27.
817 1966 902 2004 Quod
924 1965 953 1996 si
975 1965 1083 1995 anima
1105 1964 1162 1994 ali-

195 2019 255 2047 (μαι
273 2007 444 2046 peccat-erit
460 2017 518 2046 per
540 2018 673 2038 errorem
695 2008 731 2039 de
749 2008 863 2047 populo
886 2011 997 2046 terrae,
1023 2007 1161 2046 faciendo

195 2061 289 2081 unum
321 2061 339 2080 a
364 2051 541 2088 praeceptis
564 2050 692 2081 Ichorae
721 2061 798 2090 quae
829 2062 887 2082 non
917 2053 987 2082 sunt
1007 2049 1160 2090 facienda,

196 2097 222 2125 et
240 2094 418 2132 deliquerit.-
441 2093 490 2124 28.
507 2092 542 2123 Si
562 2094 729 2124 innotuerit
748 2095 775 2124 ei
788 2097 947 2133 peccatum
968 2103 1060 2124 suum
1083 2092 1162 2132 quod

190 2137 345 2176 peccarit.-
373 2136 473 2174 offeret
504 2136 681 2167 oblationem
711 2147 801 2167 suam
822 2136 972 2176 capellam
994 2145 1161 2175 caprarum

197 2179 430 2210 immaculatam
447 2179 597 2217 feminam
612 2189 671 2217 pro
684 2183 808 2218 peccato
833 2190 890 2210 suo
915 2179 998 2219 quod
1014 2179 1160 2218 peccavit.

197 2223 246 2253 29.
262 2222 496 2260 ,ldmorcbitqiu‘
514 2233 641 2252 manum
659 2233 751 2253 suam
773 2233 866 2262 super
888 2224 979 2261 caput
1001 2221 1162 2252 oblationis

190 2276 250 2304 pro
276 2267 410 2304 peccato,
438 2268 464 2295 et
493 2265 637 2295 mactabit
658 2265 836 2297 oblationem
858 2265 948 2296 illam
965 2274 1024 2304 pro
1042 2266 1161 2303 peccato

199 2309 227 2338 in
260 2308 320 2337 loco
351 2307 525 2338 holocausti.
572 2308 622 2338 30.
647 2308 733 2339 Dein
763 2308 841 2339 tollet
871 2308 1012 2339 sacerdos
1034 2307 1069 2337 de
1091 2317 1162 2337 san-

193 2351 286 2389 quine
317 2351 384 2380 eius
412 2350 505 2389 diqito
536 2361 607 2387 suo,
635 2354 779 2389 ponetque
801 2361 894 2389 super
916 2360 1030 2381 cornua
1051 2349 1162 2380 altaris

196 2393 376 2423 holocausti:
398 2395 491 2423 totum
510 2404 579 2423 vcro
603 2394 754 2432 reliquum
777 2394 958 2433 sanquinem
980 2394 1047 2423 cius
1068 2392 1162 2430 effun-

197 2436 243 2465 ‹lrt
274 2436 314 2465 nd
342 2436 431 2465 basin
461 2436 581 2466 altaris.
635 2437 684 2467 31.
714 2437 822 2467 Totum
847 2438 1009 2475 praetcrea
1039 2435 1162 2473 adipem

196 2480 262 2508 cius
289 2481 421 2516 auferet,
452 2480 705 2517 qucmcalmodum
730 2479 850 2510 ablatus
870 2479 933 2518 fuit
954 2479 1050 2515 adeps
1072 2488 1091 2507 a
1113 2486 1162 2507 sa-

196 2522 308 2559 crificio
335 2522 590 2559 prosperitatum:
618 2522 807 2561 adolebitque
836 2521 976 2552 sacerdos
1004 2530 1096 2558 super
1118 2519 1161 2549 al·
1186 2550 1187 2555 ¹

195 2567 260 2594 taric
281 2565 309 2593 in
329 2564 448 2594 odorem
468 2565 579 2602 quietis
595 2561 737 2595 leticiae:
760 2568 849 2603 atquc
872 2564 915 2594 ila
938 2563 1071 2602 expiabit
1093 2572 1160 2592 cum

194 2606 349 2638 sacerdos.
381 2609 406 2636 ct
438 2608 608 2637 remittetur
629 2608 665 2638 ci.
712 2608 761 2638 32.
790 2607 875 2646 (guod
897 2607 925 2636 si
947 2605 1090 2644 pecudem
1114 2604 1161 2634 ob-

197 2649 299 2679 tuterit
328 2648 507 2679 oblationem
530 2660 621 2680 suam
638 2661 696 2689 pro
713 2653 855 2689 peccato,
882 2650 1029 2688 seminani
1052 2648 1161 2678 imma-

889 201 1142 234 SECUNDUM
1165 202 1486 234 PRAEOEPTUM.

2117 205 2181 237 516

1215 296 1349 328 culatam
1366 296 1476 335 offeret.
1510 296 1560 328 33.
1588 295 1741 335 Ponetque
1757 305 1884 327 manum
1906 306 1996 328 suam
2018 307 2111 337 super
2131 309 2182 331 ca-

1210 341 1270 378 put
1289 339 1380 370 illius
1401 338 1564 371 oblationis
1580 349 1642 378 pro
1657 341 1789 377 peccato,
1811 341 1838 369 et
1855 340 1999 371 mactabit
2015 340 2103 372 illam
2118 351 2181 382 pro

1215 381 1368 421 sacrificio
1392 383 1526 421 peccati,
1557 382 1590 412 in
1617 381 1679 412 loco
1709 382 1743 412 in
1770 391 1829 421 quo
1850 383 1981 413 mactari
2007 383 2080 414 solet
2099 383 2180 416 holo-

1214 428 1363 455 caustum.
1409 424 1459 456 34.
1490 424 1613 456 Deinde
1638 424 1765 463 accipiet
1793 425 1934 456 sacerdos
1963 425 1999 456 de
2030 427 2182 466 sanquine

1216 467 1378 498 oblationis
1390 477 1452 505 pro
1466 469 1588 506 peccato
1607 467 1701 506 diqito
1719 476 1783 503 suo,
1799 469 1949 507 ponetque
1960 477 2054 507 super
2066 477 2180 501 cornua

1215 509 1326 541 altaris
1344 509 1528 541 holocausti:
1546 512 1638 540 totum
1656 519 1725 540 vero
1743 509 1896 548 reliquum
1916 511 2096 551 sanquinem
2112 512 2182 543 eius

1214 552 1345 592 effundet
1363 552 1405 584 ad
1415 552 1506 584 basin
1525 552 1646 583 altaris.
1681 551 1731 583 35.
1759 552 1868 583 Totum
1881 555 2046 592 praeterea
2057 554 2181 593 adipem

1214 596 1280 626 eius
1303 595 1434 634 auferet,
1465 595 1718 635 quemadmodum
1749 595 1870 634 auferri
1895 595 1969 626 solet
1990 596 2085 635 adeps
2107 596 2182 637 aqni

1213 647 1233 668 a
1261 638 1413 676 sacrificio
1439 638 1701 677 prosperitatum:
1734 637 1921 677 adolebitque
1955 637 2012 669 illa
2040 639 2181 671 sacerdos

1211 690 1305 719 super
1327 681 1426 712 altare
1447 681 1481 711 in
1504 680 1681 711 oblationem
1705 680 1834 720 iqnitam
1859 680 2002 712 Iehooae:
2024 683 2114 721 atque
2136 682 2181 713 ita

1212 723 1349 762 expiabit
1371 733 1440 754 eum
1461 724 1604 755 sacerdos
1626 734 1645 753 a
1663 725 1785 762 peccato
1808 733 1864 754 suo
1887 723 1968 763 quod
1983 726 2131 764 peccavit,
2155 727 2182 757 et

1211 766 1379 797 remittetur
1400 767 1436 797 ei.

1515 910 1579 942 EX
1602 910 1775 942 NUMER.
1799 910 1875 942 XV.

1296 979 1346 1010 22.
1385 979 1486 1018 Quum
1520 979 1714 1015 erraveritis,
1757 981 1785 1009 et
1816 989 1876 1010 non
1905 979 2043 1019 feceritis
2076 981 2180 1013 omnia

1206 1024 1370 1062 praecepta
1414 1021 1486 1052 haec
1530 1032 1608 1061 quae
1646 1021 1776 1060 protulit
1821 1021 1937 1053 Iehova
1978 1023 2021 1053 ad
2060 1022 2179 1062 Mosen,

1212 1065 1261 1096 23.
1297 1064 1409 1096 Omnia
1439 1074 1517 1104 quae
1544 1065 1699 1104 praecepit
1723 1064 1837 1095 Iehova
1860 1065 1946 1096 vobis
1968 1075 2030 1104 per
2051 1076 2181 1098 manum

1212 1107 1314 1139 Mosi's
1336 1118 1356 1138 a
1379 1107 1428 1137 die
1451 1117 1513 1146 qua
1533 1107 1687 1146 praecepit
1706 1106 1818 1138 Iehova
1841 1110 1867 1138 et
1883 1110 1994 1146 postea
2015 1118 2071 1147 per
2091 1119 2180 1150 qene-

1211 1151 1346 1182 rationes
1384 1152 1511 1180 vestras.
1568 1150 1618 1180 24.
1662 1149 1698 1180 Si
1738 1151 1864 1189 inquam
1898 1161 1918 1181 a
1950 1153 2180 1192 conqreqatione

1206 1195 1331 1233 praeter
1358 1192 1518 1224 scientiam
1547 1193 1668 1231 aliquid
1695 1193 1811 1232 factum
1836 1193 1932 1232 fuerit
1958 1204 2015 1233 per
2037 1204 2178 1234 errorem,

1211 1235 1379 1267 immolabit
1401 1235 1549 1266 universa
1572 1237 1764 1275 conqreqatio
1783 1236 1943 1267 iuvencum
1961 1246 2057 1267 unum
2076 1237 2181 1277 filium

1212 1278 1303 1315 bovis,
1323 1279 1356 1309 in
1375 1277 1584 1309 holocaustum
1603 1279 1635 1308 in
1656 1279 1776 1310 odorem
1787 1279 1899 1318 quietis
1914 1279 2053 1316 Ieliovae,
2071 1280 2179 1312 minha

1213 1331 1329 1361 quoque
1352 1322 1435 1357 eius,
1465 1323 1491 1351 et
1513 1321 1645 1352 libamen
1667 1321 1750 1357 eius,
1779 1322 1946 1352 secundum
1968 1323 2124 1363 requlam,
2153 1325 2180 1354 et

1211 1364 1332 1395 hircum
1354 1373 1522 1402 caprarum
1548 1374 1657 1401 unum,
1687 1365 1721 1395 in
1750 1365 1940 1403 sacrificium
1963 1375 2023 1404 pro
2045 1368 2178 1404 peccato.

1212 1407 1262 1438 25.
1298 1406 1508 1445 Expiabitque
1541 1407 1683 1438 sacerdos
1714 1408 1893 1438 universam
1920 1409 2179 1449 conqreqationem

1209 1450 1346 1489 filiorum
1370 1449 1488 1486 Israel,
1514 1451 1541 1480 et
1571 1450 1741 1489 iqnoscetur
1763 1451 1823 1488 eis,
1857 1450 1933 1489 quia
1961 1461 2049 1482 error
2070 1453 2129 1490 est,
2153 1454 2182 1483 et

1212 1492 1276 1524 illic
1313 1492 1433 1531 offerent
1467 1491 1644 1523 oblationem
1684 1503 1790 1531 suam,
1831 1493 2009 1524 oblationem
2047 1494 2179 1534 iqnitam

1213 1535 1350 1571 Iehovae,
1373 1536 1399 1565 et
1422 1534 1601 1566 oblationem
1620 1545 1678 1574 pro
1696 1538 1818 1573 peccato
1839 1546 1904 1574 suc,
1928 1546 2031 1568 coram
2054 1536 2177 1575 Ielzooa,

1207 1580 1335 1618 propter
1346 1587 1478 1608 errorem
1496 1577 1643 1616 ipsorum.
1668 1578 1717 1609 26.
1731 1577 1773 1609 Et
1785 1579 2004 1611 condonabitur
2014 1580 2180 1612 universae

1212 1621 1437 1661 conqreqationi
1456 1620 1592 1659 filiorum
1605 1621 1716 1657 Israel,
1740 1624 1766 1651 et
1783 1622 1946 1661 pereqrino
1969 1623 2024 1661 qui
2040 1624 2179 1663 pereqri-

1213 1664 1337 1695 nubitur
1359 1663 1392 1693 in
1414 1663 1512 1693 medio
1533 1662 1676 1694 illorum:
1699 1665 1774 1702 quia
1797 1665 1937 1696 universi
1953 1665 2069 1705 populi
2091 1675 2180 1697 error

1213 1709 1263 1738 est.
1310 1706 1359 1736 27.
1386 1706 1472 1744 Quod
1494 1707 1522 1736 si
1546 1706 1651 1736 anima
1674 1717 1739 1737 una
1757 1708 1928 1745 peccaverit
1944 1718 2003 1747 per
2031 1718 2177 1746 errorem,

1213 1750 1315 1788 offeret
1356 1758 1482 1787 capram
1521 1749 1699 1779 anniculam
1732 1750 1921 1788 sacrificium
1955 1761 2016 1789 pro
2046 1753 2176 1790 peccato.

1213 1792 1263 1823 28.
1288 1791 1497 1830 Erpiabitque
1518 1792 1661 1822 sacerdos
1678 1793 1815 1822 animam
1835 1803 1913 1832 quae
1930 1795 2103 1832 peccaverit
2120 1804 2179 1834 per

1213 1844 1359 1870 errorem,
1382 1843 1476 1873 quum
1489 1835 1662 1872 peccaverit
1686 1845 1746 1873 per
1768 1846 1901 1866 errorem
1923 1846 2025 1867 coram
2048 1836 2181 1868 Iehova:

1212 1877 1348 1916 expiabit
1376 1887 1460 1914 eam,
1489 1879 1515 1907 et
1544 1877 1714 1908 remittetur
1738 1878 1774 1908 ei.
1821 1878 1870 1909 29.
1902 1878 2072 1920 Indiqenae
2100 1880 2180 1911 inter

1211 1921 1293 1959 filios
1316 1919 1430 1956 Israel,
1455 1921 1481 1949 ct
1499 1920 1662 1959 pereqrino
1683 1921 1738 1959 qui
1754 1921 1977 1961 pereqrinatur
1998 1922 2078 1953 inter
2100 1922 2178 1959 illos,

1211 1963 1259 1994 lex
1281 1973 1345 1993 una
1367 1962 1425 1993 erit
1446 1961 1529 1993 vobis
1551 1963 1654 2000 quoad
1675 1973 1744 1994 eum
1762 1964 1817 2003 qui
1837 1964 1944 2003 fecerit
1956 1975 2016 2004 per
2034 1975 2178 1996 errorem.

1297 2048 1473 2087 Postquam
1515 2047 1554 2078 de
1588 2047 1803 2079 oblationibus
1840 2053 1873 2080 et
1907 2049 1979 2081 aliis
2013 2050 2180 2082 sacrifieiis

1214 2091 1368 2122 disseruit
1391 2091 1498 2121 Moses
1529 2100 1609 2130 quae
1640 2091 1849 2131 gratitudinis
1877 2092 2062 2123 testimonia
2085 2098 2180 2124 erant

1213 2140 1244 2165 et
1266 2134 1395 2174 pietatis
1418 2134 1581 2170 exercitia,
1606 2144 1693 2165 nunc
1713 2134 1752 2164 ad
1772 2135 1992 2174 expiationem
2013 2135 2180 2167 descendit

1213 2187 1293 2217 quae
1317 2177 1402 2207 inter
1424 2176 1581 2207 sacrificio.
1604 2177 1779 2216 primatum
1803 2182 1909 2208 tenet:
1939 2178 2013 2218 quia
2036 2178 2105 2209 sine
2127 2189 2177 2210 re-

1212 2219 1434 2251 conciliatione
1463 2218 1545 2249 nihil
1576 2229 1718 2259 uuquam
1754 2220 1939 2251 hominibus
1973 2221 2076 2260 potnit
2109 2231 2180 2253 esse

1213 2273 1286 2294 cum
1310 2261 1390 2292 Deo.
1436 2262 1518 2292 Nam
1543 2272 1641 2301 quum
1670 2263 1785 2293 merito
1814 2263 1853 2294 ob
1882 2268 2018 2294 naturae
2047 2273 2178 2304 corrup-

1214 2305 1333 2335 tionem
1358 2305 1561 2335 abominetur
1585 2310 1686 2335 totum
1711 2305 1890 2337 humanum
1915 2317 2028 2346 genus,
2053 2316 2089 2337 ac
2112 2308 2179 2338 sin-

1213 2348 1279 2388 guli
1303 2346 1431 2378 assidue
1455 2347 1522 2377 eius
1546 2347 1628 2378 iram
1653 2354 1842 2387 provocent:
1874 2349 1908 2379 in
1937 2349 2006 2380 eius
2030 2349 2178 2389 placandi

1213 2390 1363 2421 remediis
1387 2394 1487 2420 totam
1512 2390 1623 2420 salutis
1647 2401 1737 2431 spem
1761 2391 1931 2422 fundatam
1954 2402 2024 2423 esse
2042 2397 2179 2433 oportet.

1213 2433 1284 2463 Hoc
1304 2433 1459 2472 principio
1482 2433 1655 2463 constituto
1675 2433 1851 2465 tenendum
1871 2439 1928 2472 est,
1952 2435 2067 2466 Mosen
2088 2434 2178 2466 dein-

1212 2486 1286 2515 ceps
1310 2476 1407 2506 verba
1431 2475 1589 2505 facturum
1615 2475 1652 2506 dc
1683 2477 1870 2516 expiatoriis
1901 2478 2066 2509 sacrificiis
2097 2488 2179 2517 quae

1213 2518 1318 2548 Deum
1356 2517 1540 2548 hominibus
1575 2519 1766 2557 propitiant,
1801 2520 1920 2551 abolito
1955 2525 2057 2551 reatu.
2114 2520 2180 2552 Hic

1212 2560 1369 2600 quomodo
1389 2560 1564 2600 placandus
1583 2560 1624 2590 sit
1639 2561 1726 2591 Deus
1745 2561 1904 2599 admonet,
1930 2563 1983 2594 ubi
2007 2574 2064 2604 per
2087 2563 2178 2603 igno·

1212 2603 1351 2633 rentiam
1378 2603 1425 2633 vol
1450 2602 1687 2634 inconsiderate
1711 2605 1781 2643 quis
1804 2606 1967 2644 peccavit:
1998 2606 2051 2637 ubi
2080 2607 2178 2637 etiam

1213 2647 1366 2677 statuitur
1390 2647 1475 2675 inter
1501 2656 1652 2685 personas
1681 2646 1858 2686 distinctio,
1892 2649 2046 2688 quoniam
2075 2649 2138 2680 alia
2161 2659 2180 2679 a
