2304 3034
222 280 270 311 19.
303 279 465 319 Profectus
487 281 537 310 est.
588 278 651 309 Hic
675 275 867 308 describit-ur
891 286 972 314 quae
995 275 1102 306 subito

136 323 272 362 contigit
295 322 431 352 mutatio
455 321 493 352 ad
517 319 759 360 impediendum
784 318 979 349 conflictum.
1018 317 1102 348 Nam

135 365 270 405 angelus
311 364 365 404 qui
405 363 593 404 praecedere
638 360 760 392 solebat
800 360 966 391 Israelitas
1011 370 1102 390 mon-

135 407 287 439 strandae
311 408 382 438 viae
405 416 516 443 causa,
546 405 580 435 in
611 404 769 434 diversam
799 407 925 450 partem
956 412 990 432 se
1027 412 1102 433 con-

134 450 242 486 vertit,
267 454 305 480 ut
322 448 445 480 medius
465 451 549 479 esset
567 451 660 485 atque
680 445 847 485 oppositus
866 449 952 475 inter
965 450 1102 484 utraque

135 498 256 524 castra:
288 496 320 522 et
349 490 476 531 quidem
507 489 566 520 sub
589 489 692 519 forma
717 487 845 527 duplici,
877 487 951 526 quia
974 487 1102 534 lucebat

135 535 285 567 columna
307 534 391 574 ignis
415 531 499 572 apud
523 531 695 567 Israelitas,
720 540 800 569 quae
823 529 973 560 tenebras
997 535 1100 560 noetis

136 577 326 609 discuteret:
357 574 535 615 Aegyptios
559 578 664 604 autem
689 572 819 603 tenebat
843 571 931 602 velut
956 572 1100 611 captivos

136 620 271 651 obscura
293 617 411 657 caligo,
446 621 481 647 ut
510 616 636 655 longius
660 613 849 654 penetrandi
874 615 1011 645 facultas
1035 625 1099 645 non

135 667 227 693 esset.
279 661 330 691 Ita
358 660 448 690 Deus
482 664 548 689 tam
579 658 663 697 ipsos
695 657 859 696 prohibuit
889 657 929 687 ab
960 668 1100 695 accessu,

134 715 229 744 quam
268 702 384 743 populo
422 711 478 732 suo
514 706 579 731 tota
615 705 708 730 nocte
739 700 839 730 facem
875 699 1029 739 praetulit
1059 699 1098 729 ad

135 747 324 777 continuum
349 753 563 784 progressum.
592 742 693 773 Porro
716 743 770 781 qui
794 746 869 772 ante
894 746 1027 773 vocatus
1051 746 1099 772 est

134 789 265 825 Iehova,
296 787 382 818 huno
411 787 473 816 iam
504 785 634 816 nomine
664 785 770 824 angeli
804 784 951 825 designat
972 785 1097 816 Moses:

134 841 200 862 non
225 835 349 861 tantum
373 828 447 868 quia
477 827 599 867 angeli,
635 828 688 866 qui
712 826 819 857 Deum
844 832 1098 866 repraesentant,

134 874 203 905 eius
234 883 348 903 nomen
377 881 471 909 saepe
502 874 710 905 mutuantur,
746 868 801 899 sed
835 870 909 909 quia
944 869 1009 900 dux
1045 870 1099 900 illc

133 916 254 956 populi,
288 913 475 953 unigenitus
508 918 576 943 erat
604 911 669 942 Dei
703 912 806 949 filius,
841 912 894 951 qui
924 918 1034 952 postea
1064 913 1097 942 iu

133 968 230 990 carne
261 956 484 987 manifestatus
508 955 585 992 fuit,
617 955 710 986 sicuti
741 966 781 985 ex
806 955 900 985 Pauli
925 956 1098 986 autoritate

133 1000 224 1032 docui
244 999 284 1040 (1.
299 999 406 1030 Corin.
422 998 470 1035 10,
482 997 524 1038 4).
546 997 732 1028 Notandum
758 997 854 1027 etiam
879 998 960 1037 quod
982 998 1044 1029 huc
1068 1002 1099 1028 et

131 1043 208 1074 illuc
231 1042 387 1082 migrasse
412 1040 538 1077 dicitur,
565 1045 660 1080 prout
679 1040 810 1071 virtutis
831 1050 906 1071 suae
930 1046 961 1070 et
982 1040 1097 1071 auxilii

131 1086 261 1126 signum
281 1082 478 1115 ostendebat.
503 1083 571 1113 Iam
592 1083 713 1123 insigni
739 1082 929 1113 documento
954 1087 1096 1123 apparet,

131 1128 266 1169 gloriam
280 1126 352 1162 Dei,
372 1126 454 1157 sicut
474 1125 585 1156 fideles
604 1125 754 1161 illustrat,
775 1126 820 1156 sic
842 1125 982 1156 vicissim
1008 1132 1095 1156 tene—

130 1170 204 1201 bras
223 1169 382 1200 obducere
401 1168 587 1199 incredulis.
618 1167 758 1207 Ideoque
778 1169 896 1198 mirum
918 1179 980 1199 non
1001 1174 1048 1199 est
1070 1169 1096 1198 si

129 1213 224 1243 hodie
258 1222 382 1251 quoque
413 1211 565 1251 reprobos
596 1216 743 1241 excaecat
770 1211 931 1251 evangelii
955 1211 1095 1242 claritas.

131 1254 194 1287 Sed
214 1254 378 1295 rogandus
393 1253 482 1285 Deus
495 1259 531 1284 ut
556 1264 613 1284 nos
626 1253 740 1284 reddat
753 1253 956 1293 aspiciendae
974 1254 1096 1295 gloriae
1122 1253 1124 1261 ¹

129 1308 205 1330 suae
225 1302 396 1337 compotes.

214 1340 264 1371 21.
291 1340 387 1370 Porro
410 1339 544 1370 extendit
568 1338 681 1369 IlIoses.
729 1338 797 1368 Iam
830 1339 971 1369 diximus
1003 1344 1095 1370 nocte

129 1383 264 1414 liberum
288 1382 388 1413 fuisse
412 1392 447 1412 ac
473 1381 676 1412 commodum
706 1381 885 1419 traiectum,
908 1392 1006 1421 quun]
1033 1382 1095 1413 sul-

129 1436 206 1467 gore
229 1435 286 1456 suo
310 1429 433 1465 partem
457 1424 545 1455 illam
571 1424 708 1463 repleret
738 1424 889 1455 columna
912 1424 1006 1464 ignis.
1051 1425 1095 1455 Et

129 1474 216 1500 certe
240 1479 304 1499 non
330 1472 451 1507 poterat
477 1477 540 1498 uua
571 1467 650 1497 hora
674 1466 725 1498 vel
754 1466 877 1498 duabus
902 1472 992 1498 tanta
1014 1467 1081 1498 mul

130 1511 232 1542 titudo
266 1511 296 1541 in
329 1510 498 1541 adversum
530 1510 622 1540 littus
654 1509 800 1540 evadere.
847 1511 873 1540 A
905 1510 1094 1550 crepusculo

129 1555 229 1595 igitur
252 1553 310 1585 sub
335 1563 482 1584 auroram
515 1563 617 1592 usque
647 1552 814 1583 Israelitae
838 1552 978 1584 traducti
1002 1558 1092 1584 sunt:

128 1606 205 1628 mox
226 1596 388 1636 Aegyptii,
412 1595 537 1635 cognito
561 1595 713 1632 discessu,
737 1599 772 1626 ut
792 1600 964 1635 carperent
987 1600 1094 1627 extre-

129 1650 219 1670 mum
243 1649 368 1679 agmen,
392 1638 480 1678 sequi
504 1643 727 1678 properarunt.
781 1638 853 1668 Etsi
877 1642 982 1669 autem
1007 1639 1095 1670 nullo

129 1681 303 1713 verborum
334 1685 449 1712 ornatu
484 1680 523 1712 ad
557 1680 783 1712 celebrandum
818 1680 877 1712 hoc
901 1682 1093 1712 miraculum

129 1725 240 1763 utitur,
259 1723 347 1754 nuda
367 1729 473 1754 tamen
494 1723 637 1754 narratio
650 1724 764 1754 efficax
778 1734 848 1754 esse
867 1723 976 1755 debet:
1000 1724 1094 1756 adeo-

129 1778 191 1807 que
211 1768 312 1807 magis
332 1766 513 1806 emphatica
537 1772 583 1797 est
603 1777 698 1805 quam
719 1766 775 1796 ulli
797 1766 947 1798 rhetorici
972 1767 1094 1799 colores
1120 1788 1122 1791 «

130 1815 161 1841 et
203 1810 373 1850 magnifica
417 1809 560 1840 encomia
606 1809 643 1839 ad
687 1809 811 1840 animos
849 1809 1092 1849 permovendos.

130 1852 211 1891 Quis
235 1853 336 1890 enim,
371 1856 406 1882 ut
432 1852 464 1882 in
496 1862 655 1882 summam
680 1851 925 1883 admirationem
950 1853 1094 1892 rapiatur

129 1895 259 1926 divinae
293 1895 433 1931 virtutis,
468 1905 599 1925 sonoras
634 1895 887 1926 exclamationes
924 1894 1093 1932 desideret,

129 1938 186 1969 ubi
209 1937 398 1978 simpliciter
421 1941 451 1968 et
474 1938 584 1977 paucis
609 1937 715 1968 verbis
746 1937 835 1968 audit
859 1938 970 1969 baculo
993 1939 1094 1969 Mosis

129 1982 264 2013 scissum
300 1980 397 2011 fuisse
430 1990 531 2010 marc:
567 1981 705 2019 spatium
739 1980 821 2020 quod
856 1980 895 2011 ad
919 1982 1092 2012 transitum

129 2023 241 2064 populi
265 2023 435 2059 sufficeret,
460 2023 558 2054 fuisse
581 2023 717 2054 siccum:
748 2023 912 2062 praealtas
936 2034 1092 2064 aquarum

129 2066 229 2097 moles
252 2066 327 2097 hinc
351 2065 424 2096 inde
448 2066 574 2097 stetisse
599 2066 687 2096 velut
710 2065 827 2097 solidas
852 2066 972 2106 rupes?
1007 2067 1092 2098 Con—

130 2108 213 2140 sulto
243 2109 344 2149 igitur
373 2119 438 2139 rem
470 2109 572 2148 ipsam
604 2109 692 2139 omni
727 2109 899 2139 verborum
924 2109 1093 2149 splendore

131 2151 284 2182 nudatam
309 2156 382 2182 ante
406 2151 513 2182 oculos
537 2151 704 2190 explicuit:
736 2162 920 2191 quanquam
944 2156 976 2183 et
999 2153 1093 2192 paulo

133 2198 205 2233 post
233 2194 265 2224 in
295 2194 417 2225 cantico
447 2204 504 2234 pro
535 2203 593 2225 sua
623 2193 781 2234 dignitate
809 2194 1032 2233 celebrabitur,
1063 2201 1094 2226 et

135 2236 253 2276 passim
282 2236 365 2276 apud
397 2236 570 2276 prophetas
604 2240 635 2267 et
666 2237 698 2267 in
730 2236 861 2276 psalmis
894 2237 1094 2277 splendidius

135 2278 309 2309 extollitur.
354 2279 424 2310 Hoc
447 2279 515 2310 loco
534 2279 711 2316 diseamus,
741 2290 806 2310 non
829 2290 922 2311 secus
944 2291 980 2312 ac
1010 2281 1036 2312 si
1060 2281 1093 2312 in

135 2330 203 2351 rem
226 2325 425 2360 praesentem
449 2332 507 2353 uos
529 2321 702 2353 adduceret
720 2322 837 2360 Moses,
861 2322 968 2354 oculos
987 2323 1094 2355 inten-
1121 2323 1122 2338 ¹

136 2362 210 2393 dere
239 2362 278 2393 ad
312 2369 515 2402 conspectum
550 2364 794 2396 inaestimabilis
827 2365 889 2396 Dei
922 2367 1094 2405 potentiae,

137 2415 217 2445 quae
242 2404 329 2435 nulla
352 2406 520 2437 verborum
544 2407 634 2447 copia
657 2413 713 2438 aut
735 2408 895 2448 gravitate
918 2409 996 2440 satis
1025 2414 1092 2449 pot-

137 2453 185 2479 est
207 2447 353 2486 exprimi.
398 2447 580 2488 Diligenter
609 2454 717 2481 autem
736 2455 828 2481 cavet
852 2450 958 2482 Moses
977 2462 1016 2482 ne
1036 2452 1094 2483 sibi

137 2490 210 2531 plus
234 2489 415 2529 arrogando
438 2501 532 2529 quam
556 2502 614 2531 par
625 2493 674 2530 sit,
700 2493 760 2523 Dei
785 2493 912 2523 laudem
937 2493 1094 2526 obscuret.

137 2534 224 2564 Ante
240 2532 344 2563 iussus
361 2532 463 2562 fuerat
476 2533 600 2564 sublato
620 2534 732 2566 baculo
755 2546 844 2566 mare
868 2546 990 2567 secare:
1011 2548 1097 2568 nunc

1124 982 1126 1001 l

706 182 1074 218 COMMENTARIUS
1098 182 1147 213 IN
1171 182 1318 214 EXODI
1341 184 1437 215 CAP.
1461 184 1555 216 XIV.

136 2574 286 2615 loquendi
313 2577 446 2604 formam
474 2578 590 2612 mutat,
613 2587 728 2617 nempe
754 2577 815 2608 Dei
839 2579 974 2619 imperjo
997 2591 1096 2619 aquas

136 2617 365 2649 retrocessisse.
410 2616 459 2646 Ita
483 2617 618 2649 ministri
643 2619 744 2659 gradu
768 2625 954 2659 contentus,
989 2621 1096 2653 Deum

2066 192 2125 222 154

1157 276 1260 307 solum
1284 276 1333 318 (ut
1356 277 1501 319 decebat)
1520 279 1668 310 miraculi
1692 280 1767 312 facit
1791 285 1949 312 autorem.
1974 282 2046 314 Etsi
2069 294 2123 314 au-

1157 322 1220 349 tem
1252 319 1285 349 in
1317 320 1378 350 Dei
1409 321 1508 360 ipsius
1540 321 1673 353 arbitrio
1704 328 1772 354 erat
1805 323 1892 355 nullo
1925 325 2009 356 aeris
2032 331 2123 357 motu

1157 371 1254 400 aquas
1289 362 1475 401 dispellere:
1510 368 1546 394 ut
1580 369 1686 396 tamen
1714 366 1897 398 ostenderet
1932 367 1992 398 sibi
2022 372 2121 399 totam

1155 409 1303 434 naturam
1334 416 1464 444 parere,
1499 412 1530 437 et
1558 411 1640 438 nutu
1665 418 1722 439 suo
1747 409 1825 449 regi,
1858 414 1992 441 ventum
2016 411 2122 441 orien-

1156 446 1253 476 talem
1278 448 1417 478 cxcitare
1441 449 1568 488 placuit.
1598 450 1727 482 Interea
1750 452 1927 483 tenendum
1950 457 2007 489 est,
2032 454 2121 485 nullo

1155 490 1364 527 quantumvis
1395 491 1573 530 impetuoso
1606 493 1684 524 flatu
1715 494 1858 533 potuisse
1882 495 1994 526 siccari
2023 507 2121 535 mare,

1155 531 1215 561 nisi
1250 542 1346 571 supra
1377 538 1511 564 naturae
1541 535 1670 566 modum
1706 546 1823 567 arcana
1860 537 1890 568 vi
1913 537 2047 577 spiritus
2071 539 2120 570 sui

1153 579 1303 612 operatus
1334 580 1425 606 esset.
1471 576 1544 615 Qua
1570 576 1608 608 de
1632 588 1667 609 re
1692 578 1763 609 vide
1788 579 1873 619 quod
1897 590 1995 620 supra
2017 591 2118 613 anno-

1154 617 1220 646 tavi
1251 618 1353 656 capite
1385 617 1524 656 decimo,
1562 630 1655 651 versu
1687 621 1810 652 decimo
1840 623 1933 653 tertio
1968 628 2000 654 et
2034 624 2116 655 deei-

1153 669 1204 689 nio
1228 670 1322 689 nono.

1238 701 1287 731 24.
1314 702 1444 733 Factum.
1467 706 1511 734 est
1532 705 1670 736 custodia
1692 707 1855 738 matutina.
1893 707 1990 739 Mane
2014 709 2119 749 coepit

1153 744 1288 783 angelus
1313 746 1454 784 aspicere
1486 747 1667 787 Aegyptios,
1703 759 1766 779 non
1791 749 1873 789 quod
1897 751 1986 790 prius
2010 761 2118 790 aspec-

1154 790 1222 816 tum
1253 787 1320 817 eius
1356 787 1506 819 laterent:
1540 789 1595 819 sed
1631 795 1663 820 ut
1694 792 1860 831 repentina
1895 793 2118 825 submersione

1152 828 1299 868 perderet
1324 840 1403 869 quos
1427 830 1515 862 visus
1547 832 1666 870 fuerat,
1703 840 1852 873 tanquam
1889 835 1973 866 nube
2007 840 2117 874 tectos,

1153 871 1311 902 omittere.
1355 873 1401 903 Ac
1425 872 1527 912 primo
1550 874 1675 913 quidem
1701 876 1807 908 oculos
1831 878 1964 917 aperuit,
1990 882 2025 909 ut
2047 890 2118 910 sero

1152 913 1299 944 viderent
1331 926 1481 954 quorsum
1517 926 1569 947 eos
1593 918 1779 956 proiecisset
1802 920 1918 951 furoris
1943 921 1992 951 sui
2016 922 2116 961 impe-

1153 963 1213 993 tus,
1239 956 1353 987 deinde
1378 963 1411 988 ut
1436 959 1602 995 sentirent,
1634 971 1695 990 non
1722 966 1846 993 tantum
1871 973 1943 994 cum
1972 963 2111 994 homini--

1152 998 1219 1035 bus,
1245 999 1298 1029 sed
1324 1010 1395 1030 cum
1420 999 1491 1030 Deo
1515 1011 1547 1031 se
1573 1002 1704 1034 bellare:
1730 1010 1825 1044 atque
1849 1005 1894 1036 ita
1917 1005 2021 1036 subita
2041 1017 2116 1038 con-

1152 1043 1351 1073 sternatione
1390 1043 1519 1073 attoniti
1554 1055 1617 1075 non
1648 1051 1780 1085 possent
1809 1052 1937 1078 mature
1968 1049 2116 1089 refugere

1151 1084 1190 1114 ad
1215 1084 1313 1115 littus.
1361 1084 1440 1116 lnde
1464 1087 1547 1116 enim
1580 1087 1708 1118 fuerunt
1741 1089 1932 1129 deprehensi
1956 1091 1988 1121 in
2011 1091 2116 1123 medio

1151 1127 1248 1163 mari,
1284 1127 1366 1167 quod
1403 1129 1510 1159 omnia
1545 1129 1627 1169 apud
1661 1142 1713 1162 eos
1748 1133 1935 1164 turbaverat
1969 1134 2115 1173 formido,

1151 1168 1228 1199 dum
1258 1175 1450 1209 reputarunt
1481 1172 1584 1202 Deum
1606 1173 1665 1203 sibi
1689 1173 1858 1205 adversum
1884 1186 1961 1207 esse.
2016 1176 2114 1208 Vide-

1150 1212 1228 1242 bant
1268 1213 1395 1252 quidem
1434 1214 1513 1244 nihil
1553 1214 1610 1245 sibi
1645 1216 1711 1247 fore
1747 1217 1847 1248 tutius
1882 1228 1976 1258 quam
2012 1223 2113 1250 retro-

1150 1255 1277 1293 cedere,
1307 1257 1380 1295 quia
1404 1256 1493 1287 Deus
1517 1267 1574 1297 pro
1598 1258 1717 1289 Israelc
1740 1260 1920 1300 pugnabat:
1952 1261 2006 1291 sed
2038 1262 2114 1301 quia

1150 1297 1263 1337 repleti
1284 1303 1375 1329 erant
1401 1299 1551 1337 tumultu,
1576 1300 1664 1331 nulla
1688 1303 1912 1341 progrediendi
1936 1303 1996 1334 fuit
2019 1304 2111 1342 ratio,

1149 1340 1227 1380 quin
1243 1341 1358 1380 potius,
1384 1341 1460 1372 dum
1485 1342 1537 1373 alii
1562 1343 1639 1374 alios
1659 1344 1847 1384 impediunt,
1870 1356 1980 1377 omnes
2004 1346 2112 1378 absor-

1149 1382 1217 1413 buit
1241 1394 1337 1414 mare.

1235 1469 1284 1499 26.
1309 1467 1351 1499 Et
1380 1469 1425 1500 ait
1455 1470 1564 1501 Ielmva
1589 1471 1630 1502 ad
1659 1471 1787 1503 Mosen:
1821 1471 1960 1504 Extende
1984 1483 2110 1505 mmmm

1149 1514 1232 1542 luam
1255 1522 1348 1551 super
1371 1523 1463 1549 mare,
1488 1516 1521 1543 ut
1543 1517 1732 1545 ret-ertantur
1754 1525 1851 1553 (cquae
1872 1526 1964 1554 saper
1987 1517 2110 1556 Aeyygi—

1148 1555 1238 1589 timu,
1269 1565 1363 1593 super
1385 1565 1496 1586 currus
1518 1556 1586 1587 cius
1608 1559 1635 1586 et
1656 1558 1768 1595 equites
1791 1558 1865 1588 eius.
1921 1558 1971 1589 27.
1995 1557 2038 1589 Et
2060 1569 2111 1590 ex-

1149 1597 1244 1628 temlit
1268 1597 1369 1627 Moses
1392 1608 1515 1628 alanum
1536 1609 1623 1629 suam
1647 1610 1740 1639 ‚super
1761 1610 1862 1637 mare,
1896 1603 1923 1631 ct
1954 1611 2110 1632 reversum

1148 1642 1192 1670 es!
1215 1650 1300 1671 mco-e
1322 1650 1414 1679 quum
1433 1651 1522 1672 -mmze
1544 1641 1706 1679 ilhnrtesct,
1729 1643 1894 1674 teeamdmn
1916 1643 1979 1673 vim
2001 1653 2110 1675 suam:

1146 1682 1350 1722 fuyerewtque
1373 1684 1519 1723 Aeqyptsii
1541 1685 1583 1715 ad
1605 1694 1759 1715 occursum
1788 1685 1864 1716 eius.
1910 1685 1952 1715 Et
1986 1686 2110 1726 impulit

1149 1725 1261 1756 Ieleova
1281 1727 1448 1765 Aeyyptios
1472 1727 1503 1756 in
1526 1727 1659 1758 medinm
1681 1728 1787 1758 maris.
1812 1728 1861 1759 28.
1887 1727 1930 1759 Et
1949 1729 2108 1760 redeuntes

1148 1779 1246 1807 aquae
1265 1772 1445 1806 operuerunt
1467 1770 1636 1808 qundo-issas
1658 1773 1683 1800 11⁴
1706 1771 1818 1809 equites
1841 1771 1874 1801 iu
1896 1773 1952 1801 toto
1974 1772 2108 1802 exercitu

1151 1811 1335 1848 Pharaonis,
1360 1813 1413 1850 (μιιῖ
1437 1813 1565 1852 inm-essi
1589 1816 1676 1843 erant
1690 1815 1762 1851 post
1785 1813 1852 1843 illos
1874 1813 1905 1843 iu
1927 1823 2029 1844 mare:
2057 1824 2108 1845 nec

1148 1864 1228 1884 emus
1249 1854 1310 1893 fecit
1333 1865 1370 1885 es
1393 1855 1471 1893 ipsis
1494 1855 1645 1886 residuus.
1709 1855 1758 1885 29.
1784 1855 1863 1885 Fuit
1881 1858 1982 1886 autem
2006 1856 2108 1887 Israel

1147 1897 1379 1927 cmcbzdswermzt
1410 1898 1441 1927 in
1467 1898 1543 1928 sicco
1567 1908 1625 1936 per
1652 1898 1785 1929 medium
1808 1899 1923 1928 maris.-
1956 1901 1982 1928 εἰ
2005 1909 2108 1938 aquae

1147 1942 1233 1970 crant
1259 1940 1324 1969 'illis
1346 1940 1438 1979 quasi
1460 1950 1567 1970 murus
1591 1952 1608 1970 (ι
1630 1940 1738 1971 dextra
1761 1951 1863 1970 eorum
1888 1943 1914 1971 et
1936 1951 1955 1971 α
1978 1942 2108 1972 sinistra

1146 1993 1257 2014 eorum.
1287 1982 1337 2013 30.
1365 1982 1519 2013 Liberavit
1541 1993 1610 2022 erqo
1626 1983 1732 2013 lehem-c
1755 1983 1788 2013 in
1811 1983 1860 2014 die
1884 1983 1938 2014 illa
1958 1983 2108 2015 Israelem

1147 2037 1167 2057 α
1189 2035 1284 2055 mama
1309 2026 1463 2066 Acyyptz'I.
1507 2025 1548 2055 El
1578 2026 1654 2055 vidit
1682 2025 1786 2056 Israel
1815 2026 2001 2065 .ie9yptimn
2028 2036 2107 2057 mor-

1146 2072 1232 2099 tuum
1254 2078 1348 2107 super
1371 2068 1456 2098 littus·
1478 2068 1584 2098 maris:
1637 2068 1687 2098 31.
1719 2067 1761 2098 Et
1782 2068 1860 2098 vida}
1883 2068 1984 2098 Isracl
2002 2071 2107 2108 poten-

1147 2112 1223 2142 tiam
1246 2121 1390 2151 quaquam
1413 2121 1506 2149 ‘fleam
1525 2111 1594 2149 fecit
1608 2111 1718 2141 [chora
1739 2113 1843 2141 contra
1856 2110 2030 2150 Aegyyptios.
2065 2109 2108 2142 Et

1147 2154 1249 2184 timuit
1266 2153 1401 2193 populus
1414 2153 1566 2191 Ieleovcmn,
1589 2156 1616 2183 et
1637 2153 1827 2184 crediderunt
1840 2152 1971 2184 Ielrovae
1984 2153 2107 2185 etMosi

1145 2207 1229 2228 servo
1251 2207 1326 2227 ems.

1233 2282 1282 2312 26.
1307 2281 1348 2312 Et
1371 2282 1415 2312 ait
1435 2281 1546 2312 Ieltova
1568 2280 1610 2311 ad
1630 2280 1744 2312 Mosen.
1779 2280 1840 2310 Hic
1864 2284 1976 2311 narrat
1999 2281 2107 2312 Moses

1148 2336 1211 2356 nou
1244 2326 1352 2355 minus
1380 2324 1412 2354 in
1442 2323 1612 2363 perdendis
1636 2323 1806 2363 Aegyptiis
1839 2333 1925 2353 mare
1959 2323 2106 2363 paruisse

1120 2375 1122 2386 ¹
1147 2367 1209 2398 Dei
1240 2367 1390 2397 mandato
1421 2377 1515 2406 quam
1544 2366 1619 2397 dum
1650 2376 1750 2405 nuper
1785 2365 1954 2395 transitum
1990 2366 2105 2405 populo

1147 2410 1287 2441 dederat.
1334 2410 1416 2440 Nam
1447 2409 1571 2440 sublato
1602 2408 1711 2438 baculo
1736 2408 1835 2438 Mosis
1870 2412 1932 2437 tam
1958 2419 2106 2439 reversae

1147 2459 1224 2483 sunt
1247 2463 1348 2492 aquae
1372 2453 1404 2482 in
1428 2463 1519 2482 suum
1545 2451 1645 2482 locum
1671 2461 1765 2490 quam
1789 2449 1877 2489 prius
1900 2450 2050 2482 collectae
2074 2451 2107 2482 in

1149 2506 1287 2526 acervos.
1322 2495 1393 2525 Iam
1409 2495 1586 2534 Aegyptios
1609 2493 1812 2532 poenituerat
1830 2493 2012 2532 praecipitis
2030 2504 2107 2525 suae

1149 2539 1316 2571 amentiae.
1342 2544 1373 2568 etv
1395 2541 1586 2574 statuerant,
1610 2541 1761 2575 tanquam
1785 2535 1862 2566 victi
1877 2535 1936 2566 Dei
1956 2536 2106 2575 potentia,

1150 2581 1269 2611 relictis
1294 2580 1367 2611 filiis
1391 2579 1500 2616 Israel,
1532 2578 1661 2609 domum
1685 2577 1805 2608 redire:
1836 2577 1890 2608 sed
1916 2578 2021 2616 Deus,
2051 2579 2105 2618 qui

1151 2623 1283 2663 perdere
1307 2633 1359 2653 eos
1384 2622 1522 2658 volebat,
1556 2622 1585 2651 in
1624 2621 1691 2660 ipso
1714 2620 1849 2652 articulo
1872 2620 1996 2652 exitum
2019 2621 2105 2652 clau-
