2304 3034
153 184 191 215 71
753 181 1120 216 COMMENTARIUS
1143 183 1192 214 IN
1215 181 1363 213 EXODI
1386 180 1484 211 OAP.
1507 178 1547 210 V.
2105 179 2145 210 72

154 279 337 321 prohibeat.
377 278 460 308 Nam
483 277 509 307 si
533 276 710 308 vindictam
734 281 924 316 sumpturus
948 282 1016 308 erat
1036 277 1126 308 Deus

157 322 197 354 de
220 322 337 362 populo
359 320 413 359 qui
437 320 561 350 invitus
580 319 790 356 retinebatur,
814 319 974 358 quomodo
993 320 1126 360 impune

157 365 312 397 evaderet
345 363 398 402 qui
434 373 473 393 ex
508 362 651 402 professo
685 367 797 392 centra
821 362 926 393 Deum
958 363 1126 394 certabat?

157 408 266 447 Quum
302 416 377 446 ergo
410 405 469 436 sibi
505 405 680 445 perniciem
715 404 838 435 instare
873 411 1127 436 commemorant

157 451 220 482 nisi
234 456 401 480 vocantem
415 454 594 487 sequantur
608 448 730 478 Deum:
745 447 910 478 Pharaoni
923 447 1127 480 subindicant
1151 454 1153 464 ¹

157 498 195 524 ut
218 492 278 523 sibi
302 495 416 522 caveat
435 502 453 521 a
476 490 589 521 maiori
610 489 710 521 clade.

243 535 271 565 4.
296 534 391 564 Dia—it
413 534 454 564 ad
476 544 525 564 eos
543 543 600 564 rea:
619 532 761 572 Acyypti.
797 532 920 563 Mirum
945 539 994 564 est
1016 544 1125 573 regem

156 579 243 609 fastu
268 576 434 616 turgidum
461 587 523 607 nen
548 576 688 606 atrocius
711 575 853 605 saevisse
876 575 909 605 in
930 586 1039 606 servos
1052 576 1125 613 Dei,

157 631 238 661 quos
272 620 439 650 seditionis
473 624 602 649 autores
637 629 706 649 0550
740 617 886 649 ducebat.
943 619 1010 650 Nec
1048 630 1126 650 vero

158 663 293 695 dubium
318 668 367 693 est
390 662 490 692 fuisse
514 661 691 693 cohibitum
709 660 771 691 Dei
795 659 907 691 fraeno
930 672 970 692 ne
994 661 1032 692 ad
1056 672 1125 693 cae-

158 706 231 737 dem
255 716 332 736 111οΧ
357 705 528 744 prosiliret.
574 703 696 742 Quanti
720 714 777 735 sua
808 704 928 734 referre
957 709 1049 744 putet
1071 715 1125 744 po-

157 749 270 789 pulun]
306 749 339 778 111
375 749 525 787 Aegypto
566 757 713 782 manere,
754 747 932 787 pertinacia
964 747 997 777 in
1038 749 1126 778 exitu

157 791 308 833 negando
338 791 457 821 clarius
488 794 598 830 postca
626 789 788 820 ostendet:
819 789 873 829 qui
904 790 941 820 fit
969 790 1069 830 igitur
1091 795 1127 821 ut

158 835 330 866 verborum
365 833 587 873 obiurgatione
621 837 794 864 contentus
824 833 976 872 sanguini
1007 838 1126 872 parcat,

158 878 221 908 nisi
256 876 340 917 quod
373 877 519 916 opposito
554 875 750 906 defensionis
785 885 861 906 suae
895 875 1008 916 clypeo
1038 876 1127 907 Deus

157 931 269 952 servos
292 929 367 950 suos
390 918 553 959 protegit?
579 919 714 949 Duriter
733 917 861 958 quidem
894 929 948 949 eos
970 919 1126 958 increpat,

158 968 190 994 et
225 962 340 1003 quibus
375 962 535 1001 reliquum
570 962 724 1001 populum
755 961 923 1000 premebat
956 961 1126 999 laboribus,

158 1017 211 1037 eos
246 1005 381 1036 addicit:
415 1004 470 1035 sed
506 1014 607 1044 quum
641 1004 718 1035 satis
748 1008 860 1034 notum
891 1004 949 1041 sit,
979 1005 1128 1044 tyrannis

158 1058 327 1088 nunquam
358 1047 544 1078 satisfacere
574 1047 768 1077 mediocrem
794 1048 950 1086 rigorem:
981 1047 1042 1078 sub
1066 1047 1128 1077 Dei

158 1090 302 1122 custodia
333 1096 435 1121 tutam
469 1090 599 1120 illorum
634 1090 732 1121 tuisse
767 1089 904 1120 salutem
939 1090 1129 1130 colligimus,

157 1135 232 1174 quia
256 1134 374 1173 alioqui
398 1134 517 1164 centies
540 1133 675 1172 perituri
701 1137 803 1163 erant.
850 1132 1022 1163 Caeterum
1046 1133 1129 1172 qued

157 1188 230 1208 reos
250 1177 325 1207 facit
344 1176 514 1212 tumultus,
532 1176 695 1206 discamus
715 1186 825 1206 eorum
846 1175 994 1215 exemplo
1015 1175 1130 1215 probra

158 1225 189 1251 et
214 1219 367 1250 falsorum
387 1219 560 1250 criminum
584 1219 779 1249 obiectiones
798 1219 961 1258 patienter
978 1219 1128 1249 sufferre:

158 1263 254 1294 modo
278 1262 352 1292 freti
377 1261 439 1292 Dei
464 1262 617 1292 mandato
641 1261 739 1301 probe
770 1261 863 1292 nobis
886 1261 1005 1292 conscii
1030 1262 1129 1292 simus

162 1306 284 1336 iniuste
298 1316 356 1335 nes
369 1305 510 1345 gravari.
545 1305 722 1335 Proximus
742 1314 865 1340 versus,
880 1303 933 1334 ubi
953 1304 1029 1335 dicit
1048 1304 1130 1334 111111-

163 1354 232 1379 tum
253 1359 323 1379 esse
343 1354 448 1378 terrae
468 1347 633 1388 populum,
658 1347 697 1377 ad
721 1347 843 1378 crimen
867 1347 1130 1387 exaggerandum

160 1392 316 1431 pertinet:
360 1398 428 1421 tum
465 1391 538 1430 quia
571 1391 755 1430 graviorem
796 1390 934 1420 afferant
975 1390 1128 1421 iacturam

159 1435 244 1465 bono
264 1433 401 1474 publico,
423 1443 518 1473 quam
539 1433 565 1463 si
584 1443 704 1473 paucos
724 1432 763 1464 ab
782 1444 878 1472 opere
897 1433 1130 1470 abstraherent,

161 1477 278 1508 deinde
291 1476 374 1516 quod
389 1486 543 1516 magnum
558 1476 711 1516 populum
726 1475 914 1507 concitando
932 1475 1006 1515 plus
1022 1486 1130 1507 creare

160 1520 295 1560 periculi
319 1524 486 1550 conentur.

248 1606 276 1636 e.
302 1604 345 1635 Et
362 1605 521 1644 praecepit
544 1604 593 1635 die
623 1604 676 1636 illo
702 1604 831 1636 Pharao
859 1603 1050 1635 exactoribus
1078 1603 1132 1642 qui

161 1651 249 1680 erant
270 1649 299 1678 in
316 1648 430 1687 populo
449 1650 474 1677 ct
491 1647 661 1686 praefectis
678 1648 753 1683 cius,
773 1648 897 1679 dicens:
921 1647 948 1678 7.
975 1647 1045 1677 Non
1064 1656 1132 1678 con-

162 1691 327 1722 tinuabitis
340 1691 371 1721 in
385 1691 490 1721 (landa
503 1690 598 1729 palca
612 1691 727 1729 populo
740 1691 780 1721 ad
796 1690 997 1729 conficiendos
1016 1689 1132 1727 lateres,

163 1735 243 1765 Sicut
266 1734 333 1764 lteri
356 1737 382 1764 et
405 1734 648 1770 nudiustertius,
671 1734 724 1764 scd
749 1734 811 1773 ipsi
833 1735 918 1769 eant,
943 1735 969 1763 et
991 1733 1133 1772 colliyant

163 1777 226 1808 sibi
252 1777 374 1816 paleas.
429 1777 456 1807 ὃ.
490 1776 650 1806 Simmiam
683 1787 753 1807 cero
786 1776 918 1807 laterum
947 1786 1040 1815 quam
1070 1775 1134 1815 *ipsi

163 1820 299 1860 fecerunt
311 1819 377 1850 [ιω-ι’
390 1822 416 1849 ct
429 1819 665 1857 nudiustertius,
679 1820 823 1858 imponite
837 1819 899 1849 eis:
917 1829 977 1849 non
988 1818 1134 1849 minuetis

165 1874 201 1893 exn
229 1873 283 1894 ea:
316 1872 390 1892 nam
420 1863 495 1901 qnia
524 1863 583 1892 otio
611 1863 736 1893 remissi
765 1865 851 1897 sunt,
880 1864 1042 1902 propterea
1071 1861 1135 1899 ipsi

165 1906 316 1941 clamant,
348 1906 495 1935 dicentes:
522 1903 660 1942 Eamus,
688 1905 896 1943 sacrificemus
925 1905 992 1935 Deo
1020 1907 1133 1934 nostro.

165 1949 194 1980 9.
220 1949 417 1988 Ayyravetur
444 1958 512 1987 eryo
544 1948 676 1978 servitus
703 1959 797 1987 super
824 1948 921 1985 uiros,
952 1948 983 1978 in
1013 1957 1072 1986 qua
1102 1956 1134 1976 se

165 1994 331 2026 ereo-cmm,
352 1994 449 2021 elnon
463 1991 618 2021 attendant
631 1991 731 2021 'zi-erbis
745 1991 952 2022 mendacibus.
984 1990 1031 2020 10.
1049 1989 1134 2020 Tunc

166 2034 280 2074 egressi
303 2036 373 2064 sunt
392 2036 546 2064 exactores
565 2034 676 2072 populi
695 2037 721 2064 ct
739 2034 889 2073 praefecti
908 2034 982 2069 eius,
1006 2035 1032 2062 et
1049 2033 1134 2063 dixe-

165 2080 239 2107 runt
269 2076 400 2116 populo:
431 2076 484 2107 Sic
513 2076 585 2106 dicit
617 2076 761 2107 Pharao:
794 2075 860 2115 Esto
894 2086 951 2107 non
983 2076 1019 2105 do
1052 2075 1134 2106 vobis

160 2120 281 2159 paleas.
341 2119 389 2149 ll.
440 2119 499 2149 Vos
539 2120 578 2149 ite
621 2119 749 2159 eolliyite
788 2119 869 2150 vobis
907 2118 1030 2158 paleas,
1070 2117 1135 2147 ubi-

166 2173 283 2201 cunque
301 2163 494 2193 inrencritis:
511 2162 585 2200 qnia
608 2173 667 2193 non
687 2166 730 2193 cst
748 2163 947 2193 imminutum
966 2161 1134 2200 quidquam
1160 2165 1161 2169 ’

166 2217 203 2237 ec
227 2216 315 2245 opere
339 2207 444 2235 restro.
493 2205 541 2235 12.
567 2205 740 2243 Dispersus
769 2208 813 2236 est
835 2215 905 2245 erqo
925 2204 1060 2244 populu-s
1077 2213 1136 2242 per

166 2252 259 2279 totam
277 2251 390 2278 terram
406 2248 548 2287 Aegypti,
568 2250 601 2278 nt
620 2248 791 2288 colligerent
803 2247 937 2286 stipulas
951 2257 1010 2285 pro
1021 2246 1134 2285 paleis.

168 2292 215 2321 13.
240 2291 282 2321 Et
300 2290 445 2330 urychant
465 2300 514 2320 cos
529 2293 692 2328 erectores,
716 2291 859 2322 dicendo:
885 2290 1024 2328 Perficite
1043 2299 1135 2327 opera

166 2337 282 2370 cestra,
310 2344 440 2372 pensum
469 2333 531 2363 diei
559 2334 609 2364 die
637 2344 693 2364 suo
716 2334 848 2372 perinde
878 2343 913 2363 ac
942 2333 971 2362 si
998 2332 1136 2362 adessent

161 2377 275 2416 paleae
294 2376 324 2417 ¹).
368 2377 416 2406 14.
436 2375 477 2406 Et
497 2377 579 2407 caesi
601 2379 672 2407 sunt
692 2377 843 2416 praefecti
862 2375 1003 2414 filiorum
1026 2374 1136 2411 Israel,

167 2431 242 2458 quos
271 2419 489 2450 constituerant
522 2429 615 2458 super
648 2420 732 2458 ipsos
763 2421 918 2449 eamctorcs
950 2417 1136 2454 Pharaonis,

168 2463 310 2493 dicendo:
349 2464 451 2500 (guare
486 2472 544 2492 non
577 2462 751 2493 absolvistis
778 2471 910 2500 pensum
938 2463 1070 2490 cestrum
1103 2460 1137 2489 in

169 2505 315 2536 lateribus
334 2505 540 2543 conficiendis,
565 2506 643 2535 sicut
665 2505 733 2535 lteri
756 2507 783 2535 et
804 2504 1036 2537 nudiustertius,
1060 2503 1137 2533 sicul

169 2551 259 2578 antea
286 2549 328 2578 ita
351 2547 466 2578 leodic?
516 2547 563 2578 15.
589 2546 632 2578 Et
654 2550 803 2579 venerunt
827 2546 978 2586 praefecti
999 2544 1137 2584 filiorum

238 2641 266 2673 1)
286 2641 318 2666 In
338 2642 473 2673 maraine.-
493 2641 552 2671 Vel,
572 2641 649 2666 sicuti
670 2650 750 2674 quum
770 2643 848 2666 crant
866 2640 966 2673 paleae.

1180 276 1296 312 Israel,
1328 278 1354 305 ct
1375 274 1530 314 conquesti
1548 276 1620 304 sunt
1642 273 1727 313 apud
1752 272 1966 311 Pharaonem,
1996 274 2146 306 dieentes:

1181 320 1245 350 Cur
1266 319 1311 349 sic
1333 318 1402 358 ayis
1426 328 1493 347 cum
1514 316 1613 347 servis
1634 316 1723 346 tuis?
1767 316 1815 347 16.
1843 315 1941 348 Palea
1963 326 2022 347 non
2051 317 2148 348 datur

1178 362 1276 392 servis
1305 361 1381 396 tuis,
1411 362 1436 391 el
1463 360 1568 391 dicunt
1597 359 1699 390 nobis:
1728 359 1855 390 Lateres
1883 359 1990 398 facite:
2019 362 2045 391 et
2072 369 2144 398 eece,

1178 405 1260 435 servi
1283 404 1328 434 tui
1346 404 1577 442 percutiuntur,
1608 404 1635 432 et
1657 401 1792 441 improbe
1815 402 1919 442 aqitur
1941 411 2009 433 cum
2025 402 2144 441 populo

1179 450 1239 478 tuo.
1278 447 1325 477 17.
1358 447 1418 484 Qui
1436 446 1495 476 ait:
1532 445 1590 475 Vos
1608 445 1667 475 otio
1685 445 1809 475 remissi
1830 445 1910 481 estis,
1929 445 1987 476 otio
2005 445 2146 476 remissi.-

1179 491 1245 521 idco
1267 489 1383 525 (licitis,
1414 498 1535 524 (amus,
1564 487 1772 526 sacrificemus
1796 487 1932 519 Ielcovae.
1981 487 2028 518 18.
2054 487 2146 518 Nune

1179 533 1274 573 igyitur
1299 533 1343 569 ite,
1367 531 1554 570 operamini:
1577 533 1602 560 et
1619 530 1729 569 paleae
1748 540 1806 561 non
1828 530 1982 562 dabuntur
2003 529 2097 568 vobis,
2119 532 2146 561 et

1177 585 1331 606 summam
1354 574 1484 605 laterum
1508 574 1650 604 reddetis.

1263 661 1292 691 6.
1317 660 1359 690 Et
1374 659 1541 699 praecepit.
1585 659 1634 689 Ex
1658 659 1740 689 serie
1763 658 1916 690 historiae
1938 659 2055 689 certius
2079 658 2143 690 col-

1179 703 1278 743 ligere
1302 702 1425 738 licebit,
1456 702 1512 732 hos
1543 702 1720 741 praefectos
1754 706 1785 732 et
1815 706 1982 732 exactores
2006 711 2045 732 cx
2069 701 2144 732 filiis

1179 746 1279 777 Israel
1310 746 1408 776 fuisse
1438 750 1593 784 sumptos.
1638 744 1835 784 Quanquam
1863 745 1960 775 fuisse
1989 743 2144 784 quosdam

1180 789 1357 829 Aegyptios
1392 793 1487 819 antea
1520 787 1677 827 legimus,
1718 787 1772 818 sed
1808 792 1844 818 ut
1877 787 2035 827 ingeniosi
2071 792 2147 818 sunt

1180 832 1311 872 tyranni
1337 833 1367 861 in
1393 831 1458 861 suis
1481 830 1674 866 commodis,
1705 840 1764 870 pro
1794 840 1851 861 sua
1882 830 2010 861 vafritie
2033 841 2148 861 cavere

1181 875 1282 906 voluit
1307 875 1434 905 Pharao
1459 884 1500 904 ne
1523 884 1586 913 qua
1609 878 1693 904 esset
1716 873 1920 910 immunitas,
1953 872 2009 903 sed
2037 883 2149 904 omnes

1180 918 1219 948 ad
1250 928 1350 948 unum
1382 917 1505 947 vicibus
1529 917 1596 947 suis
1621 916 1660 946 ad
1691 926 1774 946 onus
1799 916 2016 947 traherentur.
2063 916 2147 946 Nam

1181 961 1360 1000 Aegyptios
1380 961 1411 990 111
1433 959 1528 990 turba
1547 959 1647 990 latere
1664 959 1792 998 quidam
1813 964 1971 998 poterant,
1995 958 2049 989 ubi
2074 968 2149 989 vero

1180 1003 1338 1034 Israelitis
1360 1002 1472 1033 datum
1493 1002 1555 1033 fuit
1574 1003 1748 1042 negotium,
1773 1001 1942 1032 familiaris
1962 1002 2076 1032 notitia
2095 1011 2148 1032 eos

1181 1045 1318 1081 detexit,
1349 1056 1388 1075 ne
1412 1046 1462 1076 cui
1486 1050 1571 1075 esset
1598 1044 1798 1075 immunitas.
1846 1044 1947 1075 Porro
1970 1044 2149 1075 verisimile

1180 1096 1226 1119 cst
1259 1088 1344 1128 apud
1376 1089 1433 1119 hos
1463 1088 1641 1127 praefectos
1676 1087 1853 1127 depositam
1888 1087 1987 1118 fuisse
2023 1087 2148 1127 paleam

1180 1142 1275 1172 quam
1301 1142 1358 1171 per
1381 1131 1527 1162 decurias
1552 1130 1601 1161 vel
1626 1131 1765 1171 singulis
1789 1130 2039 1160 distribuerent:
2066 1140 2148 1161 onus

1180 1185 1256 1215 ergo
1280 1174 1422 1214 duplicat
1441 1174 1501 1205 hoc
1520 1173 1623 1210 modo,
1649 1174 1723 1212 quia
1742 1173 1830 1204 iubet
1848 1173 1972 1212 paleam
1996 1172 2148 1212 colligere

1180 1228 1242 1257 qua
1266 1217 1383 1248 lateres
1408 1223 1596 1256 coquantur.
1642 1216 1922 1255 Quemadmodum
1954 1220 2061 1246 autem
2093 1215 2148 1246 ille

1181 1261 1257 1291 dicit
1276 1260 1497 1301 monosyllaba
1517 1270 1587 1290 esse
1608 1270 1720 1299 regum
1740 1259 1852 1294 edicta,
1873 1258 2027 1298 praecisis
2041 1258 2148 1290 verbis

1182 1303 1323 1333 ostendit
1357 1303 1464 1333 Moses
1498 1302 1683 1343 tyrannidis
1721 1302 1917 1333 violentiam.
1975 1300 2148 1332 Caeterum

1184 1346 1234 1377 liic
1257 1346 1344 1377 100115
1367 1346 1466 1381 docet,
1491 1356 1590 1385 quum
1614 1356 1672 1375 nos
1696 1345 1854 1384 respicere
1877 1344 2034 1384 inceperit
2058 1344 2149 1375 Deus

1184 1395 1217 1419 ut
1242 1389 1334 1420 malis
1358 1389 1473 1419 nostris
1493 1399 1586 1428 opem
1607 1389 1698 1425 terat,
1724 1388 1782 1419 hac
1800 1387 1965 1419 occasione
1984 1386 2147 1417 interdum

1183 1432 1347 1462 molestias
1369 1442 1526 1467 cresccre,
1556 1441 1636 1470 quac
1664 1442 1722 1462 nos
1753 1430 1865 1461 durius
1894 1435 2052 1469 premant.
2097 1429 2149 1460 Ita

1183 1485 1281 1513 quum
1305 1475 1459 1505 israelitis
1478 1474 1642 1514 professus
1661 1480 1744 1505 esset
1763 1485 1796 1504 se
1815 1474 1881 1504 fore
1901 1472 2148 1513 redemptorem,

1184 1519 1314 1557 gravior
1337 1517 1401 1548 illis
1422 1518 1521 1547 moles
1544 1517 1692 1548 incubuit
1715 1516 1790 1547 duni
1815 1516 1854 1547 ad
1879 1516 1989 1547 solitas
2008 1516 2149 1546 exactio-

1184 1571 1240 1590 nes
1275 1560 1397 1590 addidit
1431 1565 1591 1601 tyrannus
1626 1565 1661 1590 ut
1693 1559 1882 1600 colligerent
1917 1558 1978 1589 sibi
2011 1558 2150 1599 paleam.

1184 1602 1240 1634 Sic
1263 1604 1349 1634 enim
1376 1604 1443 1633 Deo
1466 1603 1560 1633 fidem
1594 1614 1726 1633 suorum
1758 1603 1894 1643 probare
1924 1601 2017 1632 libet:
2048 1605 2080 1632 et
2103 1601 2150 1633 sic

1183 1657 1294 1676 eorum
1319 1646 1442 1676 animos
1461 1651 1565 1677 terrae
1585 1646 1681 1676 nimis
1699 1645 1815 1676 affixos
1833 1645 1866 1675 in
1890 1644 2026 1676 sublime
2045 1643 2149 1675 attolli

1183 1689 1352 1725 convenit,
1377 1689 1452 1719 dum
1478 1689 1601 1729 gratiae
1625 1688 1685 1720 sibi
1709 1689 1885 1728 promissae
1916 1687 2058 1719 fructum
2083 1697 2148 1718 non

1184 1732 1345 1771 extemplo
1370 1732 1565 1772 percipiunt,
1595 1732 1659 1762 imo
1685 1731 1758 1762 dum
1783 1730 1863 1761 nihil
1894 1731 2038 1762 sentiunt
2061 1729 2149 1761 aliud

1184 1786 1223 1805 cx
1237 1774 1297 1805 Dei
1312 1776 1421 1806 favore
1434 1776 1491 1806 sibi
1506 1775 1614 1805 afferri
1630 1785 1726 1814 quam
1741 1780 1776 1805 ut
1789 1774 1928 1805 deterior
1947 1774 1989 1804 sit
2001 1774 2147 1813 ipsorum

1184 1817 1332 1848 conditio.
1378 1818 1448 1849 Hoc
1471 1818 1619 1848 meditari
1645 1817 1739 1848 valde
1762 1816 1853 1848 nobis
1883 1817 1961 1847 utile
1992 1821 2056 1853 est,
2087 1825 2150 1855 quo

1185 1861 1316 1899 aequius
1351 1867 1381 1891 et
1415 1861 1570 1900 placidius
1604 1860 1745 1892 feramus
1778 1870 1871 1891 cruce
1905 1870 1964 1891 nos
1994 1864 2025 1890 et
2055 1858 2154 1890 rebusv

1185 1902 1330 1934 adversis
1350 1904 1388 1934 ad
1409 1914 1549 1934 amorem
1569 1907 1601 1934 et
1620 1903 1760 1934 studium
1783 1903 1937 1934 bonorum
1961 1902 2150 1933 coelestium

1186 1946 1355 1977 stimulari.
1402 1947 1506 1977 Hodie
1530 1946 1639 1977 multis
1663 1946 1868 1986 evangelium
1893 1945 2003 1976 odium
2022 1945 2150 1981 conflat,

1185 1989 1264 2019 alios
1299 1990 1403 2028 privat
1438 1990 1505 2020 suis
1540 1989 1674 2026 delitiis,
1710 1989 1781 2020 aliis
1815 1989 1950 2028 abrogat
1983 1988 2149 2025 honorem,

1187 2032 1257 2062 aliis
1281 2032 1437 2063 iacturam
1463 2034 1557 2063 atl'crt
1581 2032 1753 2068 bonorum,
1789 2032 1867 2062 alios
1898 2041 2041 2068 earcere,
2069 2030 2149 2061 alios

1186 2075 1298 2105 exsilio
1322 2075 1453 2111 multat,
1485 2076 1637 2115 quosdam
1670 2076 1754 2114 rapit
1784 2075 1815 2104 in
1849 2075 1932 2104 vitae
1962 2073 2149 2104 discrimen:

1187 2117 1300 2148 deinde
1324 2129 1385 2157 quo
1409 2119 1510 2158 inagis
1533 2128 1623 2148 suam
1649 2118 1825 2157 potentiam
1849 2116 1969 2147 exserit
1982 2115 2081 2153 Deus,
2108 2126 2150 2147 ex

1187 2161 1288 2191 altera
1312 2166 1402 2200 parte
1425 2160 1612 2192 accenditur
1635 2160 1777 2192 Satanae
1800 2159 1917 2197 rabies.
1949 2164 1981 2190 et
2008 2158 2150 2190 atrocius

1187 2204 1336 2234 saeviunt
1359 2204 1457 2243 impii.
1504 2203 1576 2234 Hoc
1598 2203 1786 2234 scandalum
1818 2213 1876 2234 nos
1906 2202 2050 2243 graviter
2075 2212 2148 2233 conu

1186 2252 1324 2282 0010101,
1354 2246 1415 2277 nisi
1440 2247 1497 2277 hoc
1522 2246 1670 2285 exemplo
1700 2245 1857 2276 admoniti
1887 2245 2043 2276 sciremus
2067 2243 2150 2275 tanti

1188 2289 1279 2319 nobis
1310 2288 1424 2319 debere
1455 2299 1522 2320 esse
1552 2288 1820 2319 inaestimabilem
1850 2289 1988 2328 gratiam
2013 2287 2151 2327 quaein

1187 2332 1317 2363 Christo
1341 2332 1488 2368 offertur,
1524 2337 1559 2362 ut
1589 2342 1666 2371 prae
1694 2332 1762 2371 ipsa
1792 2341 1909 2371 susque
1934 2330 2035 2370 deque
2059 2330 2151 2361 nobis

1187 2376 1252 2405 sint
1282 2374 1426 2412 divitiae,
1458 2374 1610 2409 honores,
1640 2380 1671 2405 ct
1700 2374 1855 2414 quidquid
1887 2374 1973 2404 inter
2000 2372 2155 2404 mort-ales

1187 2417 1365 2456 expetitur:
1411 2418 1569 2457 quaelibet
1609 2417 1706 2448 etiam
1747 2417 1949 2448 incommoda
1989 2415 2153 2456 despicere

1188 2460 1357 2490 molestum
1383 2461 1472 2491 nobis
1497 2472 1559 2491 non
1583 2461 1632 2491 sit.

1272 2503 1300 2533 9.
1334 2503 1528 2542 Ayyravetur
1563 2513 1633 2543 erqo
1665 2503 1806 2533 servitus.
1863 2501 2023 2541 Quamvis
2056 2501 2153 2532 sciret

1191 2546 1316 2575 Pharao
1351 2545 1536 2576 immaniter
1569 2556 1602 2577 se
1637 2550 1775 2576 tractare
1808 2546 1943 2576 miseros
1977 2544 2153 2581 Israelitas,

1189 2589 1242 2628 qui
1274 2588 1452 2618 debuerunt
1476 2590 1614 2629 benigne
1645 2594 1677 2619 et
1706 2588 1880 2619 clementer
1904 2595 2054 2627 tanquam
2080 2587 2153 2617 hos—

1191 2631 1272 2671 pites
1285 2630 1394 2670 accipi,
1419 2637 1526 2662 tamen
1539 2632 1602 2662 otio
1622 2641 1675 2662 eos
1687 2631 1776 2662 abuti
1796 2630 1882 2667 dicit,
1907 2630 2155 2662 etideotumul-
