2304 3034
183 187 243 218 199

181 282 242 311 rite
266 278 414 310 accedere
438 276 476 307 ad
504 276 562 306 Dei
586 275 739 312 scholam,
759 274 820 305 nisi
844 274 898 314 qui
920 279 995 304 ante
1022 274 1149 314 purgati

182 323 245 354 5101
271 333 287 352 a
311 321 376 351 suis
394 318 551 350 sordibus.
603 318 647 348 Et
678 328 755 348 sanc
786 316 868 357 quod
893 316 986 346 multi
1012 316 1149 356 legendo

184 365 233 396 vel
268 362 425 395 audiendo
455 361 535 391 nihil
567 361 738 400 proficiunt
769 360 803 390 in
832 359 961 390 coelesti
993 359 1149 399 doctrina7

182 409 265 439 iusta
289 411 336 436 est
369 415 491 435 merces
522 404 676 443 indignae
700 402 948 442 profanationis:
984 402 1058 441 00111
1081 402 1149 432 5100

183 456 269 481 metu
289 455 343 479 aut
368 447 550 478 reverentia
573 447 664 486 quasi
689 445 726 476 ad
748 445 909 476 ludicrum
929 445 1149 493 spectaculum

182 493 377 530 irrumpunt.
425 489 543 520 Merito
579 490 685 528 itaque
719 498 865 528 piaepai
858 488 921 518 1110
956 488 1147 527 1010001101,

182 545 262 574 quae
286 532 458 572 discipulos
481 532 597 562 foimct
622 532 705 568 Deo,
737 536 769 562 et
798 531 837 561 ad
868 514 1069 561 discendumO
1080 530 1147 560 ido-

182 587 258 608 neos
294 575 415 606 redd-it.
464 575 535 605 Etsi
566 579 675 605 autem
702 574 874 614 praecipue
899 573 1075 613 requiritur
1098 574 1148 603 in-

181 620 279 650 terior
300 618 403 649 cordis
427 618 562 657 puritas,
586 628 649 647 non
676 624 783 647 tamen
808 616 933 647 inutilis
957 616 1019 646 fuit
1041 627 1147 647 caere-

181 662 289 693 monia
312 672 392 700 quae
416 659 527 691 rudem
552 660 708 700 populum
732 659 771 689 ad
795 658 1015 690 meditandam
1036 669 1147 689 veram

181 705 383 735 sanctitatem
419 703 643 734 assuefaceret.
696 702 815 733 Vestes
849 701 977 741 quidem
1009 702 1146 737 abluere,

181 755 211 778 et
246 747 406 778 abstinere
439 756 457 776 a
487 752 556 776 toro
590 745 768 785 coniugali,
812 756 862 775 res
897 755 954 784 per
987 755 1020 775 se
1054 744 1147 774 nihili

180 791 333 821 fuissent:
358 790 411 820 sed
436 789 511 819 (1001
535 789 662 819 externi
681 789 762 818 ritus
785 788 826 818 ad
844 788 1025 828 legitimum
1049 788 1146 818 finem

181 833 377 868 referuntur,
409 842 524 879 nempe
548 838 582 861 nt
606 831 784 871 spiritualis
808 831 914 862 cultus
938 831 1001 860 sint
1025 830 1146 861 exerei—

182 877 244 909 tia,
271 875 394 906 utiliter
418 875 571 914 pietatem
596 875 761 904 adiuvant.
809 874 853 904 Et
883 873 1001 904 scimus
1032 873 1146 906 Deum,

180 929 237 959 pro
266 918 420 965 temporis
450 917 588 955 ratione,
624 923 699 948 ante
730 916 852 947 Christi
876 915 1051 946 adventum
1075 915 1145 946 tali—

180 962 238 992 bus
273 961 384 995 1100115
418 971 512 991 usum
546 943 764 1000 101550,0011’0
799 970 886 990 nnnc
920 959 952 989 in
989 958 1146 998 evangelii

180 1004 325 1035 0110111110
346 1004 448 1033 locum
474 1014 537 1033 non
563 986 692 1034 babeiit.
740 1002 912 1033 Caeterum
946 1001 1006 1032 etsi
1036 1011 1146 1032 earum

179 1058 255 1078 usus
279 1046 444 1083 obsolevit,
469 1054 578 1077 manet
602 1053 711 1076 tamen
735 1045 790 1076 illa
814 1055 909 1085 quam
935 1044 1001 1074 dlx]
1015 1050 1144 1075 veritas:

179 1099 311 1129 nempe,
342 1089 369 1119 si
394 1089 541 1128 cupimus
565 1088 691 1119 admitti
715 1089 748 1119 in
773 1087 1054 1129 participationem
1078 1098 1146 1118 000-

179 1132 268 1163 lestis
294 1132 468 1169 doctrinae,
504 1137 539 1162 ut
562 1132 756 1162 mundemus
779 1142 836 1162 005
861 1131 899 1161 ab
923 1131 1011 1161 011101
1041 1130 1146 1170 inqui-

179 1181 333 1205 namento
357 1174 464 1206 earnis
488 1182 517 1204 et
542 1175 683 1214 spiritus.
731 1174 795 1205 Sed
817 1174 867 1204 hic
892 1173 1037 1204 nascitur
1055 1184 1148 1212 quae-

177 1218 253 1255 stio;
280 1228 355 1248 nam
378 1218 403 1248 si
428 1217 507 1248 fides
530 1217 626 1248 corda
646 1217 803 1257 purificat,
825 1221 906 1247 teste
920 1216 1027 1253 Petro,
1051 1216 1146 1246 fidem
1171 1219 1173 1224 ’

178 1271 255 1291 vero
290 1260 454 1300 praeeedit
484 1260 651 1291 doctrinae
681 1260 913 1300 intelligentia,
949 1258 1036 1299 (quia
1066 1263 1146 1289 teste

177 1304 282 1334 Paulo
307 1311 350 1334 051
377 1314 416 1334 cx
441 1303 568 1344 auditu)
592 1303 751 1343 sequitur:
784 1306 1029 1342 praeposterum
1060 1301 1144 1332 ordi-

178 1357 251 1377 nem
282 1346 396 1382 statui,
433 1352 468 1377 ut
502 1351 576 1377 ante
611 1346 715 1386 legem
748 1345 892 1376 auditam
927 1344 1146 1375 sanctificetur

177 1389 331 1430 populus:
368 1389 443 1429 (10111
467 1389 525 1420 1100
550 1389 644 1420 modo
668 1389 792 1419 tollitur
823 1399 901 1419 vera
924 1386 1144 1418 sanctificandi

177 1434 268 1463 ratio.
321 1432 530 1471 Respondeo:
561 1433 709 1472 quamvis
741 1431 835 1468 fides,
868 1436 1029 1471 quatenus
1063 1430 1146 1460 obla-

179 1480 246 1506 tam
286 1475 580 1506 reconciliationem
622 1479 653 1505 et
694 1475 844 1515 spiritum
890 1473 1145 1514 regenerationis

179 1518 397 1558 amplectitur,
433 1518 502 1548 50111
530 1528 589 1549 005
618 1528 693 1549 vere
722 1522 852 1558 purget,
878 1517 1013 1547 minime
1037 1520 1144 1547 tamen

177 1561 210 1592 id
245 1560 371 1591 obstare
418 1561 590 1609 quominus
632 1560 802 1601 praecedat
838 1559 901 1590 Dei
942 1561 1050 1595 timor,
1092 1558 1145 1598 qui

179 1604 277 1635 verbo
301 1603 408 1634 sedem
434 1604 467 1634 in
491 1604 608 1635 animis
632 1604 751 1635 nostris
779 1610 870 1644 paret
899 1602 941 1651 (2.
966 1603 1039 1634 Cer.
1065 1602 1092 1639 7,
1122 1604 1144 1639 1,

178 1648 251 1678 Act.
278 1646 325 1682 15,
351 1646 385 1684 9,
422 1647 515 1677 Rom
539 1646 679 1688 10,16).
735 1649 781 1677 Ac
811 1646 942 1686 proprie
976 1644 1145 1685 loquendo,

178 1690 268 1730 pium
303 1689 447 1720 discendi
481 1689 642 1726 studium,
687 1689 853 1720 humilitas
896 1693 928 1719 et
966 1687 1146 1719 reverentia

178 1732 253 1763 fidei
277 1733 405 1763 initium
430 1733 555 1764 censeri
580 1732 690 1763 debet:
714 1733 788 1773 qnia
812 1732 851 1763 ab
876 1731 927 1762 his
953 1730 1146 1762 rudimentis

178 1775 293 1825 incipit
328 1774 427 1813 Deus,
463 1781 498 1806 ut
533 1775 628 1806 fidem
664 1786 721 1823 per
754 1780 857 1806 certos
892 1785 1080 1814 progressus
1114 1773 1145 1803 in

179 1818 270 1891 11101115
302 1819 455 1858 perficiat.
503 1818 575 1849 Hae
609 1819 733 1849 ratione
756 1818 846 1849 iubet
869 1817 1006 1848 Iacobus
1029 1815 1145 1858 (Iacob.

180 1862 206 1898 1,
226 1861 289 1902 21),
311 1861 427 1901 spiritu
450 1861 711 1892 011050010111015
731 1861 894 1909 suscipere
914 1861 1050 1891 veibum
1064 1859 1146 1899 quod

180 1905 368 1940 seminatur,
399 1904 474 1943 quia
498 1905 591 1939 fastu,
622 1905 835 1940 contumaci&
861 1909 893 1934 et
917 1903 1051 1943 profano
1074 1912 1147 1933 000-

180 1953 306 1987 temptu
341 1946 447 1977 aditus
482 1947 710 1986 praecluditur.

178 1991 335 2029 pertinet,
359 1990 554 2020 sanctificari
578 1996 609 2020 et
633 1990 741 2020 lavare
767 1995 872 2020 vestes
895 2000 958 2020 non
983 1993 1149 2028 ponuntur

180 2038 334 2072 tanquam
366 2033 508 2070 diversa,
540 2032 594 2064 sed
626 2032 803 2064 seeundum
837 2032 966 2063 additur
995 2036 1148 2070 tanquam

181 2076 364 2115 symbolum
402 2076 527 2115 prioris.
579 2075 661 2106 Nam
695 2075 869 2106 ablutionis
900 2075 981 2105 ritus
1018 2075 1050 2104 in
1079 2074 1149 2113 lege

181 2125 323 2148 veterem
349 2118 501 2157 populum
533 2118 714 2156 admonuit,
747 2119 909 2149 nemiuem
934 2128 1027 2157 posse
1057 2117 1150 2146 aliter

181 2161 308 2200 placere
333 2161 412 2199 Deo,
437 2162 495 2191 0151
521 2168 550 2191 et
575 2162 793 2201 expiationem
818 2167 951 2200 quaerat
973 2160 1006 2190 in
1027 2159 1149 2190 Christi

183 2205 342 2243 sanguine
373 2211 403 2233 et
434 2205 542 2234 carnis
566 2204 713 2234 sordibus
737 2215 770 2235 50
794 2204 980 2243 abstergere
1011 2202 1149 2233 studeat.

183 2246 305 2277 Eodem
347 2246 499 2277 tendebat
541 2247 738 2277 abstinentia
778 2258 795 2277 a
830 2246 1010 2278 concubitu.
1068 2245 1150 2275 Nam

184 2290 243 2319 etsi
284 2290 436 2329 coniuges
479 2300 542 2319 non
579 2289 693 2329 polluit
727 2301 784 2320 nec
825 2289 1025 2319 contaminat
1065 2287 1150 2318 thori

185 2332 328 2368 societas,
354 2332 504 2362 monendi
530 2339 638 2362 tamen
664 2332 795 2363 fuerunt
818 2332 996 2368 Israelitae,
1033 2341 1151 2361 renun-

186 2375 334 2405 ciandum
371 2385 441 2405 esse
479 2374 581 2414 quoad
624 2376 693 2406 ficri
730 2382 833 2415 posset
874 2376 959 2405 curis
1003 2373 1178 2404 omnibns,

185 2418 332 2453 terrenis,
358 2423 387 2447 ct
413 2418 577 2448 exuendos
602 2429 714 2449 omnes
738 2419 844 2450 carnis
868 2418 1012 2453 affectus,
1038 2424 1073 2446 ut
1093 2415 1151 2446 toti

186 2460 224 2489 ad
240 2460 319 2499 legis
333 2460 478 2490 auditum
493 2461 608 2490 intenti
623 2469 741 2492 essent.
770 2461 862 2491 Volat
877 2460 1005 2500 quidem
1021 2465 1049 2489 ct
1064 2458 1150 2489 obte-

186 2503 231 2541 git
249 2503 388 2542 coniugii
403 2504 559 2534 sanctitas
580 2504 733 2543 quidquid
760 2512 803 2533 051
828 2504 978 2534 vitiosum
993 2503 1022 2532 in
1036 2512 1151 2533 concu-

187 2545 253 2574 bitu
280 2546 339 2575 viri
365 2552 394 2575 et
420 2546 581 2577 mulieris:
606 2554 730 2577 certum
747 2554 850 2577 tamen
878 2554 923 2576 est
941 2545 1059 2584 aliquid
1083 2556 1151 2574 esse
1177 2573 1178 2581 ,

188 2587 412 2625 distractionis,
438 2600 478 2619 nc
501 2599 612 2619 omues·
633 2590 758 2619 animae
779 2595 887 2629 partes
907 2595 1038 2627 occupet
1059 2587 1150 2626 spiri-

188 2630 283 2661 tualis·
308 2632 450 2668 affectus,
476 2631 550 2661 dum
577 2632 626 2662 vir
649 2632 688 2662 ad
713 2643 844 2663 uxorem
870 2631 1000 2662 accedit.

754 179 1125 212 COMMENTARIUS
1150 180 1198 211 IN
1219 180 1360 211 EXODI
1381 179 1479 210 OAP.
1504 178 1594 209 XIX.

1175 404 1176 411 ¹
1202 402 1401 441 praescripta
1426 401 1485 431 fuit
1509 400 1696 430 moderatio.

757 1946 851 1985 Quod
888 1946 926 1977 ad
961 1951 1174 1987 contextum,

1176 2249 1178 2257 '
1202 2243 1359 2283 spectavit
1383 2242 1500 2272 Moses.

1039 2630 1152 2668 Itaque
1177 2628 1179 2661 ξ

2107 177 2170 208 200

1204 274 1237 304 10
1278 277 1390 303 mutua
1432 272 1516 302 thori
1557 271 1752 311 obligatione
1792 271 1852 302 1100
1893 272 2014 311 exeipit
2047 272 2168 302 Paulus

1203 316 1244 357 (1.
1271 316 1343 347 Cor.
1368 316 1395 353 Τ,
1420 315 1462 356 5)
1493 320 1529 345 ut
1553 315 1747 354 precationis
1772 318 1804 344 et
1828 314 1937 344 ieiunii
1958 324 2054 345 eausa
2077 325 2167 354 sepa-

1203 367 1314 390 rentur
1338 341 1500 397 coniuges
1532 357 1685 388 Tenenda
1709 361 1757 387 est
1781 362 1888 387 tamen
1913 367 1993 396 quae
2013 356 2170 388 divinitus

1732 399 1844 439 Neque
1868 399 1952 429 enim
1977 405 2167 439 perpetuum

1202 444 1395 475 caelibatum
1419 443 1551 473 indixit:
1577 442 1631 473 sed
1657 448 1802 482 tempora
1826 442 1871 472 sie
1895 443 2033 481 partitus
2056 447 2105 473 est
2133 448 2169 473 ut

1202 488 1339 518 terrenis
1365 486 1604 526 impedimentis
1634 485 1729 516 soluti
1754 485 1929 521 Israelitae‚
1966 485 2098 515 liberius
2121 489 2169 516 to-

1201 535 1268 560 tum
1294 541 1385 561 50001
1412 529 1554 559 studium
1583 527 1622 559 ad
1652 528 1755 568 legem
1788 534 1976 558 reverenter
2005 527 2167 567 excipien-

1201 573 1273 604 dam
1298 572 1506 612 applicarent.

1288 616 1335 646 12,
1360 615 1401 645 Ec
1418 613 1620 654 praescribes.
1655 613 1727 643 Hoc
1751 613 1896 653 symbolo
1920 612 2075 643 admoniti
2100 613 2168 644 fue-

1200 665 1276 689 runt
1300 657 1469 689 Israelitae
1494 655 1706 687 fraenandam
1741 666 1811 686 esse
1842 656 1964 696 ingenii
1989 656 2167 694 lasciviam,

1200 707 1236 731 ut
1259 708 1382 732 tantum
1410 700 1448 730 ad
1473 700 1677 730 sobrietatem
1699 705 1864 739 saperent:
1890 699 1965 739 qnia
1978 698 2068 729 Deus
2088 698 2169 739 legis

1200 754 1277 775 suae
1302 743 1447 775 doctrina
1477 742 1605 773 nonnisi
1637 742 1789 781 parvulos
1823 741 1994 772 illuminat.
2042 741 2169 773 Scimus

1201 793 1320 826 (10111011
1357 787 1399 817 sit
1435 786 1582 825 ingenita
1620 785 1804 815 hominibus
1846 785 2028 822 curiositas,
2070 795 2165 824 quam

1199 840 1350 870 perverse
1375 834 1527 868 appetant
1558 833 1728 868 pcnetiire
1758 828 1791 858 in
1816 826 1875 858 Dei
1902 837 2034 864 arz,ean1
2069 837 2165 867 quam

1199 873 1350 903 audacter
1373 872 1433 902 sibi
1457 870 1661 911 induloeant.
1693 869 1768 911 (qna
1792 869 1922 900 licentia
1946 870 2166 910 exstinguitur

1199 916 1302 946 omnis
1338 915 1459 954 religio,
1494 919 1526 944 et
1560 914 1621 944 Dei
1656 912 1764 954 timor)
1799 923 1898 952 quale
1932 914 2047 943 merito
2078 912 2166 944 Deus

1199 959 1328 988 01011001
1353 962 1496 989 statuere
1520 956 1629 993 voluit,
1662 962 1693 986 et
1716 966 1901 996 perversam
1927 956 2080 987 scientiae
2103 956 2165 987 illi—

1199 1002 1279 1032 citae
1301 1001 1510 1040 cupiditatem
1535 999 1693 1030 cohibere.
1719 999 1896 1038 Optassent
1919 1009 2031 1030 omnes
2055 1000 2166 1030 venire

1198 1044 1302 1074 instar
1334 1044 1450 1081 1110515,
1482 1042 1519 1073 ad
1552 1042 1709 1073 familiare
1742 1042 1804 1072 Dei
1832 1041 2044 1081 colloquium:
2077 1042 2166 1082 atqui

1199 1086 1351 1117 iubentur
1378 1087 1463 1117 intra
1487 1091 1589 1116 metas
1613 1085 1797 1121 subsistere,
1828 1089 1864 1114 ut
1888 1085 1956 1115 Deo
1979 1095 2037 1125 per
2067 1085 2165 1116 inter-

1199 1134 1321 1169 pretem
1346 1129 1489 1168 loquenti
1508 1133 1652 1168 pareant.
1706 1128 1755 1158 Ita
1780 1127 1933 1167 probatur
1955 1128 2113 1159 modestia
2134 1132 2166 1159 et

1199 1172 1360 1208 docilitas,
1393 1172 1446 1202 ubi
1477 1181 1539 1201 non
1572 1171 1645 1211 plns
1673 1171 1825 1201 affectant
1848 1181 1942 1210 quam
1973 1180 2163 1202 eoncessum

1199 1222 1260 1251 est,
1290 1225 1326 1245 ac
1356 1226 1388 1245 se
1420 1215 1451 1244 111
1481 1214 1687 1244 revelationis
1718 1214 1810 1244 modo
1839 1214 2015 1244 continent.
2067 1213 2164 1253 Quod

1199 1265 1275 1288 tune
1301 1258 1400 1288 veteri
1425 1257 1541 1297 populo
1566 1256 1756 1287 mandatum
1783 1257 1855 1292 fuit,
1888 1256 1927 1286 ad
1958 1268 2015 1287 nos
2039 1267 2163 1297 quoque

1198 1300 1400 1337 extenditur,
1434 1305 1468 1331 ut
1502 1299 1639 1340 legendo
1670 1306 1700 1329 et
1727 1299 1887 1330 audiendo
1919 1310 1958 1329 ne
1982 1300 2163 1331 transsilia-

1198 1354 1269 1374 mus
1292 1354 1371 1383 quas
1386 1344 1475 1374 Deus
1499 1343 1590 1373 nobis
1613 1343 1759 1382 assignat
1782 1349 1894 1377 metas,
1921 1341 1975 1372 sed
2000 1342 2163 1374 doetrinae

1198 1387 1299 1416 forma
1323 1397 1417 1425 quam
1443 1385 1541 1416 tradit
1571 1386 1729 1421 contenti,
1764 1395 1844 1425 quae
1875 1385 1966 1416 nobis
1996 1385 2065 1416 vult
2094 1396 2163 1417 esse

1198 1428 1383 1460 abscondita
1418 1429 1527 1459 valere
1561 1429 1717 1458 sinamus:
1760 1435 1790 1458 et
1828 1428 1976 1467 quamvis
2012 1428 2164 1468 loquatur

1198 1473 1323 1502 eminus
1356 1472 1533 1509 nobiscum,
1567 1482 1607 1502 ne
1642 1470 1796 1501 distantia
1830 1470 1921 1501 nobis
1951 1471 1994 1501 sit
2022 1471 2161 1503 fastidio.

1197 1514 1309 1554 Neque
1333 1520 1439 1545 tamen
1471 1514 1509 1544 ab
1533 1524 1667 1545 ascensu
1691 1514 1840 1553 prohibet
1863 1514 2035 1553 populum,
2071 1516 2163 1554 quasi

1197 1559 1376 1597 propiorem
1401 1557 1521 1597 gloriae
1545 1567 1621 1587 suae
1644 1561 1808 1596 aspectum
1834 1556 1988 1592 invideat,
2014 1557 2069 1587 sed
2089 1558 2163 1597 quia

1197 1600 1353 1639 superbos
1372 1605 1405 1630 ct
1424 1600 1497 1640 plus
1517 1610 1617 1639 aequo
1631 1608 1819 1639 arrogantes
1833 1599 1872 1630 ad
1887 1600 2052 1630 modulum
2067 1610 2161 1631 sunm

1199 1643 1299 1682 redigi
1324 1643 1463 1682 expedit,
1491 1649 1527 1673 ut
1550 1642 1782 1673 imbecillitatis
1805 1653 1880 1673 suae
1904 1644 2162 1674 eommonefiant.

1197 1685 1267 1716 Iam
1297 1697 1359 1725 quo
1391 1687 1492 1725 magis
1522 1686 1700 1716 absterreat
1733 1685 1880 1716 homines
1910 1686 2010 1725 ipsos,
2046 1685 2163 1717 bestias

1198 1739 1323 1768 quoque
1348 1729 1421 1759 licet
1456 1728 1622 1768 innoxias,
1657 1728 1683 1758 si
1718 1729 1800 1759 fines
1835 1729 2042 1764 excesserint,
2076 1728 2164 1759 iubet

1197 1771 1343 1802 interfici.
1390 1771 1475 1809 Quid
1500 1771 1660 1811 significet
1684 1771 1855 1801 descensus
1880 1771 1941 1801 Dei
1966 1771 2060 1810 paulo
2088 1777 2164 1802 ante

1198 1815 1413 1854 exposuimus,
1438 1825 1552 1853 nempe
1576 1813 1883 1844 demonstrationem
1910 1815 2055 1845 virtutis:
2090 1825 2165 1854 quo-

1200 1858 1285 1887 niam
1311 1858 1378 1887 eius
1401 1858 1543 1887 essentia
1566 1867 1647 1895 quae
1677 1856 1802 1887 coelum
1834 1864 1864 1887 et
1896 1862 2016 1887 terram
2051 1857 2166 1897 implet,

1198 1900 1266 1931 loco
1290 1910 1354 1930 non
1379 1907 1536 1930 movetur.

1287 1943 1334 1973 13.
1372 1942 1440 1973 Non
1471 1945 1570 1982 tanyet
1600 1952 1667 1972 eum
1702 1952 1823 1972 manu-5.
1876 1941 1997 1972 Inscite
2035 1953 2165 1974 sensum

1200 1993 1411 2024 corrumpunt
1434 1985 1488 2024 qui
1508 1984 1698 2024 particulam
1719 1991 1747 2016 ’Ξ
1771 1983 1939 2015 resolvunt
1963 1985 1994 2014 in
2015 1985 2166 2016 adversa-

1201 2030 1310 2064 tivam,
1336 2028 1490 2067 alioquin:
1523 2039 1559 2058 ac
1583 2028 1608 2057 si
1635 2034 1756 2057 vetaret
1782 2027 1888 2057 Moses
1913 2038 2010 2058 mann
2034 2034 2167 2068 tangere

1201 2076 1341 2102 montem
1373 2070 1597 2101 denunciando
1626 2070 1832 2109 lapidationis
1855 2080 2002 2109 poenam.
2048 2070 2166 2101 Procul

1201 2115 1296 2144 etiam
1320 2114 1439 2144 absunt
1461 2124 1479 2143 a
1502 2124 1576 2143 vero
1600 2113 1652 2152 qui
1677 2113 1816 2152 praecipi
1837 2112 2026 2143 existimant
2049 2123 2089 2143 ne
2113 2113 2167 2144 alii

1201 2158 1279 2188 alios
1299 2163 1485 2196 sequantury
1507 2156 1564 2192 vel,
1586 2167 1625 2185 ne
1639 2156 1709 2194 quis
1729 2155 2019 2195 transgressoribus
2035 2167 2166 2186 manum

1202 2201 1358 2240 porrigat,
1402 2199 1578 2229 auxiliandi
1620 2209 1724 2229 causa.
1782 2198 1921 2228 Prorsus
1956 2199 2041 2228 enim
2080 2198 2167 2229 aliud

1546 2241 1628 2271 Nam
1654 2252 1716 2280 qno
1740 2241 1842 2280 magis
1867 2240 2072 2272 detestabiles
2096 2241 2166 2272 red-

1204 2286 1293 2316 deret
1323 2285 1375 2324 qni
1408 2284 1579 2314 temerario
1610 2285 1758 2323 ingressu
1787 2284 1868 2314 fines
1899 2293 1917 2313 a
1947 2283 2017 2314 Deo
2047 2285 2167 2323 positos

1205 2328 1387 2363 violassent,
1411 2327 1505 2357 iussit
1529 2326 1637 2366 procul
1662 2327 1798 2357 interfici
1825 2325 1983 2365 lapidibus
2007 2334 2061 2357 aut
2085 2327 2169 2358 iacu-

1203 2371 1259 2402 lis:
1295 2381 1330 2401 ac
1354 2371 1378 2401 si
1405 2370 1506 2400 labem
1532 2369 1761 2400 contraherent
1785 2370 1967 2408 quicunqne
1992 2370 2042 2400 vel
2068 2370 2168 2410 digito

1204 2425 1257 2445 cos
1280 2413 1512 2452 contingerent.
1559 2412 1699 2442 Perinde.
1723 2413 1822 2451 igitur
1845 2419 1894 2442 est
1917 2422 1952 2442 ac
1983 2412 2009 2442 51
2033 2412 2167 2444 anathe-

1204 2457 1280 2487 mati
1305 2455 1436 2486 devotos
1460 2455 1583 2485 iuberet
1608 2455 1714 2489 vitari,
1741 2467 1778 2485 ne
1803 2455 1880 2485 alios
1900 2465 1957 2485 sua
1976 2456 2167 2495 contagione

1203 2500 1381 2530 inficerent.
1419 2498 1528 2536 Quare
1552 2497 1723 2528 antithesis
1745 2503 1792 2527 cst
1815 2498 1898 2528 inter
1921 2497 2066 2528 diversas
2086 2508 2168 2528 mor-

1205 2543 1245 2572 tis
1269 2542 1402 2581 ⁴species:
1428 2551 1543 2580 nempe
1568 2540 1672 2578 ,eladio
1693 2541 1788 2570 ferire
1812 2545 1843 2571 ct
1867 2541 1980 2571 iaculis
1999 2542 2168 2581 configere,

1205 2592 1232 2615 et
1271 2595 1366 2614 mauu
1403 2584 1506 2613 scrire.
1552 2583 1722 2613 Caeterum
1754 2594 1793 2613 ne
1824 2594 1857 2613 se
1889 2584 1975 2614 reiici
2005 2584 2168 2614 existimet

1204 2627 1350 2667 populus,
1375 2632 1469 2665 atque
1492 2627 1535 2656 ita
1556 2626 1702 2665 repulsae
1723 2627 1898 2666 ignominia
1918 2627 2069 2664 offensus,
2090 2626 2169 2666 legis
