2304 3034
176 173 238 204 667

178 277 247 298 esse
271 262 500 304 imputandam,
524 270 619 299 quam
644 258 728 289 tanti
752 257 881 289 sceleris
905 255 1081 293 autoribus,
1105 267 1145 288 ne

177 309 311 345 iudices,
352 303 562 336 humanitatis
596 305 785 341 praetextu,
819 299 1025 331 severitatem
1061 300 1145 330 refu-

177 352 283 393 giant:
308 353 344 380 ut
366 356 460 387 saepe
483 344 642 384 contingit
664 354 718 375 eos
742 342 781 374 ad
801 343 931 374 inanem
955 342 1146 374 clementiae

177 394 313 434 speciem
343 390 513 421 deflectere
544 388 599 427 qui
630 397 695 417 non
718 386 799 417 satis
821 384 1010 425 expendunt
1033 386 1147 417 atroci-

178 442 276 467 tatem
307 433 391 464 mali.
438 431 569 462 Interea
597 429 725 469 oblique
754 427 935 460 subindicat
966 428 1089 466 Moses,
1119 428 1146 460 si

178 479 272 510 venia
305 476 401 507 detur
435 474 559 510 noxiis,
594 472 760 512 provocari
794 471 853 502 hoc
889 470 983 502 modo
1019 470 1146 502 vindic-

178 528 243 552 tam
275 520 308 550 in
343 523 448 549 totum
481 515 654 557 populum:
691 515 766 554 quia
797 514 989 554 impunitate
1019 514 1146 545 fovetur

177 562 339 603 iniquitas,
365 560 465 591 donec
488 560 591 590 instar
615 557 728 589 diluvii
752 557 903 588 exundet.
950 556 1019 587 Iam
1043 567 1147 596 poena

176 605 324 638 orbitatis
345 603 472 635 crimini
496 601 677 641 respondet,
708 601 781 640 quia
805 601 926 631 iustum
950 605 998 630 est
1021 600 1146 630 steriles

177 661 193 681 e
217 647 338 679 mundo
361 644 589 681 exterminari,
625 644 679 684 qui
703 643 885 674 adulterino
909 642 1032 673 semine
1055 652 1147 674 sanc-

176 698 245 723 tum
269 689 421 721 Abrahae
445 699 546 727 genus
570 697 777 726 eorrumpere
801 690 979 716 tentarunt.

261 733 312 765 22.
345 731 497 763 Cnstodzfte
530 731 641 769 itaque.
695 729 765 760 Iam
800 728 896 759 tertio
930 727 1095 759 Israelitas
1129 738 1147 758 a

177 777 325 819 gentium
348 774 529 805 imitatione
553 773 702 811 retrahit,
725 778 822 812 atque
844 776 880 802 ut
905 782 938 802 se
962 771 1149 802 contineant

176 822 263 852 intra
293 820 373 850 fines
403 817 484 858 legis
516 816 673 847 hortatur.
721 814 815 854 Quod
847 825 910 845 non
935 819 1055 844 temere
1078 814 1148 844 fieri

177 862 346 898 admonui,
382 860 457 901 quia
495 859 612 898 alioqui
647 858 799 899 proclivis
834 857 947 888 suisset
977 856 1085 896 lapsus
1114 857 1147 887 in

177 904 438 947 approbationem
458 902 562 933 malae
581 901 832 933 consuetudinis.
857 900 958 931 Porro
978 911 1017 930 ne
1036 899 1148 939 iugum

177 949 353 987 excutiant,
383 951 551 986 postquam
577 944 659 976 dixit
684 950 796 985 gentes
821 943 978 974 Chanaan
1003 942 1041 973 ob
1065 942 1148 973 eius-

178 991 265 1023 modi
283 989 565 1030 inquinamentum
588 987 697 1025 deleri‚
717 986 876 1027 adiungit,
895 986 955 1017 hac
968 985 1149 1017 conditione

177 1036 261 1075 ipsos
284 1034 353 1064 fieri
377 1038 483 1063 terrae
505 1030 670 1068 haeredes,
697 1035 731 1061 ut
755 1034 947 1070 separentur
969 1039 988 1059 a
1007 1028 1149 1069 profanis

178 1078 307 1109 illarum
331 1075 484 1107 moribus.

488 1272 552 1302 EX
571 1270 704 1302 DEUT.
730 1269 841 1301 XXV.

263 1360 311 1390 11.
339 1360 441 1398 Quum
474 1358 574 1388 rixati
607 1356 733 1394 fuerunt
762 1356 825 1386 viri
853 1354 948 1385 simul
979 1354 1055 1385 alter
1082 1364 1150 1385 cum

173 1404 283 1439 altero,
321 1405 348 1433 et
383 1401 543 1432 accesserit
576 1410 656 1430 uxor
689 1399 784 1430 unius
818 1401 850 1428 ut
884 1400 971 1428 eruat
1002 1398 1150 1428 maritum

174 1456 267 1477 suum
295 1456 309 1477 e
331 1455 427 1476 mauu
444 1443 649 1484 percutientis
672 1452 756 1478 cum,
787 1444 814 1472 et
836 1441 1001 1472 immiserit
1022 1450 1149 1471 manum

173 1499 284 1525 suam,
323 1487 618 1528 apprehendentque
648 1485 796 1524 pudenda
829 1484 914 1515 eius:
978 1483 1026 1514 12.
1065 1484 1150 1514 Tunc

174 1532 334 1563 abscindes
356 1540 486 1561 manum
507 1529 604 1566 illius,
628 1538 680 1559 nec
703 1528 809 1559 oculus
834 1530 905 1558 tuus
924 1529 1040 1566 parcet.

262 1618 353 1648 Dura
372 1617 424 1647 lex
448 1617 480 1646 in
505 1614 654 1655 speciem,
679 1613 734 1644 sed
757 1624 797 1644 ex
817 1612 908 1644 cuius
927 1612 1033 1652 rigore
1052 1621 1148 1651 appa-

175 1667 224 1691 ret
252 1665 452 1700 quantopere
483 1658 609 1698 placeat
633 1656 703 1687 Deo
737 1655 944 1691 verecundia,
980 1660 1013 1685 et
1035 1665 1149 1686 rursus

175 1703 411 1743 impudentiam
436 1701 648 1732 abominetur.
695 1699 789 1738 Quod
822 1699 848 1729 si
879 1699 914 1729 in
938 1708 1066 1738 pugnae
1088 1698 1149 1728 fer-

175 1757 269 1783 vore,
300 1746 356 1776 ubi
391 1745 490 1776 animi
516 1743 717 1783 perturbatio
749 1742 977 1781 intemperiem
1007 1746 1148 1777 excusat,

174 1789 302 1820 mulieri
333 1787 471 1828 capitale
501 1787 562 1817 fuit
591 1785 742 1826 pudenda
771 1785 868 1816 alieni
904 1784 965 1815 viri
997 1784 1149 1823 arripere,

175 1833 278 1863 multo
301 1832 410 1862 minus
434 1831 558 1871 ignosci
582 1829 686 1859 voluit
710 1828 800 1859 Deus
833 1827 999 1863 lasciviae,
1031 1827 1058 1857 si
1088 1836 1150 1865 qua

175 1875 292 1906 mulier
314 1874 448 1905 libidine
477 1872 618 1912 impulsa
641 1871 705 1902 tale
728 1870 848 1910 aliquid
873 1875 1038 1901 tentasset.
1085 1869 1149 1899 Ne-

176 1929 236 1958 que
261 1918 347 1948 enim
371 1917 504 1947 dubium
536 1921 585 1946 est
618 1915 697 1954 quin
729 1914 859 1949 iudices,
890 1914 923 1944 in
954 1911 1149 1943 vindicanda

176 1961 403 1995 obscoenitate,
424 1958 612 1989 ratiocinari
626 1957 800 1988 debuerint
815 1967 834 1987 a
853 1956 971 1986 minori
984 1955 1022 1986 ad
1037 1955 1148 1985 maius.

178 2004 320 2034 Additur
343 2003 439 2033 etiam
461 2002 670 2033 comminatio
693 2010 732 2030 ne
756 2010 878 2039 poenae
902 1998 1058 2038 asperitas
1082 1998 1150 2028 ani-

177 2057 246 2077 mos
270 2047 422 2081 inflectat,
446 2052 482 2075 ut
505 2044 619 2074 molles
642 2044 709 2074 sint
732 2049 828 2082 atque
852 2042 979 2072 remissi
1002 2041 1033 2071 in
1059 2050 1150 2071 exse-

177 2089 305 2129 quenda
328 2089 387 2119 hac
410 2087 564 2118 vindicta.
590 2086 656 2117 Nec
681 2096 757 2116 vero
781 2085 975 2116 excusabilis
998 2084 1059 2114 fuit
1081 2093 1151 2123 pro·
1175 2108 1176 2113 ,

178 2133 290 2167 tervia,
315 2131 462 2162 consulto
482 2129 638 2160 invadere
658 2136 783 2169 partem
803 2129 905 2163 illam,
928 2127 1021 2158 euius
1041 2136 1149 2166 aspec-
1175 2139 1177 2146 ν

178 2183 246 2205 tum
271 2181 303 2205 et
321 2180 506 2205 contactum
530 2178 637 2204 castae
657 2182 771 2202 omnes
794 2171 934 2202 feminae
959 2169 1152 2200 naturaliter

179 2218 356 2258 refugiunt.

880 162 1121 194 SEPTIMUM
1144 163 1464 197 PRAEGEPTUM.

2105 163 2167 196 668

1502 258 1567 290 EX
1588 258 1720 290 DEUT.
1744 256 1860 289 XXH.

1284 327 1333 358 12.
1355 327 1517 359 Fimbrias
1545 328 1642 365 facies
1669 327 1723 357 tibi
1751 326 1785 356 in
1812 327 1947 365 quatuor
1976 326 2041 357 oris
2069 328 2168 366 operi-

1196 370 1288 401 menti
1311 370 1363 407 tui,
1387 380 1445 410 quo
1469 371 1587 409 operies
1608 373 1643 401 te.

1282 430 1373 461 Haec
1392 440 1518 470 quoque
1541 430 1601 460 fuit
1631 439 1706 468 pars
1736 427 1909 466 castitatis,
1939 427 1988 459 vel
2018 428 2166 466 accessio,

1197 483 1306 504 curam
1332 472 1449 504 habere
1474 472 1604 512 pudoris
1628 472 1661 502 in
1693 471 1822 502 vestitu.
1870 470 1953 501 Nam
1984 471 2058 510 quia
2089 474 2167 503 tunc

1198 515 1401 546 femoralium
1433 526 1510 546 usus
1540 526 1602 546 non
1628 519 1712 551 erat,
1744 513 1772 544 si
1795 513 1876 544 forte
1899 517 2038 544 retectae
2060 517 2168 545 essent

1197 564 1306 599 partes
1331 558 1512 598 pudendae,
1537 559 1634 588 ianua
1664 556 1775 587 multis
1798 556 1929 596 flagitiis
1954 556 2169 596 aperiebatur,

1198 607 1230 632 et
1264 602 1355 632 multi
1392 601 1450 632 hac
1492 601 1620 632 licentia
1661 599 1754 639 quasi
1795 609 1854 639 per
1894 609 2037 630 errorem
2077 599 2169 631 abusi

1199 697 1236 718 eo
1256 687 1524 726 intemperantiae
1544 686 1698 726 quosdam
1719 695 1813 715 ruere
1837 688 1872 715 ut
1890 694 1982 716 suam
2001 684 2168 716 lasciviam

1199 740 1271 760 cum
1296 729 1449 761 dedecore
1474 729 1601 760 iactent.
1648 729 1738 759 Deus
1762 738 1838 768 ergo
1864 727 1998 758 lacinias
2029 728 2166 759 vestium

1199 773 1244 804 sic
1269 773 1369 803 voluit
1392 772 1501 812 ligulis
1524 771 1573 802 vel
1598 770 1752 811 laqueolis
1772 770 1942 811 adstringi,
1967 773 2004 801 ut
2027 781 2067 801 ne
2091 780 2169 802 casu

1200 815 1327 856 quidem
1359 820 1463 855 posset
1492 814 1697 854 discooperiri
1727 813 1812 853 quod
1844 813 1977 844 honeste
2010 816 2043 844 et
2077 824 2169 844 vere-

1199 858 1304 890 cunde
1335 869 1399 889 non
1430 858 1591 897 aspicitur.
1639 856 1733 895 Quod
1765 857 1791 887 si
1816 855 1855 887 ad
1886 856 2040 887 vestitum
2067 866 2170 897 usque

1200 901 1358 932 divinitus
1381 900 1544 941 provisum
1570 900 1646 937 fuit,
1675 904 1711 930 ut
1734 899 1921 939 pudicitiam
1944 898 2065 930 coleret
2087 899 2170 931 elec-

1201 949 1252 975 tus
1286 944 1439 984 populus,
1475 948 1505 973 et
1529 943 1640 974 sedulo
1674 947 1804 974 caveret
1843 941 1882 973 ab
1913 942 2001 972 omni
2042 942 2169 982 probro,

1200 987 1278 1018 satis
1306 992 1415 1027 aperte
1440 986 1537 1025 liquet
1561 996 1625 1016 non
1649 985 1744 1016 modo
1769 984 1930 1016 adulteria
1955 984 2057 1016 fuisse
2080 984 2171 1016 dam-

1200 1036 1291 1068 nata,
1323 1029 1377 1061 sed
1409 1027 1562 1069 quidquid
1586 1039 1685 1068 purae
1711 1028 1853 1060 castitati
1877 1031 2044 1068 repugnat.
2091 1028 2171 1059 Per-

1200 1083 1311 1113 peram
1346 1072 1433 1103 loeus
1470 1072 1521 1103 hic
1554 1071 1592 1102 de
1633 1072 1771 1103 fimbriis
1805 1071 1980 1111 exponitur
2014 1080 2096 1111 quae
2130 1069 2172 1101 ad

1200 1115 1419 1147 renovandam
1444 1114 1523 1154 legis
1547 1115 1737 1145 memoriam
1762 1114 1906 1145 vestibus
1936 1113 2170 1145 assuebantur:

1200 1159 1275 1199 quia
1293 1159 1345 1190 hic
1365 1158 1515 1188 decorum
1534 1157 1736 1189 solummodo
1756 1162 1788 1188 et
1807 1157 1959 1188 honestas
1973 1160 2170 1197 spectantur.

1505 1303 1567 1334 EX
1592 1302 1725 1334 DEU'P.
1749 1301 1864 1333 XXII.

1286 1373 1315 1403 5.
1353 1371 1470 1402 Mulier
1499 1381 1559 1401 non
1588 1371 1667 1410 feret
1694 1381 1785 1401 arma
1807 1371 1885 1407 viri,
1916 1379 1968 1401 nec
1995 1370 2101 1402 induet
2123 1369 2172 1400 vir

1200 1415 1345 1447 muliebre
1366 1415 1587 1446 vestimentum:
1610 1414 1684 1453 quia
1703 1413 1890 1445 abominatio
1905 1412 2033 1444 Ielzovae
2045 1412 2108 1445 Dei·
2126 1412 2172 1444 tm·

1201 1461 1243 1490 est
1265 1459 1436 1498 quicunque
1458 1457 1528 1489 haec
1549 1457 1634 1497 facit.

1288 1526 1378 1557 Haec
1412 1526 1507 1556 etiam
1550 1525 1715 1556 sententia
1754 1526 1789 1556 in
1823 1535 1943 1565 genere
1983 1524 2174 1565 pudicitiam

1201 1569 1421 1605 commendat,
1446 1569 1499 1599 ubi
1523 1569 1665 1608 periculo
1696 1569 1787 1600 Deus
1810 1568 1967 1605 occurrit,
1994 1577 2034 1598 ne
2057 1566 2175 1598 mulier

1202 1612 1369 1643 audaciam
1411 1612 1539 1651 colligat
1570 1611 1782 1642 excutiendae
1816 1611 2009 1651 modestiae,
2035 1614 2094 1641 aut
2123 1610 2175 1641 vir

1201 1655 1234 1685 in
1258 1655 1427 1685 mollitiem
1452 1662 1569 1685 natura
1592 1665 1651 1685 sua
1674 1654 1843 1695 indignam
1867 1654 2050 1695 degeneret.
2091 1653 2175 1684 Ves-

1201 1698 1282 1729 titus
1314 1708 1372 1737 per
1401 1707 1434 1728 se
1459 1708 1523 1728 non
1551 1697 1630 1728 adeo
1660 1703 1746 1728 esset
1774 1697 1885 1738 magni
1913 1696 2086 1728 momenti:
2117 1695 2175 1727 sed

1201 1741 1276 1780 quia
1316 1741 1402 1771 viros
1437 1741 1618 1771 effeminari
1658 1745 1753 1779 turpe
1788 1745 1851 1778 est,
1894 1740 1988 1771 sicuti
2022 1738 2175 1770 mulieres

1201 1789 1353 1823 appetere
1377 1784 1471 1814 virile
1490 1785 1522 1814 in
1542 1788 1637 1823 gestu
1657 1788 1689 1814 et
1708 1783 1823 1814 habitu
1846 1783 1953 1819 robur,
1977 1782 2176 1813 continentia

1201 1832 1234 1857 et
1258 1826 1413 1856 modestia
1438 1827 1650 1866 praecipitur,
1681 1836 1745 1857 non
1769 1831 1897 1857 tantum
1920 1825 2045 1856 decoris
2068 1834 2176 1861 causa,

1201 1868 1255 1899 sed
1282 1880 1322 1899 ne
1353 1879 1456 1909 genus
1487 1880 1588 1900 unum
1614 1869 1762 1900 licentiae
1786 1869 1907 1909 aliquid
1931 1868 2062 1899 tandem
2087 1867 2177 1898 dete-

1202 1912 1269 1942 rius
1294 1912 1417 1952 gignat.

1201 1961 1312 1994 poetae
1329 1954 1366 1995 ¹):

1323 2006 1405 2036 Quem
1427 2010 1564 2039 praestare
1583 2009 1674 2039 potest
1693 2006 1791 2031 mulier
1809 2006 1915 2039 galeata
1933 2005 2064 2038 pudorem

1319 2040 1390 2070 Quae
1409 2041 1476 2073 fugit
1495 2050 1510 2065 a
1529 2042 1614 2066 sexu?

1289 2082 1424 2122 Optima
1444 2084 1544 2123 igitur
1566 2083 1739 2124 pudicitiae
1771 2082 1919 2114 custodia
1942 2087 2007 2121 est,
2040 2082 2178 2114 honesta.

1204 2125 1340 2156 vestitus
1364 2126 1476 2158 forma.

1466 1912 1682 1943 Verissimum
1707 1922 1847 1952 namque
1870 1916 1919 1943 est
1945 1910 2027 1942 illud
2049 1910 2177 1950 profani

1291 2219 1318 2251 1)
1337 2219 1458 2245 Juvenal.
1480 2220 1535 2246 Sat.
1556 2221 1600 2246 VI.
1621 2219 1679 2246 252.
