2304 3034
102 204 163 234 349

826 200 1011 231 PRIMUM
1037 200 1302 232 PRAECEPTU
1311 201 1354 231 M.

2020 203 2083 234 350

102 298 211 329 docuit
245 298 368 333 Moses,
410 295 574 327 dimidiam
607 295 795 326 munditiem
831 293 881 324 vel
916 293 1063 323 mutilam
1090 300 1091 323 l
1118 294 1249 332 fluvios,
1290 295 1408 325 multos
1448 295 1550 335 pisces
1591 296 1765 327 fluviatiles
1807 307 1870 327 non
1912 297 2080 337 gignebat:

102 351 167 371 non
187 340 300 370 debere
314 341 383 370 Deo
402 339 538 370 obtrudi.
575 338 609 369 Si
623 338 671 368 eui
686 337 817 376 placeat,
842 346 956 366 rumen
976 346 1063 375 sym—

101 383 209 414 bolum
230 393 298 413 esse
317 383 463 412 internae
483 381 638 421 puritatis,
658 380 807 410 fissuram
828 388 903 409 vero
923 378 1063 417 ungulae

102 430 271 461 externae,
299 424 470 464 probabilis
499 424 579 453 forte
600 422 661 452 erit
684 421 854 452 sententia.
899 420 1063 459 Quoniam

101 468 182 498 mihi
201 479 234 498 111
254 472 394 497 mentem
417 466 507 497 venit
525 465 603 495 haec
627 464 799 501 distinctio,
823 464 970 502 quamvis
989 473 1063 493 acu-

102 511 143 540 tis
173 508 443 550 speculationibus
473 517 536 538 non
567 507 720 544 delecter,
754 506 786 536 in
819 505 960 536 medium
991 516 1063 545 pro—

102 553 185 583 ferre
208 551 305 588 volui,
330 551 375 582 sic
398 556 504 581 tamen
529 555 563 579 ut
585 549 685 579 libera
709 549 750 578 sit
774 549 895 579 electio.
934 548 1062 578 Interea

102 600 188 626 certo
212 593 385 625 tenendum
409 597 458 623 est
480 592 563 631 quod
584 601 684 630 nuper
704 590 778 628 dixi,
805 591 912 621 Deum
932 590 1062 630 exigere

102 637 236 668 solidam
265 635 472 672 munditiem,
503 644 560 665 nec
590 634 791 673 inquinatam
820 633 886 663 ulla
909 633 1061 663 mixtura.

102 680 180 710 Fuit
209 684 314 710 autem
345 676 518 717 prohibitio
541 675 669 706 Iudaeis
700 676 840 706 maxime
870 675 1005 705 molesta
1027 676 1060 705 in

101 722 196 753 suilla
219 731 321 757 carne,
345 720 419 759 quia
442 718 481 749 ad
505 718 624 749 victum
650 719 795 758 apprimo
818 717 984 748 commoda
1004 726 1060 754 est,

101 775 164 795 non
189 763 281 794 modo
305 762 379 802 quia.
401 772 499 792 suave
522 761 763 792 condimentum
793 766 841 791 est
871 761 942 791 aliis
973 761 1060 796 cibis,

101 807 156 838 sed
190 807 263 846 quia
297 804 371 835 inde
404 804 527 834 minore
567 810 698 843 sumptu
740 803 871 833 aluntur
911 803 1059 842 operarii.

100 849 177 880 Ideo
210 849 243 879 in
274 847 333 878 hac
363 851 454 886 parte
484 846 623 876 maxime
653 846 823 876 observata
852 845 913 875 fuit
936 845 1059 876 Iudaici

100 891 209 931 populi
232 889 351 927 religio.

99 934 210 973 pulum
233 932 272 962 ad
303 941 441 962 crassam
471 931 551 970 legis
582 930 825 971 abnegationem
855 941 969 971 cogere
994 931 1058 961 vel—

101 977 178 1011 lent,
202 980 327 1005 tantum
346 973 505 1012 urgebant
524 984 612 1004 esum
634 974 739 1004 carnis
759 973 917 1013 porcinae.
953 974 1059 1013 Atque

99 1019 174 1049 hinc
214 1017 336 1049 celebre
372 1016 512 1056 Augusti
554 1015 739 1047 dicterium:
775 1016 908 1046 Mallem
943 1026 1059 1055 porcus

98 1071 166 1092 esse
188 1059 327 1091 Herodis
350 1068 444 1098 quam
467 1059 569 1089 filius:
597 1059 680 1098 quod
705 1069 723 1089 a
747 1059 858 1089 suibus
882 1058 1057 1093 abstinens,

97 1103 233 1134 filiorum
257 1106 341 1132 esset
363 1101 515 1132 carnifex.
562 1101 664 1132 Porro
688 1106 723 1132 ut
745 1102 865 1131 maiore
895 1112 973 1132 cura
999 1101 1058 1131 hoc

98 1145 304 1176 interdictum
338 1150 505 1174 servarent
539 1143 667 1179 Iudaei,
709 1150 812 1175 taetus
852 1145 949 1174 etiam
991 1145 1057 1183 ipse

96 1188 216 1219 vetitus
245 1186 308 1217 illis
337 1186 413 1216 fuit:
447 1192 482 1217 ut
513 1197 576 1217 non
608 1186 701 1217 modo
734 1197 863 1217 carnem
894 1187 1056 1226 porcinam

95 1235 226 1271 gustare
250 1229 338 1259 nefas
361 1234 454 1267 esset,
477 1229 532 1259 sed
556 1231 653 1260 etiam
674 1229 825 1260 manibus
845 1235 992 1265 tractare,
1017 1240 1054 1259 ex

95 1283 156 1313 quo
185 1272 323 1303 occisum
353 1278 421 1302 erat
450 1271 579 1303 animal.
632 1271 755 1302 Eadem
791 1282 854 1302 non
883 1272 943 1302 fuit
974 1272 1056 1302 ratio

94 1315 201 1347 carnis
223 1314 369 1350 bubulae,
393 1319 450 1344 aut
473 1315 675 1345 vervecinae:
700 1315 774 1354 quia
797 1314 883 1346 cibos
907 1315 1056 1345 manibus

93 1362 233 1389 tractare
255 1367 384 1388 necesse
407 1361 464 1387 est.

178 1400 207 1430 9.
231 1399 296 1430 Hoc
318 1402 417 1430 autem
439 1399 596 1430 comedetis
618 1409 654 1430 esc
677 1399 817 1430 omnibus
839 1410 917 1438 quae
934 1402 1004 1430 sunt
1022 1400 1054 1430 in

94 1443 195 1482 aquis.
225 1442 286 1473 Hic
306 1442 400 1472 eti-im
414 1442 577 1481 plausibili
591 1442 714 1472 ratione
734 1442 864 1481 quidam
883 1443 917 1472 in
938 1444 1055 1482 pietate

94 1486 200 1516 minus
223 1485 388 1515 exercitati
411 1484 612 1515 contendunt
625 1485 728 1515 Deum
756 1485 806 1516 hic
830 1495 924 1525 agere
947 1492 1055 1525 partes

94 1527 222 1565 medici,
245 1533 276 1557 et
299 1527 479 1559 discernere
502 1527 588 1558 cibos
611 1527 756 1558 salubres
780 1538 798 1558 a
822 1528 935 1558 noxiis.
982 1528 1053 1558 Etsi

95 1574 204 1601 autem
226 1570 303 1600 satis
322 1581 339 1600 a
359 1569 490 1601 medicis
514 1570 591 1609 ipsis
617 1569 774 1600 refellitur
798 1580 909 1600 eorum
934 1571 1053 1609 opinio,

95 1618 131 1643 ut
154 1620 259 1643 tamen
283 1613 346 1644 illis
365 1613 535 1643 concedam
556 1613 639 1652 quod
655 1613 829 1652 postulant,
855 1613 936 1643 male
957 1614 1053 1644 ratio-

95 1655 252 1687 cinantur.
297 1655 395 1686 Aliud
424 1656 509 1686 enim
538 1654 606 1685 Deo
636 1655 834 1695 propositum
867 1656 926 1686 fuit
957 1666 1052 1695 quam

94 1697 203 1737 populi
225 1697 403 1729 valetudini
422 1698 607 1730 consulere:
632 1698 688 1728 sed
708 1699 781 1738 quia
800 1699 964 1738 negotium
984 1705 1053 1729 erat

95 1751 168 1771 cum
198 1739 269 1771 rudi
298 1741 427 1780 populo,
461 1746 554 1772 notas
585 1741 736 1781 vulgares
768 1740 902 1781 delegit,
937 1741 1053 1780 quibus

95 1782 249 1813 admoniti
271 1784 429 1823 gradatim
455 1784 551 1814 altius
574 1783 835 1814 conscenderent.
881 1783 1052 1814 Infinitum

95 1830 179 1856 esset
211 1827 356 1865 persequi
385 1836 463 1865 quas
494 1825 644 1866 Isychius
672 1826 841 1866 allegorias
875 1828 1051 1867 excogitat:

94 1872 125 1898 et
148 1868 282 1898 libenter
311 1879 413 1909 nugas
441 1869 512 1900 illas
543 1869 677 1909 sepelio,
712 1869 774 1900 nisi
804 1869 878 1908 quia
908 1869 1051 1909 plerique

397 888 479 919 Nam
509 899 606 927 quum
633 888 785 919 Antiochi
816 888 971 918 satellites
1002 898 1057 927 po·
1085 921 1086 924 Ἴ

95 1910 140 1941 sic
162 1909 201 1941 ad
224 1911 438 1942 curiositatem
463 1912 611 1951 propensi
635 1918 727 1946 sunt,
757 1918 791 1942 ut
814 1912 869 1943 vix
894 1912 1051 1951 placitura
1076 1924 1078 1946 ·]

95 1953 136 1983 sit
158 1952 219 1983 illis
242 1954 411 1991 sobrietas,
443 1954 543 1985 donec
572 1954 699 1985 vanitas
726 1954 950 1994 allegoriarum
976 1965 1050 1985 eon-

94 1995 178 2025 victa
205 1995 309 2027 fuerit.
360 1996 409 2027 De
447 1998 590 2036 squamis
624 2002 655 2027 et
688 1997 788 2027 scillis
822 1997 903 2028 nihil
937 1998 1050 2028 dicam.

94 2037 202 2068 Primo
235 2038 353 2069 intuitu
386 2039 414 2070 si
446 2039 637 2079 quibusdam
672 2039 814 2070 arrideat
853 2040 935 2079 quod
977 2040 1051 2071 dicit

94 2081 223 2111 nomina
247 2081 379 2120 piscium
405 2083 517 2118 taceri,
541 2082 693 2122 quoniam
718 2082 849 2113 ecclesia
876 2093 994 2113 nomen
1019 2084 1050 2113 in

94 2123 187 2154 terris
209 2134 271 2154 non
295 2125 432 2163 quaerit,
462 2135 531 2155 eam
556 2135 633 2155 vero
658 2125 816 2165 designari
847 2136 903 2165 per
932 2126 1050 2165 pisces:

95 2164 225 2195 videant
261 2167 415 2205 quomodo
455 2169 637 2205 conveniat,
678 2168 845 2198 ecelesiam
882 2179 946 2198 non
981 2179 1051 2199 esse

95 2207 157 2238 nisi
197 2208 231 2238 in
266 2209 369 2248 aquis:
405 2209 519 2240 deinde
550 2220 625 2241 aves
655 2220 738 2249 quae
768 2210 853 2241 coelo
888 2212 1051 2250 propiores

96 2254 181 2286 sunt,
200 2251 324 2281 excludi
344 2252 382 2282 ab
402 2252 460 2283 hoc
482 2251 615 2283 honore:
636 2253 738 2289 tertio,
759 2253 880 2284 munda
900 2254 1052 2284 animalia

96 2291 191 2327 refici,
216 2302 251 2322 ac
273 2294 299 2323 si
322 2294 361 2324 ad
383 2295 549 2325 ecclesiam
574 2306 636 2326 non
661 2296 857 2335 pertineant:
890 2302 1051 2335 postremo

96 2334 217 2364 censeri
240 2335 322 2366 inter
340 2336 467 2374 electos,
491 2348 626 2377 quorum
646 2349 762 2369 nomen
783 2339 815 2368 in
836 2340 930 2370 coelis
950 2340 1050 2379 scrip-

97 2381 164 2406 tum
185 2381 240 2414 est,
259 2388 311 2408 eos
330 2379 382 2417 qui
401 2390 459 2410 sua
477 2381 665 2420 contagione
686 2382 855 2420 inquinant
873 2382 1050 2413 ecclesiam.

97 2418 180 2448 Nam
203 2426 287 2449 certe
314 2431 353 2450 ex
382 2421 521 2460 piscibus
555 2423 649 2454 multi
673 2430 747 2454 sunt
771 2424 938 2455 immundi.
985 2424 1049 2463 Qui

97 2466 161 2490 tam
185 2462 358 2500 perspicuis
388 2465 562 2496 rationibus
593 2476 656 2496 non
680 2467 892 2506 acquiescent,
918 2478 971 2498 eos
994 2478 1049 2507 pa·
1075 2478 1077 2496 τ

96 2503 158 2533 tiar
180 2503 210 2533 in
235 2514 291 2534 suo
315 2504 496 2544 labyrintho
519 2518 635 2539 errare.
660 2509 750 2540 Have
773 2509 963 2549 simplicitas
987 2520 1050 2540 mo-

97 2545 195 2576 destis
217 2556 253 2576 ac
276 2546 426 2578 docilibus
446 2550 589 2587 sufficiet,
602 2552 704 2590 pisces
717 2552 787 2582 ideo
807 2563 870 2582 non
885 2553 1050 2584 numerari

97 2588 171 2627 quia
193 2588 293 2618 maior
314 2600 387 2629 pars
410 2591 504 2631 vulgo
526 2593 638 2632 ignota
657 2601 725 2624 erat
748 2594 891 2625 Iudaeis:
916 2606 1049 2634 quorum

96 2635 181 2661 terra
204 2640 299 2669 quum
331 2638 455 2671 praeter
483 2634 653 2666 Iordanem
684 2636 790 2668 nullos
820 2638 886 2668 fere
918 2638 1050 2669 haberet

1116 337 1233 367 marini
1257 343 1363 368 autem
1388 347 1451 368 non
1475 338 1718 369 advehebantur
1747 339 1808 370 nisi
1839 340 1871 370 in
1896 350 1983 371 oram
2008 341 2079 372 fini—

1116 379 1238 409 timani.

1202 422 1250 452 13.
1286 422 1371 453 Haec
1404 425 1503 453 atatem
1533 423 1788 455 abominabimini
1820 434 1857 455 ex
1894 425 2076 457 volatilibus.

1115 462 1207 502 Quae
1232 465 1339 495 avium
1363 470 1395 495 et
1418 465 1580 505 reptilium
1604 468 1725 505 species
1750 472 1909 505 vetantur,
1934 478 1988 499 eas
2012 469 2077 500 fere

1114 507 1296 537 communis
1330 518 1445 538 sensus
1480 509 1668 539 naturaliter
1702 510 1858 549 repudiat.
1915 510 1957 541 Et
1991 517 2077 543 certe

1115 559 1234 588 magna
1257 561 1296 580 ex
1320 556 1409 589 parte
1433 550 1639 589 indulgenter
1662 553 1727 592 egit
1754 552 1840 583 Deus
1864 564 1935 584 cum
1960 555 2076 593 populo

1112 602 1185 626 suo,
1218 603 1256 622 ne
1288 593 1438 623 oneribus
1469 593 1603 624 nimium
1634 595 1777 625 molestis
1808 606 1879 625 eum
1914 603 2074 635 gravaret.

1114 632 1198 671 Quia
1210 640 1317 665 tamen
1331 635 1495 665 hominum
1509 636 1669 676 ingluvies
1682 638 1835 668 monstris
1848 638 2008 669 interdum
2021 639 2074 670 ob-

1114 676 1259 713 lectatur,
1284 678 1385 708 voluit
1406 678 1494 708 Deus
1513 680 1608 709 etiam
1630 681 1659 709 in
1684 680 1795 719 parvis
1813 680 1908 712 rebus
1928 682 2074 713 fraenum

1114 720 1179 749 suis
1211 720 1349 755 iniicere,
1381 732 1419 750 ne
1443 731 1475 751 se
1496 731 1566 751 cum
1592 721 1773 753 bominibus
1797 724 1938 762 profanis
1962 724 2001 754 ad
2025 725 2074 755 in-

1114 763 1361 801 temperantiam
1383 763 1585 802 proiicerent,
1607 775 1686 803 quae
1700 764 1815 796 deinde
1834 776 1887 797 eos
1906 766 2073 806 pollueret.

1113 804 1298 835 Periculum
1313 806 1397 835 euim
1411 811 1480 835 erat
1504 817 1541 836 ne
1554 806 1646 837 foeda
1668 807 1820 838 animalia
1843 809 1996 846 vorando,
2019 809 2073 840 ob-

1112 846 1319 878 durescerent
1343 847 1381 878 ad
1406 848 1483 878 alias
1507 849 1664 887 quaslibet
1687 851 1895 890 corruptelas.
1932 851 2074 883 Additur

1113 889 1174 919 alia
1198 890 1266 926 lex,
1299 896 1333 920 ut
1362 901 1424 920 non
1450 891 1551 920 solum
1582 891 1764 923 abstineant
1794 893 1832 924 ab
1856 905 1927 932 esu,
1956 905 2070 926 verum

1112 932 1208 962 etiam
1240 933 1264 962 si
1300 933 1381 971 quod
1416 933 1533 963 animal
1564 934 1766 965 immundum
1801 936 1897 966 fuerit
1925 938 2073 976 occisum,

1112 985 1152 1004 ne
1177 985 1209 1005 se
1228 975 1450 1005 contaminent
1469 982 1553 1006 tactu
1568 977 1746 1008 cadaveris:
1771 978 1835 1009 imo
1855 979 1880 1009 si
1901 989 1974 1010 vasa
1996 980 2074 1011 fuis-

1112 1023 1182 1047 sent
1206 1023 1362 1051 contacta.
1387 1024 1422 1047 ut
1445 1018 1555 1048 ficlilia
1574 1019 1701 1058 quidem
1722 1020 1917 1061 frangerent,
1941 1022 2003 1052 alia
2021 1033 2073 1054 au-

1112 1064 1174 1089 tem
1195 1059 1370 1090 abluerent.
1401 1059 1534 1090 Videtur
1552 1072 1603 1091 res
1623 1061 1718 1093 fuisse
1738 1063 1877 1093 minuta:
1901 1064 1928 1094 si
1947 1075 2018 1095 mus
2037 1065 2071 1095 in

1110 1113 1188 1132 vase
1212 1103 1343 1141 aquario
1362 1103 1541 1134 exstinctus
1561 1104 1650 1139 foret,
1677 1115 1732 1135 vas
1751 1106 1854 1145 ipsum
1876 1117 1944 1137 esse
1964 1107 2070 1138 foeda-

1110 1148 1194 1175 tum:
1227 1145 1351 1175 videtur
1381 1146 1475 1176 ctiam
1507 1146 1695 1177 immodicus
1734 1147 1831 1178 fuisse
1855 1148 1955 1188 rigor,
1986 1149 2071 1189 quod

1111 1188 1187 1217 iussi
1220 1193 1296 1218 sunt
1322 1187 1446 1224 Iudaei,
1478 1189 1503 1218 si
1535 1189 1617 1228 quod
1643 1189 1705 1220 tale
1729 1190 1846 1221 animal
1881 1192 1914 1221 in
1944 1191 2069 1223 labrum

1111 1230 1270 1260 vinarium
1295 1229 1468 1265 ceciderat,
1499 1236 1530 1261 et
1564 1231 1628 1262 illic
1659 1232 1764 1263 fuerat
1794 1240 1973 1271 mortuum,
2005 1245 2068 1265 non

1110 1272 1204 1303 modo
1224 1272 1389 1303 effundere
1407 1273 1525 1309 vinum,
1545 1274 1599 1304 sed
1621 1285 1676 1305 vas
1691 1274 1861 1315 dissipare:
1883 1277 1955 1307 siin
1974 1278 2068 1308 furno

1110 1321 1193 1345 esset
1223 1316 1430 1351 suflbcatum,
1461 1316 1510 1347 vel
1541 1317 1571 1346 in
1604 1316 1673 1347 foco
1700 1317 1864 1355 iacuisset,
1897 1324 2068 1359 utrumque

1109 1358 1249 1388 diruere:
1272 1359 1360 1397 quasi
1384 1357 1422 1388 ad
1446 1369 1497 1388 res
1521 1369 1615 1389 sensu
1634 1365 1779 1391 carentes
1799 1366 1985 1400 penetraret
2003 1363 2068 1402 spi-

1108 1401 1234 1431 ritualis
1271 1401 1426 1440 contagio.
1485 1400 1607 1431 Verum
1642 1413 1767 1442 semper
1805 1404 1866 1434 Dei
1897 1404 2065 1435 consilium

1109 1443 1272 1474 attendere
1291 1444 1448 1480 convenit,
1472 1454 1509 1474 ex
1531 1454 1591 1483 quo
1610 1444 1769 1475 discemus
1792 1456 1855 1476 non
1875 1446 1952 1477 adeo
1971 1447 2067 1478 fuisse

1109 1487 1141 1516 in
1174 1486 1267 1516 rebus
1293 1486 1435 1517 leviculis
1459 1497 1605 1516 severum
1631 1492 1820 1524 exactorem,
1845 1494 1880 1519 ut
1901 1499 1975 1520 Suos
1998 1490 2065 1520 affi-

1108 1534 1200 1569 geret
1222 1539 1331 1559 earum
1356 1540 1463 1559 rerum
1486 1529 1717 1559 observationi:
1737 1530 1791 1560 sed
1815 1532 1969 1562 exercitia
1987 1532 2066 1563 haec

1108 1572 1214 1607 fuisse,
1239 1572 1354 1611 quibus
1378 1582 1411 1602 se
1433 1574 1668 1602 assuefacerent
1686 1572 1724 1602 ad
1745 1573 1895 1612 puritatis
1913 1574 2064 1612 studium,

1108 1614 1190 1653 quod
1212 1614 1277 1644 fere
1298 1615 1383 1644 inter
1403 1615 1546 1644 homines
1559 1614 1736 1654 negligitur
1758 1621 1811 1645 aut
1828 1616 1931 1656 friget.
1961 1616 2065 1647 Hodie

1106 1667 1230 1696 quoque
1244 1656 1391 1687 iubemur
1404 1667 1458 1687 ore
1472 1657 1563 1686 Pauli
1577 1656 1618 1697 (1.
1630 1657 1701 1687 Cor.
1712 1657 1759 1694 10,
1769 1657 1821 1699 31)
1835 1659 1987 1698 quidquid
1997 1660 2063 1699 agi—

1106 1710 1188 1735 mus,
1212 1700 1280 1730 sive
1298 1700 1438 1735 edamus⁷
1456 1700 1523 1729 sive
1542 1699 1695 1735 bibamus,
1717 1702 1835 1731 referre
1858 1701 1896 1731 ad
1916 1702 1978 1732 Dei
1997 1703 2063 1742 glo-

1106 1743 1201 1772 riani:
1226 1741 1280 1773 sed
1304 1742 1337 1772 in
1362 1743 1421 1772 hoe
1445 1742 1622 1773 differimus
1643 1753 1660 1772 a
1680 1743 1779 1772 veteri
1794 1744 1922 1782 populo⁷
1943 1745 2026 1783 quod
2046 1755 2064 1775 a

1105 1785 1280 1824 puerilibus
1306 1784 1496 1815 rudimentis
1511 1784 1609 1822 liberi,
1630 1790 1753 1815 tantum
1779 1785 1817 1815 ad
1832 1786 1861 1815 id
1876 1786 1958 1825 quod
1970 1788 2063 1826 spiri-

1104 1827 1189 1858 tuale
1213 1834 1261 1858 est
1284 1827 1464 1868 dirigimur,
1488 1826 1593 1857 cibum
1613 1831 1645 1857 et
1667 1832 1775 1866 potum
1797 1827 1953 1860 divinitus
1972 1830 2063 1861 nobis

1104 1870 1312 1910 suppeditari,
1336 1875 1371 1900 ut
1390 1870 1472 1900 vitae
1492 1874 1634 1900 autorem
1648 1880 1727 1909 pure
1740 1870 1891 1901 colamus.
1930 1871 2063 1904 Iudaeos

1104 1920 1227 1950 autem,
1259 1919 1291 1943 ut
1317 1918 1424 1943 essent
1447 1912 1484 1942 ad
1509 1912 1594 1943 hunc
1618 1913 1712 1942 finem
1733 1914 1934 1952 attentiores,
1963 1915 2063 1946 variis

1104 1955 1207 1986 modis
1231 1957 1374 1994 oportuit
1397 1955 1570 1986 stimulari:
1600 1955 1676 1985 dum
1701 1955 1763 1985 illis
1788 1955 1876 1986 Deus
1900 1958 2061 1997 praecepit

1104 1999 1215 2029 domos
1238 2009 1310 2028 suas
1335 1998 1372 2028 ab
1396 1998 1482 2028 omni
1505 1997 1596 2027 sorde
1620 2008 1716 2037 puras
1740 2009 1885 2033 serva-re,
1908 2010 1942 2030 ac
1967 2000 2060 2030 sedu-

1104 2042 1150 2072 los
1173 2051 1241 2071 esse
1265 2041 1296 2070 in
1321 2051 1403 2080 aqua
1426 2046 1457 2070 et
1482 2041 1564 2070 vasis
1587 2040 1734 2071 omnibus
1764 2040 1995 2072 custodiendis:
2026 2047 2061 2073 ut

1102 2084 1231 2115 assidue
1260 2083 1323 2113 illis
1353 2088 1427 2113 ante
1456 2082 1565 2113 oculos
1588 2088 1842 2122 repraesentaret
1864 2094 1959 2122 quam
1990 2085 2060 2115 dili-

1104 2133 1217 2166 genter
1240 2137 1292 2156 eos
1317 2125 1499 2155 incumbere
1529 2125 1626 2155 vellet
1655 2125 1686 2155 in
1720 2136 1827 2156 veram
1852 2127 2058 2158 munditiem:

1103 2170 1194 2200 sicuti
1219 2169 1364 2207 sequitur
1388 2169 1419 2197 in
1444 2168 1506 2197 fine
1526 2167 1648 2206 eapitis.

1189 2211 1237 2241 43.
1265 2211 1313 2241 Ne
1344 2211 1480 2249 napuras
1508 2210 1646 2241 reddatis
1672 2211 1796 2240 animas
1818 2213 1942 2242 vestra&
1986 2212 2059 2243 Non

1104 2255 1251 2294 proponit
1282 2253 1343 2283 illis
1375 2263 1484 2283 curam
1518 2252 1725 2290 valetudinis,
1756 2263 1814 2283 nee
1843 2254 2020 2293 periculum
2043 2265 2061 2285 a

1103 2298 1223 2328 morbis
1246 2296 1428 2331 denunciat,
1452 2296 1506 2325 sed
1531 2306 1569 2325 ne
1591 2306 1624 2325 se
1647 2296 1860 2334 coinquinent.
1902 2297 1945 2327 Et
1967 2297 2061 2328 subii—

1103 2342 1187 2371 citur
1206 2339 1322 2370 clarior
1334 2338 1511 2377 explicatio.
1537 2337 1621 2376 Quia
1634 2348 1690 2377 ego
1703 2337 1823 2368 Iehova
1836 2339 1925 2369 Deus
1944 2344 2059 2371 vester.

1075 2384 1077 2387 '
1103 2383 1309 2414 Sanctificate
1333 2391 1409 2421 ergo
1434 2391 1497 2417 VOS,
1521 2381 1593 2419 quia
1617 2385 1746 2411 sanctus
1769 2391 1851 2412 sum.
1897 2382 1997 2413 Porro
2021 2393 2061 2414 ne

1103 2430 1251 2465 putarent
1276 2434 1432 2454 summam
1458 2423 1585 2462 pietatis
1608 2423 1763 2453 inclusam
1796 2434 1864 2454 esse
1893 2425 1923 2454 in
1954 2429 2059 2456 exter—

1102 2469 1152 2499 nis
1175 2467 1393 2502 caeremoniis,
1429 2464 1659 2496 consideranda
1681 2465 1745 2495 illis
1767 2466 1827 2496 fuit
1850 2467 1911 2497 Dei
1935 2472 2060 2498 natura.

1102 2511 1184 2541 Nam
1220 2520 1318 2549 quum
1350 2508 1480 2548 spiritus
1514 2507 1570 2544 sit,
1602 2508 1729 2538 nonnisi
1760 2509 1970 2548 spiritualiter
1999 2510 2059 2542 coli

1103 2554 1180 2585 vult.
1212 2553 1263 2583 Ita
1286 2552 1437 2582 sanctitas
1461 2552 1492 2580 iu
1515 2550 1638 2580 delectu
1669 2551 1813 2581 ciborum
1844 2551 1982 2582 mediate
2008 2564 2059 2585 ac·

1101 2597 1233 2636 cipitur:
1257 2595 1330 2634 quia
1354 2605 1416 2625 11011
1436 2594 1496 2623 alio
1517 2592 1666 2623 tendebat
1685 2592 1887 2629 abstinentia,
1911 2605 2004 2634 quam
2026 2601 2061 2626 ut

1103 2650 1135 2670 se
1171 2639 1240 2669 Deo
1274 2641 1504 2675 consecrarent.
1562 2635 1701 2665 Proinde
1735 2636 1960 2668 inexcusabilis
2001 2639 2061 2669 fuit
