2304 3034
108 204 142 211 “”
800 195 1050 227 SECUNDUM
1077 195 1396 226 PRAECEPTUM.

107 203 169 235 003

106 296 313 338 probationes
335 297 426 326 erant
450 292 585 323 invictae
609 291 676 321 eius
699 289 837 320 virtutis,
882 287 977 320 Unde
1000 291 1064 318 sta—

107 345 199 370 tuere
213 337 378 374 debebant,
398 335 477 366 nihil
497 344 564 365 esse
583 332 794 363 metuendum
815 331 909 361 modo
928 331 1066 370 praeiret

107 382 207 419 Deus,
238 392 274 412 ac
304 378 434 420 proinde
462 377 538 407 certi
569 375 607 406 de
631 375 782 411 victoria,
805 384 869 404 non
893 373 1063 404 descende—

108 430 181 456 rent
200 423 239 454 ad
262 422 345 453 ullas
367 420 536 461 pactiones.
985 458 990 463 .
1056 458 1062 463 ᾗ

193 466 243 497 20.
269 464 427 495 Praeterea
448 461 631 492 crabronem.
657 459 817 498 Quoniam
841 458 937 498 longa
964 457 1064 488 Vltlerl

108 514 233 550 poterat
255 507 393 538 hostium
416 502 621 543 expugnatio,
651 503 677 533 si
699 511 798 532 manu
821 506 852 532 et
875 501 973 532 armis
997 505 1065 530 tan-

108 561 178 583 tum
211 547 371 582 sternendi
402 546 524 577 forent:
557 544 674 575 deinde
707 545 780 584 quia
820 544 874 574 vix
911 542 1064 574 credibile

109 598 188 631 erat,
211 592 326 624 omissa
349 588 530 620 defensione
558 587 644 618 ultro
674 587 819 627 iugulum
849 590 1063 625 porrecturos,

109 635 263 677 promittit
292 634 379 664 Deus
407 631 468 662 alio
496 640 620 669 quoque
649 629 743 660 modo
777 635 918 669 stragem
941 639 974 659 se
998 628 1063 658 edi-

110 685 219 710 turum
242 676 280 707 ad
303 685 355 706 eos
377 672 599 714 profligandos.
644 672 688 702 Et
710 682 751 702 ne
774 671 952 708 Israelitae,
987 670 1063 701 dum

109 721 216 752 hostes
234 719 359 758 fingunt
379 715 417 746 ad
436 714 651 746 resistendum
671 719 834 754 promptos
853 713 929 749 fore,
948 719 979 744 et
998 713 1062 744 ala-

110 773 187 799 eres,
211 760 377 792 turbentur
395 758 447 789 vel
467 756 636 797 trepident,
657 757 735 788 alios
755 756 815 788 sibi
834 757 951 786 milites
971 766 1062 796 prae-

109 811 156 836 sto
179 805 243 835 tore
263 802 351 833 Deus
373 800 579 840 pronunciat:
610 800 684 839 quia
708 799 880 831 crabrones
905 798 953 829 vel
982 798 1063 829 aliae

109 847 284 879 virulentae
315 842 467 874 bestiolae
503 842 655 882 profugos
695 853 804 873 omnes
845 842 1062 882 exstinguent.

108 888 229 921 Eadem
264 886 422 917 sententia
450 885 570 925 legitur
598 884 702 916 Exodi
733 884 774 915 23
803 885 914 924 capite.
968 883 1063 922 Quod

110 942 182 964 vero
204 929 360 970 pollicitus
384 929 486 958 fuerat
506 927 606 965 Deus,
629 927 724 958 Iosue
747 927 941 967 completum
966 927 1064 958 fuisse

107 976 330 1007 commemorat
361 970 468 1011 (Iosne
501 970 551 1007 24,
588 969 649 1011 12).
706 969 879 1002 Caeterum
903 970 977 1009 quia
1002 980 1064 1000 non

107 1027 170 1048 uno
190 1017 350 1046 momento
374 1012 556 1053 perdendae
577 1017 669 1043 erant
693 1018 805 1053 gentes
829 1012 912 1047 illae,
938 1023 977 1042 ne
998 1017 1063 1043 tac-

108 1059 158 1090 dio
180 1062 347 1098 propterea
370 1056 546 1086 labasceret
569 1055 722 1096 populus,
749 1055 798 1086 vel
813 1055 942 1095 segnior
955 1054 1065 1085 redde-

106 1106 205 1137 retur,
227 1104 353 1130 mature
376 1099 514 1129 occurrit
533 1098 631 1136 Deus,
654 1102 685 1128 et
708 1097 859 1128 admonet
879 1097 1063 1128 tarditatem

105 1144 188 1175 hano
209 1143 275 1173 fore
298 1141 425 1172 utilem:
457 1141 530 1180 quia
562 1140 730 1172 exstinctis
758 1139 907 1171 omnibus
938 1140 1062 1175 incolis,

105 1186 319 1224 irrumperent
348 1184 434 1214 ferae
464 1183 583 1214 bestiae
607 1184 638 1214 in
664 1193 796 1214 vacuam
822 1187 950 1213 terram.
996 1183 1065 1214 Mo-

104 1229 183 1259 lesta
206 1227 305 1268 igitur
328 1237 391 1257 non
415 1225 523 1257 debuit
546 1237 616 1257 esse
638 1226 766 1265 longior
785 1225 858 1256 belli
877 1226 1061 1265 protractio,

103 1271 136 1302 in
159 1280 220 1310 qua
239 1270 329 1300 Deus
351 1268 459 1308 populi
483 1268 579 1300 saluti
603 1268 799 1305 consulebat,
825 1269 898 1307 quia
922 1268 1061 1299 homini—

103 1313 161 1346 bus
184 1312 329 1344 celeriter
351 1311 474 1349 deletis,
499 1311 682 1342 bellandum
707 1322 779 1342 cum
803 1311 879 1342 feris
895 1311 1061 1351 sylvestri—

103 1357 162 1388 bus
191 1354 311 1386 fuisset.
354 1354 450 1384 Illum
483 1364 559 1396 vero
582 1364 675 1393 quem
700 1353 798 1384 citavi
822 1354 925 1384 locum
947 1352 1060 1391 Exodi,

103 1398 228 1430 tametsi
252 1397 357 1428 verbis
380 1396 492 1428 similis
516 1402 572 1433 est,
596 1396 741 1428 consulto
760 1396 791 1426 in
812 1396 874 1427 alia
895 1396 996 1427 classe
1017 1396 1061 1427 lo-

104 1441 186 1473 cavi:
215 1440 288 1480 quia
316 1450 401 1470 nunc
426 1438 515 1470 Deus
544 1439 576 1469 in
601 1439 700 1470 alium
726 1439 821 1470 finem
846 1439 884 1469 de
908 1440 1061 1470 extermi-

103 1482 218 1515 nandis
236 1482 387 1523 gentibus
406 1481 542 1520 disserit,
567 1493 606 1512 ne
626 1481 699 1521 quid
718 1481 839 1513 scilicet
858 1492 896 1512 ex
919 1482 1061 1522 antiquis

103 1525 331 1568 pollutionibus
364 1525 397 1555 in
432 1530 516 1555 terra
550 1524 715 1555 residuum
753 1530 896 1562 maneat,
936 1534 995 1556 nec
1029 1535 1062 1555 se

104 1570 257 1600 misceant
280 1566 446 1599 Israelitae
469 1567 590 1607 impiis,
626 1578 760 1607 quorum
784 1567 906 1598 artibus
931 1567 1061 1598 tandem

104 1612 143 1644 ad
165 1610 270 1643 cultus
293 1609 492 1641 adulterinos
515 1609 755 1641 abstrahantur.

185 1653 235 1685 25.
261 1652 426 1692 Sculpt'ilia
448 1652 581 1683 deorum.
606 1652 722 1683 Finem
747 1653 851 1692 ipsum
873 1662 930 1683 cur
953 1653 1060 1693 profli-

104 1696 224 1738 gandae
259 1696 324 1726 sint
351 1700 480 1735 gentes,
517 1706 628 1726 rursus
656 1695 813 1726 inculcat:
845 1695 900 1726 sed
931 1695 1061 1736 longius

104 1749 195 1779 quam
220 1744 293 1769 ante
315 1738 527 1777 progreditur.
560 1738 646 1769 Deos
669 1738 774 1769 colere
797 1743 954 1776 vetuerat,
974 1749 1061 1770 nunc

105 1781 261 1821 sculptilia
285 1781 370 1811 iubet
391 1780 460 1820 igni
483 1791 686 1812 consumere:
718 1791 791 1811 nam
826 1787 861 1811 ut
885 1781 922 1811 ad
948 1791 1061 1820 supcr-

105 1824 262 1855 stitionem
286 1823 435 1863 proclivis
459 1828 527 1853 erat.
550 1823 696 1863 populus,
722 1823 800 1854 tales
825 1823 991 1854 illecebrae
1016 1824 1061 1854 fa-

105 1866 163 1898 cile
185 1877 255 1897 eum
279 1877 295 1896 a
319 1875 400 1906 puro
423 1865 484 1896 Dei
507 1866 595 1897 cultu
619 1865 822 1897 alienassent.
866 1866 932 1897 Nec
956 1866 1060 1897 solum

105 1909 241 1941 conflare
264 1918 376 1939 aurum
402 1914 432 1939 et
455 1917 625 1948 argentum
646 1908 742 1946 iubet,
767 1913 801 1939 ut
824 1909 962 1949 figuram
989 1919 1060 1940 mu-

105 1957 158 1988 tet,
181 1951 234 1983 sed
257 1951 343 1982 omni
368 1961 427 1982 usu
448 1951 620 1988 interdicit,
645 1952 795 1991 quoniam
816 1952 1001 1992 contagiosa
1020 1952 1061 1983 sit

105 1995 180 2025 lues.
205 1994 303 2025 Docet
327 1994 411 2024 enim
438 1994 543 2024 Deum
575 1998 739 2034 tantopere
762 1994 847 2025 idola
872 1994 1060 2032 abominari,

104 2041 139 2068 ut
161 2037 300 2076 quisquis
324 2036 490 2067 materiam
525 2036 610 2067 unde
633 2037 769 2067 conflata
800 2044 875 2068 sunt
907 2037 1060 2077 attigerit,

104 2079 310 2119 pollutionem
329 2078 403 2109 inde
422 2078 600 2115 contrahat,
620 2084 652 2110 et
671 2080 726 2110 fiat
741 2079 922 2110 anathema.
948 2080 1061 2111 Videri

104 2121 228 2162 quidem
258 2121 359 2161 potuit
393 2121 471 2152 haec
495 2122 595 2152 nimia
618 2123 788 2159 severitas,
819 2122 949 2153 metalla
980 2133 1060 2162 quae

105 2165 138 2195 in
161 2163 325 2194 hominum
346 2174 437 2194 usum
458 2169 565 2195 creata
584 2169 667 2202 sunt,
691 2165 888 2204 impuritatis
904 2165 1059 2203 damnari,

104 2216 139 2238 ac
168 2206 195 2236 si
223 2211 356 2237 naturae
378 2206 548 2246 integritas
571 2207 737 2238 hominum
762 2208 953 2247 corruptelis
976 2214 1060 2239 esset
1085 2233 1087 2244 ,

106 2248 250 2279 obnoxia.
293 2249 392 2288 Atqui
421 2248 481 2279 hoc
504 2248 597 2280 modo
620 2249 718 2280 solem
750 2255 781 2279 et
808 2249 917 2280 lunam
950 2256 1058 2281 conta-

106 2291 266 2321 minarent
293 2291 478 2322 idololatrae
509 2291 583 2323 dum
614 2292 678 2323 illis
715 2303 901 2332 perversum
937 2293 1059 2323 cultum

107 2333 274 2372 affingunt.
307 2333 580 2374 Respondendum
605 2342 651 2366 est
676 2345 787 2365 aurum
814 2335 864 2365 vel
888 2341 1058 2376 argentum

106 2375 203 2414 impio
230 2375 329 2406 abusu
351 2377 482 2407 minime
506 2377 604 2408 fuisse
636 2377 798 2408 vitiatum:
829 2377 883 2408 sed
914 2380 1059 2417 quamvis

107 2417 193 2449 omni
216 2417 337 2448 macula
360 2419 391 2448 in
415 2429 448 2449 se
471 2424 610 2456 careret,
642 2420 749 2460 populi
782 2426 927 2459 respectu
962 2422 1059 2452 fuisso

105 2460 270 2500 pollutum.

107 2502 189 2543 quod
215 2501 248 2531 111
278 2512 310 2532 se
340 2503 509 2543 quidquam
541 2505 698 2536 haberent
721 2505 972 2545 inquinamenti,
1003 2506 1058 2537 sed

106 2544 256 2585 quoniam
290 2544 376 2576 Deus
409 2556 516 2578 eorum
551 2558 606 2578 esu
641 2547 862 2579 interdixerat.
914 2548 1058 2579 Pollutio

106 2588 212 2626 itaque
242 2586 330 2618 cuius
356 2598 439 2618 nunc
468 2590 503 2620 fit
533 2590 672 2628 mentio,
693 2592 720 2621 'u
756 2590 853 2621 simili
888 2591 1058 2623 interdicto

104 2628 231 2670 pendet,
255 2629 328 2668 quia
350 2631 431 2660 enim
456 2632 547 2663 aliter
571 2633 712 2664 cohiberi
738 2644 800 2664 non
825 2638 952 2674 poterat
971 2634 1059 2665 rudis

325 2461 411 2492 Talis
433 2461 493 2492 fuit
516 2463 702 2493 animalium
728 2463 964 2494 immundities:
996 2475 1059 2494 non
1084 2494 1085 2499 ,

2019 198 2081 229 554

1118 288 1271 328 populus,
1301 288 1383 328 quod
1408 299 1464 329 per
1488 299 1521 319 se
1545 299 1660 328 purum
1685 293 1767 325 erat,
1803 290 1893 321 Deus
1917 291 2080 322 abomina-

1118 331 1180 361 bile
1214 342 1283 362 esse
1325 331 1443 361 voluit:
1488 332 1636 371 quamvis
1676 336 1783 362 autem
1819 333 1985 373 politicum
2022 334 2081 365 hoc

1117 374 1214 403 fuerit
1238 379 1453 413 praeceptum,
1478 380 1508 405 et
1532 379 1656 404 tantum
1683 375 1782 405 veteri
1806 376 1922 415 populo
1941 375 1979 406 ad
2000 380 2079 406 tcm—

1117 425 1176 454 pus·
1201 416 1321 452 datum,
1345 427 1385 447 ex
1399 427 1434 447 eo
1448 422 1556 447 tamen
1569 416 1751 457 colligimus
1768 428 1861 456 quam
1883 417 2081 449 detestabilis

1117 458 1159 488 sit
1178 458 1368 496 idololatria,
1393 470 1474 499 quae
1498 459 1568 500 ipsa
1592 459 1687 490 etiam
1702 460 1761 490 Dci
1786 470 1882 499 opera
1905 471 1962 492 sua
1981 461 2079 492 foedi-

1117 505 1181 531 tate
1204 502 1313 532 inficit.

1423 671 1485 702 EX
1504 671 1636 703 DEUT.
1661 671 1772 702 XXV.

1203 756 1250 786 17.
1276 756 1425 787 Memento
1458 757 1535 795 quid
1565 757 1672 796 fecerit
1704 756 1759 788 tibi
1793 757 1920 788 Amalec
1952 758 1984 788 in
2019 759 2079 797 via,

1115 800 1238 837 quando
1260 800 1373 839 eyressi
1399 799 1472 829 estis
1495 810 1531 829 ea·
1554 800 1706 839 Aeyyplos
1751 799 1798 830 18.
1833 800 1919 839 Quod
1948 800 2003 831 tibi
2035 811 2079 832 oc-

1115 842 1246 872 currerit
1267 842 1300 872 in
1323 842 1385 878 via,
1410 844 1436 871 et
1458 844 1484 872 te
1507 842 1540 872 in
1562 843 1662 873 cauda
1685 843 1820 883 aymim's
1844 853 2008 883 ayyressus
2027 844 2078 881 sit,

1115 885 1251 915 onmium
1273 883 1423 915 debilium
1440 886 1511 923 post
1535 886 1574 918 te,
1606 895 1701 923 Quum
1730 895 1810 916 esses
1832 885 1936 916 lassus
1959 889 1986 917 et
2006 886 2080 925 fati-

1113 929 1219 965 yacus,
1249 929 1274 957 et
1303 937 1362 957 non
1392 926 1527 957 timuerit
1554 926 1664 958 Deum.
1712 928 1759 958 19.
1789 927 1862 959 Erit
1895 938 1963 968 erqo
1985 939 2080 968 quum

1115 969 1231 1000 dederit
1258 970 1392 1008 requietio
1424 969 1535 1000 Iehova
1564 969 1651 1001 Deus
1684 974 1757 1001 tuus
1785 970 1840 1000 tibi.
1871 970 1908 1001 ab
1941 972 2080 1002 omnibus

1116 1012 1254 1043 inimicis
1283 1013 1345 1042 tuis
1369 1022 1428 1051 per
1455 1012 1632 1049 circuitum,
1663 1013 1696 1043 in
1727 1016 1809 1043 terra
1840 1024 1933 1052 quam
1967 1014 2080 1045 Ielzova

1116 1054 1204 1085 Deus
1226 1057 1298 1085 tuus
1319 1055 1373 1085 dac
1395 1054 1450 1085 tibi
1473 1055 1506 1085 in
1529 1054 1745 1085 haereditaten-1.
1770 1058 1800 1085 ut
1816 1056 1979 1095 possideas
2004 1067 2078 1094 eam,

1115 1097 1224 1128 delebis
1247 1097 1425 1128 memoriam
1439 1097 1565 1128 Amalec
1587 1097 1623 1128 de
1641 1097 1696 1128 5111»
1714 1098 1798 1135 coelo,
1822 1108 1858 1128 ne
1876 1098 2078 1131 obliviscaris.

1202 1182 1250 1213 17.
1284 1182 1434 1212 Memento
1467 1182 1543 1221 quid
1574 1182 1687 1221 fecerit.
1742 1183 1893 1214 Vidimus
1927 1183 2011 1222 alibi,
2042 1187 2078 1215 ut

1116 1226 1313 1256 Amalecitae
1333 1225 1429 1264 primi
1449 1224 1608 1255 hostiliter
1627 1225 1781 1256 irruerint
1804 1227 1835 1256 111
1859 1226 2021 1266 populum,
2045 1230 2079 1258 et

1116 1269 1219 1299 conati
1250 1268 1373 1299 fuerint
1404 1267 1466 1298 iter
1489 1268 1558 1298 eius
1585 1267 1785 1308 abrumpere.
1831 1269 1958 1299 Retulit
1980 1269 2077 1300 etiam

1116 1311 1223 1342 Moses
1254 1310 1316 1341 Dei
1348 1309 1499 1341 iudicium
1535 1310 1690 1341 adversus
1725 1311 1824 1350 ipsos,
1863 1312 1953 1342 cuius
1991 1322 2077 1342 nunc

1117 1354 1381 1393 exsequutionem
1413 1352 1528 1392 populo
1551 1353 1700 1393 iniungit.
1744 1353 1877 1384 Iurabat
1900 1354 1964 1385 illic
1988 1353 2077 1385 Deus

1116 1397 1303 1426 continuum
1335 1395 1393 1427 sibi
1418 1406 1474 1435 per
1496 1406 1607 1426 omnes
1630 1401 1751 1427 aetates
1774 1407 1846 1427 cum
1870 1396 1934 1427 illis
1958 1396 2077 1427 bellum

1116 1439 1197 1470 fore:
1228 1450 1267 1469 ne
1296 1439 1388 1469 irrita
1416 1443 1500 1469 esset
1529 1439 1749 1475 comminatio,
1784 1439 1935 1478 populum
1961 1440 2077 1470 consti—

1117 1482 1177 1512 tuit
1202 1481 1361 1513 vindicem
1388 1486 1495 1511 tantae
1519 1481 1674 1512 saevitiae
1703 1486 1734 1512 et
1764 1481 1946 1521 impietatis.
1992 1482 2076 1513 Nam

1116 1535 1214 1564 quum
1244 1524 1323 1554 nihil
1354 1523 1520 1555 molestiae
1547 1525 1598 1554 vel
1627 1523 1735 1554 damni
1758 1524 1821 1555 illis
1845 1524 2001 1555 inferrent
2031 1525 2077 1556 Is-

1116 1567 1263 1603 raelitae,
1294 1567 1450 1598 iniustum
1479 1573 1548 1598 erat
1571 1567 1670 1598 armis
1693 1566 1848 1598 lacessere
1879 1567 2076 1607 tranquillos,

1115 1616 1145 1640 et
1165 1609 1282 1649 absque
1304 1609 1460 1640 maleficio
1479 1613 1652 1650 pergentes
1671 1610 1704 1639 in
1728 1610 1824 1640 aliam
1848 1614 1976 1640 terram.
2010 1609 2076 1641 Sed

1114 1653 1245 1693 gravius
1269 1652 1308 1682 ab
1327 1652 1392 1683 illis
1415 1652 1534 1683 violata
1552 1652 1612 1683 fuit
1636 1652 1829 1691 humanitas,
1852 1652 1934 1692 quod
1958 1662 2076 1692 cogna-

1115 1696 1155 1726 tis
1185 1695 1250 1726 suis
1279 1705 1342 1725 non
1373 1694 1548 1734 parcendo,
1579 1694 1752 1726 abiecerint
1776 1699 1911 1725 naturae
1934 1706 2073 1726 sensum.

1113 1738 1309 1769 Amalecitas
1332 1748 1371 1768 ex
1394 1737 1498 1777 primo
1521 1737 1601 1768 libro
1615 1737 1715 1769 Mosis
1738 1743 1825 1778 patet
1848 1738 1946 1768 fuisse
1968 1742 2073 1777 poste-

1113 1792 1164 1812 ros
1189 1781 1274 1811 Esau
1297 1779 1394 1821 (Gen.
1419 1780 1468 1818 36,
1490 1780 1557 1821 12):
1582 1779 1668 1811 unde
1692 1781 1838 1820 sequitur
1856 1780 1952 1811 fuisse
1971 1784 2072 1811 utros-

1113 1835 1173 1864 que
1196 1823 1348 1854 oriundos
1371 1834 1410 1854 ex
1444 1823 1556 1854 eodem
1587 1827 1677 1863 patre
1706 1823 1805 1854 Isaac.
1852 1822 1915 1854 Sed
1946 1822 2074 1853 videtur

1112 1871 1318 1906 pracceptum
1350 1865 1409 1897 hoc
1440 1866 1551 1904 pietati
1580 1866 1714 1897 mininie
1743 1871 2010 1902 consentaneum,
2039 1869 2074 1896 ut

1112 1909 1237 1940 retaliet
1268 1908 1404 1948 populus
1433 1908 1555 1939 illatam
1580 1908 1639 1939 sibi
1669 1909 1827 1939 iniuriam.
1872 1907 2074 1948 Respondeo,

1112 1963 1175 1983 non
1199 1951 1358 1982 stimulari
1382 1951 1432 1981 his
1457 1950 1563 1982 verbis
1586 1951 1624 1982 ad
1645 1950 1819 1982 ulciscendi
1838 1950 1997 1988 affectum,
2018 1949 2073 1981 sed

1112 1994 1268 2030 mandari,
1293 1998 1328 2024 ut
1351 1993 1461 2024 eodem
1485 2004 1606 2033 poenae
1629 1994 1735 2034 rigore
1753 1997 1987 2033 persequantur
2006 2003 2073 2024 sce-

1113 2038 1179 2068 lera
1208 2036 1354 2073 Amalec,
1388 2047 1449 2076 quo
1479 2037 1614 2067 aliorum
1640 2038 1792 2076 gentium.
1838 2035 1977 2066 Videtur
2006 2036 2074 2075 qui-

1113 2080 1183 2111 dem
1217 2080 1342 2119 privato
1372 2084 1518 2118 respectu
1549 2078 1638 2110 Deus
1668 2080 1754 2119 ipsos
1783 2078 1960 2118 impellere,
1995 2078 2071 2109 dum

1112 2123 1224 2153 recitat
1258 2122 1425 2153 saevitiam
1460 2133 1522 2162 qua
1556 2123 1605 2153 usi
1638 2126 1730 2153 sunt:
1765 2122 1818 2152 sed
1857 2120 2009 2151 iudicium
2034 2120 2073 2151 de

1111 2165 1303 2205 legislatoris
1333 2164 1465 2195 consilio
1499 2165 1601 2196 facere¹
1633 2168 1758 2204 oportet
1788 2175 1827 2195 ex
1856 2164 1924 2194 eius
1948 2170 2072 2194 natura.

1112 2208 1240 2239 Scimus
1271 2212 1378 2237 autem
1408 2207 1513 2238 nullos
1544 2207 1609 2238 irae
1639 2207 1689 2238 vel
1719 2207 1781 2237 01111
1811 2207 1950 2246 impetus
1982 2216 2073 2246 posse

1112 2251 1181 2281 Deo
1215 2249 1359 2289 probari:
1393 2254 1488 2289 atque
1521 2249 1596 2281 hinc
1631 2254 1771 2281 statuere
1800 2252 1985 2289 promptum
2014 2254 2072 2287 est,

1111 2292 1257 2324 mandari
1280 2292 1363 2331 quod
1382 2292 1450 2323 zelo
1469 2299 1554 2323 recte
1572 2293 1745 2332 composito
1764 2291 1907 2331 perficiat
1926 2291 2071 2331 populus.

1110 2336 1153 2367 Et
1179 2340 1308 2366 notatur
1332 2335 1437 2374 prima
1460 2335 1589 2366 sceleris
1617 2336 1721 2374 origo,
1753 2334 1835 2374 quod
1868 2334 1988 2365 scilicet
2009 2345 2072 2365 non

1112 2378 1278 2409 timuerint
1303 2377 1420 2408 Deum.
1465 2377 1502 2408 Id
1527 2384 1635 2409 autem
1661 2378 1759 2417 accipi
1785 2387 1848 2407 non
1873 2376 1965 2407 debet
1987 2387 2071 2408 com·

1111 2421 1201 2451 muni
1230 2430 1334 2450 more:
1363 2420 1418 2451 sed
1448 2421 1522 2460 quia
1552 2426 1663 2452 contra
1687 2420 1792 2450 Deum
1817 2419 1907 2458 quasi
1936 2429 1974 2450 ex
1999 2430 2071 2459 pro-

1110 2464 1192 2494 fesso
1223 2463 1468 2493 insurrexerint.
1514 2463 1626 2503 Neque
1658 2463 1741 2493 enim
1774 2462 1882 2502 ignota
1911 2461 1975 2493 illis
2004 2473 2073 2493 esse

1110 2506 1212 2547 potuit
1242 2506 1409 2545 promissio
1442 2505 1591 2536 Abrahae
1622 2510 1653 2536 et
1677 2505 1767 2535 Isaac
1791 2505 1876 2535 data:
1912 2504 1966 2535 sed
1998 2505 2073 2545 quia

1111 2554 1203 2580 auter
1226 2549 1351 2587 generis
1379 2548 1466 2579 Esau
1499 2560 1516 2579 a
1546 2549 1615 2578 iure
1644 2547 1918 2587 primogeniturae
1947 2547 2072 2578 excide-

1111 2597 1176 2628 rat,
1208 2601 1309 2630 prava
1339 2595 1370 2621 et
1393 2591 1548 2631 sacrilega
1573 2590 1786 2621 aemulatione
1810 2590 1928 2621 factum
1959 2596 2008 2621 est
2038 2596 2073 2620 ut

1109 2637 1271 2665 tentarent
1295 2633 1406 2665 foedus
1431 2634 1490 2664 Dei
1515 2633 1690 2664 exinanire.
1735 2632 1824 2664 Haec
1850 2633 1929 2663 ratio
1949 2637 1995 2663 est
2016 2643 2073 2664 cur
