2304 3034
164 215 224 246 671

166 308 237 349 quis
266 309 436 347 gravetur,
465 301 515 332 vel
546 311 586 332 ex
618 299 760 338 maligna
792 297 952 328 solutione
980 294 1137 326 damnum

166 350 310 390 accipiat.

462 514 528 546 EX
551 512 684 545 DEUT.
709 510 839 543 XXIV.

253 604 301 635 14.
340 602 411 633 Non
429 600 585 641 opprimes
602 597 827 630 mercenarium
845 603 1015 635 pauperem
1034 595 1059 624 ei
1078 603 1139 634 eye-

167 659 241 681 mim
263 658 278 678 e
299 645 451 685 fratribus
472 643 550 680 tuis,
580 644 606 673 et
628 651 665 672 ex
682 639 862 680 pereqrinis
890 638 953 668 iuis
981 637 1037 676 qui
1068 638 1139 667 suat

168 694 201 723 in
223 694 305 722 terra
328 692 397 724 tua,
421 687 506 718 intra
524 687 635 725 portas
659 686 738 714 tuas.
785 682 834 713 15.
870 680 934 712 Die
952 690 1007 711 suo
1029 679 1139 711 reddes

167 733 334 766 mercedem
355 731 438 767 cias,
469 738 563 768 neque
588 726 736 759 occumbet
757 735 852 765 super
874 733 942 755 eam
970 723 1033 754 sol:
1062 722 1139 761 quia

163 787 288 818 pauper
310 777 367 811 est,
397 775 422 804 et
444 783 480 803 ea
502 772 652 803 sustentat
674 769 812 800 animam
835 777 942 798 suam:
970 775 1006 796 ne
1034 765 1141 796 clamet

167 823 272 852 contra
295 821 320 850 te
341 817 382 849 ad
406 815 558 853 lehovam,
581 816 608 844 et
630 813 671 844 sit
694 812 728 843 in
751 814 777 842 te
798 812 963 850 peccatum.

479 985 543 1016 EX
568 983 700 1015 DEUT.
722 980 835 1013 XXV.

256 1075 283 1106 4ยน.
322 1073 392 1105 Non
415 1071 564 1112 obliyabis
587 1080 620 1101 os
643 1069 709 1100 bovi
733 1067 902 1099 trituranti.

258 1162 306 1192 14.
344 1159 415 1190 Non
445 1157 608 1197 opprimes.
654 1155 869 1193 Praeceptum
900 1151 962 1182 hoc
994 1150 1141 1190 proximo

172 1210 221 1238 est
248 1205 353 1235 affine.
398 1201 641 1240 Interpretatur
671 1202 779 1228 autem
810 1196 935 1232 Moses,
966 1203 1140 1234 pauperem

173 1250 225 1290 qui
256 1244 402 1278 mercede
426 1243 604 1275 conductus
635 1240 745 1277 fuerit,
776 1238 915 1279 opprimi
943 1236 1004 1268 nisi
1031 1236 1141 1267 statim

173 1302 230 1332 pro
260 1290 369 1321 labore
399 1286 552 1323 satisfiat,
582 1282 842 1324 quandoquidem
872 1281 951 1312 haee
974 1279 1036 1310 duo
1066 1289 1141 1310 eon-

173 1334 310 1366 iunctim
330 1330 467 1371 legenda
486 1333 578 1360 sunt:
604 1326 653 1357 Ne
672 1326 844 1366 opprimas,
863 1324 919 1355 sed
939 1323 1049 1354 statim
1068 1333 1140 1362 per-

174 1378 280 1409 solvas
304 1373 494 1406 mercedem.
539 1369 637 1403 Unde
660 1369 820 1409 sequitur,
846 1368 871 1398 si
895 1366 1033 1406 penuria
1055 1364 1141 1395 labo-

174 1425 224 1452 ret
251 1417 485 1453 mercenarius,
515 1414 591 1454 quia
622 1423 684 1443 non
713 1411 870 1443 solvimus
895 1408 978 1450 quod
1008 1408 1143 1455 meritus

174 1468 239 1500 est,
270 1464 301 1493 in
330 1460 398 1492 sola.
426 1458 579 1489 dilatione
610 1466 667 1487 nos
690 1455 754 1486 iam
778 1453 956 1485 iniustitiae
986 1451 1141 1482 convinci.

175 1506 305 1538 Clarius
336 1512 422 1534 nunc
445 1500 638 1541 exprimitur
667 1498 765 1535 ratio,
796 1497 871 1536 quia
895 1496 995 1527 vitam
1020 1498 1144 1526 susten-

175 1554 222 1580 tat
245 1547 370 1579 diurnis
394 1545 509 1586 operis.
548 1542 621 1573 Etsi
645 1547 753 1572 autem
777 1540 830 1571 hic
853 1537 1049 1580 pauperibus
1074 1541 1143 1568 tan-

175 1597 245 1623 tum
268 1589 456 1625 consulitur,
481 1597 521 1617 ne
545 1585 688 1617 esuriant
712 1584 851 1615 divitum
875 1580 1075 1622 negligentia
1094 1579 1144 1610 vel

175 1634 339 1675 superbia:
361 1629 609 1663 commendatur
629 1634 739 1659 tamen
759 1627 791 1657 in
812 1636 931 1666 genere
950 1624 1144 1661 humanitas,

177 1688 217 1709 ne
249 1677 302 1708 ubi
333 1684 493 1716 pauperes
523 1673 555 1703 in
591 1676 734 1702 nostram
769 1669 944 1700 utilitatem
978 1666 1146 1704 desudant,

174 1721 319 1752 fastuose
350 1722 504 1757 tanquam
534 1714 705 1754 mancipiis
735 1713 924 1748 abutamur,
955 1721 1014 1742 nec
1046 1710 1146 1740 simus

176 1763 274 1795 nimis
297 1761 438 1792 restricti
463 1759 515 1789 vel
540 1765 686 1788 tenaces:
714 1756 787 1796 quia
813 1754 891 1785 nihil
918 1754 1019 1794 magis
1043 1751 1146 1792 indig-

176 1818 264 1842 num,
290 1814 383 1845 quam
409 1803 462 1834 ubi
488 1801 578 1832 nobis
602 1800 783 1836 servierint,
803 1809 866 1829 non
891 1797 1004 1828 saltem
1028 1795 1146 1827 habere

178 1849 264 1880 unde
293 1847 435 1878 tenuiter
470 1845 629 1876 victitent.
676 1842 822 1873 Tandem
855 1840 1006 1871 admonet
1039 1839 1147 1869 Moses

178 1892 385 1931 nonimpune
401 1888 553 1919 divitibus
576 1895 740 1918 cessuram
761 1895 830 1915 esse
847 1882 1063 1924 tyrannidem,
1087 1880 1149 1911 nisi

179 1936 301 1966 victum
326 1931 533 1973 suppeditent
546 1929 718 1969 operariis:
744 1928 873 1958 tametsi
893 1927 925 1957 in
940 1926 1007 1956 foro
1031 1930 1148 1955 terres-

179 1979 221 2009 tri
257 1976 342 2017 apud
384 1974 532 2005 homines
561 1971 726 2003 reddenda
757 1981 823 2002 non
853 1970 894 2002 sit
917 1969 1009 1999 ratio.
1054 1966 1148 1999 Unde

179 2021 377 2061 colligimus,
421 2018 503 2048 hane
537 2015 641 2056 legem
676 2024 742 2045 non
777 2024 846 2044 esse
880 2012 1059 2052 politicam,
1094 2009 1149 2040 sed

180 2074 312 2104 prorsus
346 2060 564 2101 spiritualem,
606 2068 687 2098 quae
728 2055 941 2088 conscientias
976 2052 1151 2092 obstringit

181 2106 265 2147 apud
299 2105 437 2137 coeleste
472 2102 535 2133 Dei
576 2100 727 2131 tribunal.
777 2098 935 2138 Quamvis
965 2097 1051 2128 enim
1085 2106 1148 2126 non

181 2150 286 2189 litiget
305 2158 434 2188 pauper,
459 2155 495 2176 ac
520 2155 613 2175 nemo
632 2154 762 2175 causam
785 2142 855 2173 eius
875 2140 1036 2180 suscipiat,
1060 2138 1149 2168 suffi-

182 2203 253 2224 cere
287 2191 379 2222 docet
414 2189 520 2220 Moses
544 2187 571 2218 si
607 2186 669 2217 Dei
704 2186 800 2217 fidem
836 2184 995 2224 imploret.
1041 2181 1150 2220 Quare

184 2235 235 2265 ubi
255 2244 313 2265 nos
337 2232 457 2265 centies
484 2230 582 2261 iudex
612 2234 761 2260 terrenus
793 2227 982 2263 absolverit,
1013 2235 1051 2255 ne
1080 2223 1150 2254 ideo

183 2285 332 2318 putemus
355 2286 411 2306 nos
434 2284 504 2305 esse
535 2273 675 2313 elapsos:
707 2272 781 2312 quia
801 2281 817 2301 e
841 2270 926 2301 coelo
951 2277 1078 2307 semper
1101 2277 1149 2297 re-

184 2325 291 2360 poscet
322 2319 413 2349 Deus
444 2316 530 2357 quod
560 2316 652 2346 nobis
682 2316 791 2354 inique
815 2314 846 2344 in
872 2318 959 2343 terra
982 2310 1076 2341 fuerit
1100 2319 1149 2356 ref

183 2364 327 2393 missum.
373 2361 437 2392 Hic
467 2366 574 2390 tamen
606 2358 788 2398 quaeritur,
817 2356 843 2388 si
874 2356 1074 2386 obmutescat
1096 2362 1150 2391 qui

185 2415 357 2445 oppressus
370 2411 428 2441 est,
442 2413 481 2433 an
495 2403 565 2432 eius
578 2402 705 2432 silentio
720 2401 842 2432 crimen
855 2401 1037 2430 evanescet.
1050 2395 1150 2425 Vide-

186 2455 238 2478 tur
257 2448 341 2478 enim
363 2447 470 2477 Moses
490 2445 521 2476 id
540 2445 606 2475 suis
626 2444 732 2475 verbis
754 2444 897 2478 innuere,
919 2440 971 2471 ubi
997 2448 1067 2469 reos
1085 2438 1150 2468 fore

186 2491 376 2531 pronunciat
389 2489 505 2520 divites
518 2489 543 2518 si
557 2487 596 2518 ad
610 2488 715 2518 Deum
728 2486 869 2518 clament
882 2492 1048 2524 pauperes,
1069 2484 1100 2511 et
1113 2480 1152 2510 de

187 2534 316 2564 illorum
344 2532 513 2571 iniquitate
538 2536 725 2570 querantur.
760 2526 941 2567 Responsio
972 2524 1074 2555 facilis
1095 2529 1152 2560 est,

188 2576 267 2606 nihil
283 2575 369 2605 aliud
385 2575 467 2605 Mosi
481 2574 579 2604 fuisse
597 2573 796 2613 propositum
810 2580 904 2610 quam
921 2567 1067 2608 superbis
1080 2576 1152 2613 con-

188 2618 400 2657 temptoribus
424 2622 574 2648 excutere
598 2617 727 2646 inanem
752 2612 996 2647 confidentiam,
1024 2619 1085 2649 qua
1108 2620 1153 2638 in-

189 2662 330 2692 citantur
364 2660 402 2690 ad
438 2660 591 2690 maiorem
628 2657 779 2698 peccandi
818 2655 1001 2689 audaciam,
1041 2657 1072 2683 et
1112 2650 1151 2682 ad

883 200 1104 234 OCTAVUM
1126 199 1448 232 PRAEOEPTUM.

2099 197 2164 230 672

1189 293 1349 325 maleficia
1382 293 1607 325 obdurescunt.
1654 291 1743 323 Dicit
1776 290 1892 332 igitur,
1926 291 2075 331 quamvis
2105 302 2163 332 per

1189 336 1338 368 homines
1361 336 1497 368 liberum
1518 337 1559 368 sit
1576 335 1726 376 praedari
1746 338 1779 364 et
1802 344 1924 373 rapere,
1948 334 2161 367 metuendum

1190 384 1300 411 tamen
1331 389 1400 411 esse
1430 379 1563 419 gravius
1588 377 1762 409 iudicium:
1797 376 1873 416 quia
1906 375 1997 407 Deus
2025 376 2161 417 inopum

1189 422 1408 462 querimonias
1432 422 1579 459 exaudit,
1611 421 1664 461 qui
1688 419 1814 451 nullum
1838 419 1872 450 in
1901 418 2022 450 mundo
2052 424 2162 460 patroโ

1189 475 1268 496 num
1292 469 1348 496 aut
1372 464 1532 496 vindicem
1562 464 1739 504 reperiunt.
1786 462 1829 492 Et
1858 467 1945 493 certe
1973 472 2035 502 quo
2065 463 2163 502 placi-

1190 507 1262 539 dius
1287 508 1369 539 feret
1399 507 1551 538 iniuriam
1583 507 1637 546 qui
1665 505 1821 546 spoliatus
1853 508 1915 542 est,
1951 514 1988 535 eo
2019 505 2162 544 paratior

1190 551 1253 581 erit
1276 551 1366 582 Deus
1389 550 1429 581 ad
1454 548 1692 590 suscipiendam
1723 547 1793 579 eius
1820 557 1963 578 causam:
1996 557 2056 579 nec
2078 547 2162 579 alius

1190 594 1293 634 magis
1317 598 1366 624 est
1392 604 1526 625 sonorus
1556 593 1677 624 elamor
1706 589 1791 630 apud
1820 590 1926 630 ipsum
1957 600 2053 630 quam
2085 590 2163 621 tole-

1191 636 1306 667 rantia.
1352 635 1389 667 Si
1413 641 1521 667 autem
1552 635 1623 675 quis
1651 633 1796 671 obiiciat,
1827 632 2001 664 clamorem
2030 632 2068 664 de
2099 644 2162 673 quo

1191 678 1242 710 hie
1266 679 1383 719 agitur,
1408 689 1552 719 pugnare
1571 687 1643 708 cum
1669 676 1792 708 Christi
1817 680 1997 716 praecepto,
2021 679 2057 706 ut
2080 676 2161 708 bene

1191 732 1360 762 precemur
1388 721 1541 753 inimicis:
1578 720 1674 751 etiam
1704 719 1739 749 in
1769 724 1921 759 promptu
1956 718 2074 750 solutio
2102 723 2161 757 est,

1191 765 1298 795 Deum
1319 776 1383 796 non
1402 775 1529 804 semper
1542 768 1615 794 vota
1633 761 1770 802 probare
1790 772 1871 801 quae
1890 765 1999 792 tamen
2019 761 2161 793 exaudit.

1191 807 1292 838 Venit
1316 807 1504 847 imprecatio
1523 806 1660 837 Ioathan
1684 804 1743 836 filii
1767 804 1903 836 Gedeon
1927 814 2024 844 super
2047 803 2161 836 Siehe-

1192 851 1286 881 mitae
1320 849 1434 891 (Iudie.
1470 849 1498 888 9,
1532 848 1602 890 20):
1639 858 1737 888 quam
1772 852 1881 878 tamen
1916 858 1958 878 ex
1992 847 2162 879 immodico

1191 893 1377 924 iracundiae
1410 893 1536 924 fervore
1571 895 1758 931 conceptam
1802 890 1900 921 fuisse
1939 894 2064 921 eertum
2104 894 2161 922 est.

1193 935 1285 967 Adde
1309 936 1392 976 quod
1423 935 1588 966 interdum
1618 933 1739 971 miseri,
1763 932 1912 973 quamvis
1933 933 1985 973 pia
2011 943 2163 965 mansue-

1193 978 1305 1009 tudine
1326 978 1460 1010 iniurias
1483 978 1656 1018 perferant,
1681 987 1746 1007 non
1770 980 1880 1007 tamen
1900 975 2053 1007 desinunt
2076 976 2163 1007 dolo-

1192 1032 1243 1053 res
1266 1032 1343 1052 suos
1367 1028 1398 1052 et
1421 1021 1561 1061 gemitus
1581 1019 1741 1059 deponere
1763 1019 1797 1050 in
1821 1018 1931 1050 sinum
1954 1018 2024 1050 Dei.
2060 1019 2163 1050 Porro

1192 1064 1268 1096 hine
1303 1075 1366 1095 non
1402 1064 1535 1104 vulgare
1569 1063 1721 1093 solatium
1758 1061 1968 1102 pauperibus,
2003 1061 2102 1101 quod,
2136 1061 2162 1093 si

1192 1118 1287 1138 nemo
1306 1107 1369 1138 illis
1389 1107 1421 1137 in
1441 1111 1527 1137 terra
1545 1106 1713 1144 succurrit,
1734 1105 1808 1145 quia
1828 1104 1901 1136 vilis
1921 1108 1969 1136 est
1987 1109 2019 1136 et
2041 1104 2164 1136 abiecta

1192 1161 1303 1181 eorum
1326 1149 1482 1186 conditio,
1506 1149 1596 1180 Deus
1620 1154 1728 1180 tamen
1752 1148 1883 1179 futurus
1907 1151 1956 1178 est
1978 1157 2093 1179 causae
2115 1148 2164 1188 ip-

1192 1204 1299 1224 sorum
1324 1193 1477 1233 cognitor.

1278 1236 1327 1273 25,
1339 1235 1368 1266 4.
1391 1235 1460 1267 Non
1478 1234 1623 1275 obliyabis
1637 1244 1678 1265 os.
1710 1233 1845 1274 Proprie
1858 1233 1989 1273 quidem
2002 1232 2055 1264 hic
2073 1233 2164 1265 locus

1192 1282 1243 1310 est
1266 1289 1305 1309 ex
1337 1278 1565 1319 appendicibus
1596 1278 1774 1317 praecepti,
1805 1276 1861 1307 sed
1890 1277 1967 1316 quia
1996 1276 2164 1316 proximae

1193 1322 1374 1353 sententiae
1397 1321 1597 1353 confirmatio
1621 1324 1678 1357 est,
1715 1320 1784 1351 visa
1805 1318 1868 1350 fuit
1891 1323 1966 1359 apta
1988 1319 2162 1350 connexio:

1194 1365 1383 1405 praesertim
1410 1374 1509 1404 quum
1539 1363 1660 1394 Paulus
1683 1362 1818 1394 idoneus
1841 1363 2001 1402 interpres
2024 1366 2165 1402 exponat

1195 1418 1259 1438 non
1290 1407 1376 1438 aliud
1400 1407 1498 1438 fuisse
1528 1406 1590 1437 Dei
1614 1406 1785 1437 consilium
1816 1415 1911 1445 quam
1935 1415 1976 1436 ne
1999 1405 2166 1445 operarius

1195 1450 1363 1482 fraudetur
1386 1450 1470 1481 iusta
1494 1449 1650 1480 mercede.
1690 1449 1774 1480 Nam
1795 1449 1848 1479 ubi
1869 1448 1907 1478 de
1927 1447 2051 1479 alendis
2070 1458 2166 1479 evan-

1195 1494 1272 1535 gelii
1295 1493 1451 1524 ministris
1475 1492 1617 1528 disserit,
1642 1491 1864 1523 testimonium
1886 1490 1946 1522 hoe
1970 1490 2009 1522 ad
2032 1500 2166 1522 causam

1196 1535 1415 1568 accommodat
1439 1536 1480 1576 (1.
1506 1535 1578 1567 Cor.
1602 1535 1631 1572 9,
1657 1534 1718 1577 10).
1771 1534 1819 1566 Ac
1843 1544 1884 1565 ne
1908 1534 1979 1574 quis
2002 1533 2167 1574 exciperet

1196 1580 1292 1610 aliam
1317 1590 1386 1610 esse
1410 1579 1507 1609 boum
1532 1578 1688 1609 rationem
1712 1588 1808 1618 quam
1832 1576 2011 1615 hominum,
2036 1576 2166 1608 subiicit

1196 1623 1295 1654 boves
1320 1622 1389 1653 Deo
1412 1632 1477 1653 non
1502 1632 1570 1652 esse
1594 1631 1706 1658 curae,
1732 1620 1786 1652 sed
1810 1625 1943 1661 propter
1966 1630 2020 1651 eos
2042 1619 2097 1659 qui
2120 1619 2165 1650 la.-

1197 1666 1313 1697 borant
1336 1664 1367 1695 id
1391 1675 1461 1696 esse
1484 1663 1615 1695 dietum.
1661 1663 1792 1695 Interea
1816 1662 1994 1694 tenendum
2022 1667 2087 1694 est:
2121 1663 2167 1692 ita

1198 1708 1344 1739 homines
1374 1707 1501 1738 institui
1532 1707 1571 1737 ad
1601 1707 1811 1746 aequitatem,
1841 1711 1878 1737 ut
1900 1706 1935 1737 in
1965 1716 2003 1737 ea
2032 1703 2166 1737 colenda

1198 1762 1232 1783 se
1267 1761 1345 1791 erga
1375 1750 1469 1781 bruta
1499 1761 1624 1789 quoque
1656 1750 1810 1781 animalia
1839 1752 2021 1781 exerceant.
2076 1747 2166 1779 Scite

1199 1794 1284 1825 enim
1310 1794 1439 1825 Solonio
1471 1792 1577 1833 (Prov.
1605 1793 1652 1829 12,
1680 1792 1731 1834 10)
1755 1792 1948 1824 iniustitiam
1972 1801 2035 1831 qua
2056 1790 2166 1831 proxi-

1199 1848 1271 1868 mus
1306 1835 1458 1873 laeditur,
1491 1836 1550 1867 hac
1590 1836 1829 1876 comparatione
1863 1835 2054 1875 amplificat,
2084 1832 2169 1873 quod

1199 1880 1249 1910 vir
1279 1880 1384 1911 iustus
1408 1879 1505 1909 habet
1535 1889 1645 1910 euram
1674 1879 1810 1909 iumenti
1840 1879 1898 1909 sui.
1945 1876 2082 1909 Summa
2111 1880 2170 1914 est,

1199 1927 1235 1954 ut
1257 1922 1341 1963 quod
1366 1932 1505 1962 aequum
1529 1926 1578 1952 ost
1601 1927 1714 1962 sponte
1737 1927 1769 1953 et
1796 1921 1974 1952 liberaliter
1996 1919 2169 1957 solvamus,

1200 1970 1232 1996 et
1255 1965 1315 1997 sibi
1339 1965 1471 2005 quisque
1495 1968 1624 1995 exactor
1644 1965 1684 1995 sit
1704 1965 1744 1996 ad
1764 1963 1993 2005 praestandum
2013 1962 2170 1994 officium:

1201 2009 1275 2049 quia
1295 2008 1320 2039 si
1345 2008 1447 2038 brutis
1471 2007 1664 2038 animalibus
1688 2007 1847 2039 debentur
1870 2007 2040 2042 alimenta,
2065 2004 2170 2036 multo

1200 2052 1316 2089 minus,
1340 2054 1375 2081 ut
1390 2051 1438 2081 ius
1461 2061 1555 2081 suum
1579 2051 1749 2082 obtineant
1772 2050 1929 2087 homines,
1954 2047 2170 2088 exspectanda

1200 2099 1249 2126 est
1272 2104 1382 2125 eorum
1408 2093 1571 2134 flagitatio.

1497 2281 1561 2312 EX
1585 2281 1734 2312 EXODI
1756 2279 1872 2311 XXII.

1287 2376 1325 2406 21
1343 2377 1371 2415 ยน).
1405 2375 1605 2415 Jโereyrneaum
1625 2385 1683 2405 non
1704 2375 1875 2414 opprimes,
1893 2383 1989 2412 neque
2007 2372 2171 2412 spoliabis:

1202 2420 1277 2458 qnia
1295 2419 1455 2458 pereyrini
1476 2419 1583 2457 fuis-tis
1605 2420 1639 2449 in
1662 2421 1745 2448 terra
1770 2417 1911 2457 Aztyltjpti.
1957 2416 2008 2447 22.
2043 2415 2173 2446 Nullam

1201 2462 1329 2493 viduam
1363 2471 1414 2491 nec
1444 2461 1599 2500 pupillam
1632 2461 1786 2501 afsliyetiS.
1843 2460 1894 2490 23.
1931 2459 1968 2489 Si
2008 2458 2173 2497 affliqendo

1202 2504 1382 2543 afllioecrilis
1405 2514 1483 2540 eum,
1506 2507 1582 2534 certe
1604 2505 1633 2534 si
1657 2504 1817 2535 clamando
1840 2502 2018 2533 clamaverit
2045 2501 2086 2531 ad
2115 2511 2171 2541 me,

1203 2547 1356 2577 (cernendo
1390 2547 1518 2577 audiam
1547 2547 1709 2578 clamorem
1746 2547 1822 2577 cius.
1869 2545 1919 2576 24.
1957 2545 2173 2583 lraseeturque

1294 2658 1320 2689 1)
1339 2657 1419 2682 Ilcbr.
1439 2656 1472 2681 20
1491 2666 1524 2681 ss,
