2304 3034
229 182 271 213 ‘23
827 180 1196 213 COMMENTARIUS
1220 181 1268 212 IN
1293 180 1441 212 EXODI
1464 179 1560 212 OAP.
1584 180 1629 211 ΙΙ.
2184 183 2225 214 24

232 276 363 307 nionem
387 286 403 305 e
428 274 517 305 coelo
541 274 633 305 Deus
657 274 862 314 apparuisset
882 274 1066 314 deploratae
1089 274 1203 305 salutis
1229 278 1231 286 ’

233 318 362 350 vindex.
399 317 511 357 Neque
531 321 649 353 tamen,
673 317 762 348 utin
782 317 878 348 rebus
904 317 1096 356 tranquillis,
1121 317 1204 348 iudi-

234 362 319 392 cium
344 366 411 391 tam
435 359 473 390 de
505 365 596 400 patre
626 370 721 399 qnam
747 359 785 390 de
815 365 920 391 matre
952 360 1121 391 ferendum
1146 363 1203 391 est.

235 403 404 435 Goniicere
433 403 519 433 enim
551 408 737 442 promptum
767 408 814 434 est
844 413 938 442 quam
971 401 1084 434 acerbo
1115 402 1205 434 luctu

234 446 423 486 prosequuti
437 445 649 476 sintinfantis
663 445 768 476 funus.
804 445 875 476 Imo
895 445 942 486 (ut
960 446 1066 477 verius
1079 444 1205 486 loquar)

234 489 291 519 vix
326 489 494 528 concipere
528 488 603 519 lieet
635 498 730 527 quam
763 487 841 519 diris
871 488 1041 519 tormentis
1070 488 1205 520 cruciati

235 531 364 562 fuerint.
410 531 526 570 Itaque
550 530 603 561 ubi
626 542 644 560 u
650 534 738 561 11111
761 531 869 562 Moses
893 531 1035 562 miculam
1060 541 1077 561 a
1100 536 1205 561 matre

234 578 420 605 contextam
451 579 482 604 et
511 580 653 613 aptatam
686 574 799 611 fuisse,
829 579 953 613 patrem
982 574 1028 604 itu
1059 583 1204 604 moerore

234 617 333 648 fuisse
365 616 514 647 obrutum
546 616 729 647 subindicat
759 621 794 646 ut
829 617 926 648 nullis
961 617 1024 647 iam
1058 616 1205 656 partibus

234 659 406 690 sufficeret.
464 659 535 690 Hoc
570 658 662 689 modo
697 659 816 690 elarius
855 660 1014 699 patefacta
1046 659 1109 689 fuit
1142 659 1203 689 Dei

235 702 356 741 virtus,
386 702 438 732 ubi
469 701 536 732 sola
566 701 696 735 mulier,
730 702 913 733 exanimato
944 702 1075 739 marito,
1108 702 1140 732 in
1171 712 1204 732 se

235 745 358 784 recepit
391 750 496 774 totum
531 755 622 775 onus.
680 744 794 784 Neque
830 745 934 782 enim,
970 745 997 776 si
1032 754 1204 775 commune

233 787 347 818 fuisset
367 788 497 822 factum,
520 787 627 818 Moses
652 787 719 818 eius
744 787 870 818 laudem
895 788 990 818 matri
1013 788 1045 818 in
1066 787 1202 817 solidum

234 830 397 861 tribueret.
434 830 588 860 Maritum
613 829 742 869 quidem
767 830 930 870 apostolus
953 829 1049 872 (Heb.
1076 830 1124 867 11,
1149 830 1204 870 23)

233 874 357 904 socium
382 872 488 903 laudis
511 872 674 913 adiungit:
705 878 737 903 et
767 874 898 911 merito,
929 875 1004 913 quia
1026 873 1203 904 verisimile

232 926 298 946 non
322 922 370 946 est
394 916 455 946 nisi
480 926 516 945 eo
540 916 666 946 conscio
690 920 722 946 et
753 916 880 947 volente
911 915 1082 947 educatum
1105 916 1203 947 fuisse

232 969 379 998 puerum.
439 958 560 989 Verum
597 958 685 989 Deus
719 959 773 998 qui
808 959 889 990 solet
925 959 1055 989 infirma
1091 958 1202 989 mundi

232 1001 365 1041 eligere,
404 1001 555 1031 feminam
586 1001 692 1040 potius
722 1012 817 1041 quam
851 1002 958 1033 virum
988 1001 1122 1041 spiritus
1153 1001 1203 1032 sui

232 1043 423 1074 fortitudine
442 1044 606 1081 instruxit⁷
627 1049 661 1074 ut
681 1045 829 1083 praeiret.
862 1044 986 1075 Eadem
1006 1045 1101 1075 etiam
1122 1045 1202 1075 ratio

233 1087 322 1117 valet
343 1087 374 1117 in
397 1087 504 1126 puella
528 1097 652 1123 sorore,
684 1087 734 1117 cui
758 1092 862 1118 mater
886 1097 1048 1118 summum
1073 1093 1105 1117 et
1127 1087 1203 1118 ulti-

233 1139 324 1160 mum
359 1137 465 1160 aetum
499 1130 651 1170 resignat.
698 1129 749 1160 Ita
784 1130 861 1160 dum
893 1130 1014 1168 Maria,
1049 1140 1130 1169 quae
1164 1129 1202 1160 ob

233 1177 376 1203 teneram
392 1177 530 1203 aetatem
543 1177 694 1212 exempta
707 1183 777 1203 esse
791 1184 809 1204 a
828 1173 1013 1204 discrimine
1026 1172 1202 1210 videbatur,

232 1220 340 1246 custos
376 1215 559 1254 praeficitur
590 1216 675 1246 vitae
704 1215 830 1254 fratris,
859 1216 1026 1256 utriusque
1056 1216 1202 1256 parentis

232 1258 373 1289 officium
397 1257 533 1288 deficere
560 1262 702 1297 apparet.

319 1301 347 1331 ⁶2.
380 1300 552 1339 Vici'enngm
575 1311 642 1331 eum
668 1311 732 1332 esse
748 1301 922 1339 pulchrum.
969 1301 1042 1332 Non
1068 1301 1201 1332 dubium

233 1348 281 1374 est
318 1344 377 1374 hac
410 1343 513 1374 forma
547 1343 704 1374 divinitus
738 1344 837 1375 fuisse
871 1345 1080 1385 insignitum,
1121 1355 1202 1384 quae

233 1386 359 1416 animos
380 1392 551 1425 parentum
566 1386 604 1416 ad
619 1397 691 1417 eum
706 1387 902 1417 servandum
917 1388 1020 1427 magis
1041 1387 1200 1418 alliceret:

232 1434 268 1459 ut
288 1429 452 1459 interdum
473 1429 551 1459 solet
572 1429 671 1465 Deus,
692 1429 745 1460 ubi
769 1440 842 1460 suos
865 1430 954 1460 videt
978 1441 1046 1460 esse
1070 1430 1109 1461 ad
1133 1431 1201 1461 offi-

232 1472 318 1502 cium
343 1471 509 1509 tardiores,
534 1482 645 1502 corum
670 1472 831 1512 pigritiem
860 1472 1026 1503 blanditiis
1051 1473 1200 1504 excitare.

234 1514 428 1554 Quanquam
450 1526 490 1545 ex
515 1515 699 1545 testimonio
718 1516 853 1555 apostoli
874 1520 1008 1551 constat,
1032 1526 1097 1546 non
1117 1516 1202 1547 hanc

233 1558 334 1588 solam
359 1557 541 1588 illecebram
575 1558 715 1589 valuisse
746 1558 785 1588 ad
813 1558 1050 1598 provocandam
1075 1559 1201 1589 miseri-

233 1600 393 1631 cordiam:
426 1600 481 1631 sed
513 1600 693 1631 imbecillae
725 1601 799 1632 fidei
828 1601 927 1632 fuisse
959 1601 1200 1632 adminiculum.

232 1642 315 1674 Fide
339 1643 424 1673 enim
449 1643 562 1674 Mosen
583 1644 777 1674 custoditum
808 1644 906 1675 fuisse
930 1643 1022 1675 docet
1045 1655 1062 1675 a
1086 1655 1202 1684 paren-

230 1686 326 1717 tibus.
361 1686 470 1726 Siquis
489 1686 617 1717 obiiciat
637 1686 733 1717 fidem
752 1692 783 1718 et
802 1687 1056 1726 pulchritudinis
1075 1697 1201 1727 respec-

231 1734 311 1763 tum,
335 1739 386 1759 res
410 1739 479 1760 esse
503 1739 565 1759 non
586 1734 712 1760 tantum
737 1729 834 1770 longe
854 1730 1008 1763 diversas.
1028 1730 1082 1761 sed
1103 1741 1201 1770 prope

232 1772 425 1803 contrarias:
473 1772 665 1811 respondeo,
710 1773 851 1803 mirabili
889 1773 951 1803 Dei

232 1815 352 1845 factum
384 1825 452 1845 esso
476 1820 510 1845 ut
539 1815 634 1845 fidem
666 1815 794 1846 iuvaret
823 1815 1092 1856 impedimentum
1117 1816 1199 1856 qnod

232 1868 302 1888 eam
327 1857 518 1888 obnubilare
549 1862 691 1897 poterat:
724 1858 852 1898 quando
883 1859 917 1889 in
949 1860 1032 1890 solas
1062 1860 1200 1899 promis-

233 1900 339 1931 siones
363 1901 487 1930 intenta
511 1905 541 1931 et
566 1901 631 1931 fixa
653 1911 722 1931 esse
753 1900 855 1932 debet.
902 1902 990 1942 Ergo
1013 1902 1041 1932 si
1064 1913 1144 1942 pura
1169 1907 1201 1932 et

232 1942 354 1981 liquida
387 1943 519 1974 luxisset
551 1944 630 1974 fides
660 1945 693 1973 in
725 1955 834 1974 eorum
866 1944 1031 1981 cordibus,
1065 1946 1199 1975 formam

234 1985 313 2016 nibil
335 1987 449 2015 morati
469 1991 588 2025 essent,
608 1997 737 2017 rursum
759 1988 820 2017 nisi
842 1988 1014 2027 promissio
1036 1988 1200 2027 viguisset,

230 2028 296 2058 imo
317 2028 436 2067 primas
456 2029 621 2067 tenuisset,
644 2040 705 2060 non
727 2036 796 2061 crat
815 2031 848 2060 in
868 2030 1009 2069 corporis
1030 2034 1200 2061 venustate

232 2076 359 2101 tantuin
381 2071 539 2101 efficaciae
561 2077 593 2101 ut
614 2080 666 2103 eos
687 2073 831 2103 traheret
850 2072 887 2103 ad
904 2079 1041 2103 mortem
1063 2073 1200 2104 libenter

231 2113 456 2153 oppetendam.
492 2113 649 2152 Sequitur
668 2125 753 2154 ergo,
774 2126 872 2154 quum
894 2116 974 2146 bene
994 2116 1032 2146 de
1052 2116 1198 2155 redemp-

233 2157 317 2187 tione
342 2156 401 2186 sibi
427 2157 583 2195 promissa
607 2165 792 2196 sperarent,
823 2159 966 2188 animum
992 2159 1055 2189 illis
1078 2159 1200 2189 obiecta

233 2197 476 2239 pulchritudine
502 2199 598 2229 fnisse
623 2199 797 2237 addietum,
822 2206 853 2230 et
877 2202 921 2231 ita
945 2206 1135 2240 provocatos
1159 2201 1198 2232 ad
1226 2212 1227 2215 ¹

1091 2244 1199 2284 Atque
1225 2257 1227 2264 ¹

232 2241 486 2272 misericordiam
512 2249 547 2271 ut
572 2252 712 2272 renierus
732 2253 843 2273 omnes
868 2244 1044 2274 vincerent.

234 2286 277 2315 ita
302 2295 396 2323 saepe
420 2285 545 2323 operari
570 2284 649 2314 >olor
675 2285 780 2319 Deus,
811 2290 845 2315 ut
874 2297 949 2316 suos
973 2287 1063 2325 quasi
1088 2297 1199 2317 caecos

232 2328 266 2358 in
299 2327 441 2357 tenebris
473 2338 570 2357 manu
603 2327 711 2363 ducat,
742 2327 793 2357 ubi
830 2328 974 2358 destituti
1006 2329 1139 2359 consilio
1169 2337 1198 2359 et

234 2371 349 2401 animis
381 2370 543 2409 liquefacti
582 2369 743 2399 vacillant.
795 2370 834 2400 In
864 2381 1007 2407 summa,
1040 2382 1129 2401 amor
1159 2383 1198 2402 ex

232 2413 335 2444 forma
365 2413 489 2443 elicitus
519 2412 596 2442 adeo
627 2422 701 2451 pars
729 2412 803 2442 fidei
839 2423 900 2443 non
937 2414 983 2443 fut
1018 2420 1050 2443 nt
1085 2415 1199 2444 merito

233 2457 302 2487 eius
322 2455 448 2485 landem
469 2456 626 2486 obscuret.
659 2455 780 2485 Verum
797 2455 893 2491 Deus,
914 2456 967 2495 qui
989 2466 1044 2494 pro
1066 2457 1200 2487 mirifica

234 2509 293 2529 sna
328 2498 484 2537 sapientia
520 2502 707 2529 convertere
742 2498 851 2529 electis
886 2498 992 2528 omniu
1029 2504 1131 2537 potest
1166 2499 1199 2528 in

234 2541 370 2571 honuni:
394 2546 561 2571 nutantem
583 2551 692 2571 eorum
712 2541 807 2570 fidem
828 2541 981 2571 sustinuit
1001 2551 1035 2571 ac
1056 2542 1200 2571 firmavit

231 2584 293 2615 hac
317 2583 447 2614 fultura,

320 2627 348 2656 4.
378 2628 462 2657 Stant
488 2637 555 2657 itero
577 2637 666 2657 soror
693 2627 768 2657 eius.
815 2626 908 2657 Hanc
941 2627 1037 2657 fuisse
1062 2627 1199 2657 Mariani

998 1773 1201 1813 indulgentia
1227 1794 1229 1815 t

1257 274 1420 315 probabile
1444 277 1500 305 est
1546 273 1641 313 Quod
1662 278 1770 305 autem
1791 274 1962 306 stationem
1987 275 2047 307 sibi
2070 276 2166 317 elegit
2185 277 2225 309 ad

1257 316 1510 357 exspectandum
1533 317 1580 347 rei
1603 321 1774 355 eventum,
1798 317 1874 349 hinc
1898 323 2033 358 apparet
2054 329 2143 358 spem
2167 320 2224 351 ali-

1257 370 1354 400 quam
1388 360 1486 391 fuisse
1526 359 1687 391 residuam
1727 360 1930 408 parentibus,
1969 371 2153 401 quanquam
2187 373 2225 394 ea

1258 403 1376 443 exigua
1396 402 1463 433 fuit.
1500 402 1585 433 Nam
1608 403 1752 442 quisquis
1776 403 1852 434 illuc
1876 413 1916 433 ex
1929 404 2100 443 Aegyptiis
2123 415 2224 445 appu-

1258 445 1357 483 lisset,
1381 445 1509 476 futurus
1536 445 1623 476 haud
1647 445 1740 476 dubie
1764 450 1833 476 erat
1855 446 1948 486 pueri
1972 447 2133 483 carnifex,
2158 452 2222 479 tam

1258 499 1297 519 ex
1323 489 1407 528 regis
1430 487 1542 524 edicto,
1570 498 1666 527 quam
1689 499 1728 519 ex
1752 489 1916 520 communi
1947 488 2019 520 odio
2042 490 2147 530 gentis
2170 491 2222 521 ad-

1259 541 1372 562 versus
1396 531 1574 562 Hebraeos.
1620 530 1758 562 Videtur
1787 542 1863 572 ergo
1892 531 1996 562 locata
2018 531 2051 562 in
2079 533 2223 565 excubiis

1257 573 1357 604 fuisse
1376 573 1482 604 Maria
1502 584 1520 604 a
1542 573 1738 613 parentibus,
1761 575 1864 614 magis
1888 580 1922 605 ut
1945 575 2120 614 spectatrix
2140 580 2224 607 esset

1258 616 1422 647 fraternae
1451 615 1572 654 caedis,
1603 626 1699 655 quam
1731 621 1765 646 ut
1795 617 1883 657 pueri
1914 617 2009 648 saluti
2033 618 2222 650 consuleret.

1257 659 1382 690 Verum
1403 659 1477 699 quia
1498 659 1592 698 paulo
1612 664 1687 689 ante
1705 659 1845 690 vidimus
1864 660 1896 690 in
1916 660 2058 691 tenebris
2071 661 2223 692 tristitiae

1258 706 1288 732 et
1330 701 1562 741 desperationis
1603 701 1753 732 micuisse
1794 702 1867 733 fidei
1908 703 2079 751 scintillas,
2121 710 2224 735 mater

1258 744 1393 775 filiolum
1417 745 1450 775 in
1474 744 1544 784 ripa
1576 744 1752 784 deponens,
1786 755 1850 775 non
1873 745 1987 777 abiecit
2010 746 2078 777 eius
2101 757 2221 782 curam,

1258 787 1313 818 sed
1337 787 1423 818 obvii
1452 787 1607 827 cuiusque
1637 787 1874 818 misericoidiae
1898 788 2123 819 commendare
2149 799 2222 820 enm

1257 830 1379 861 voluit:
1404 830 1463 861 hae
1484 829 1521 860 de
1543 839 1639 860 causa
1661 829 1760 860 filiam
1780 831 1890 870 procul
1915 832 2028 862 statuit
2047 836 2083 862 nt
2101 842 2222 863 novum

1256 873 1426 904 consilium
1451 883 1491 903 ex
1521 877 1641 903 eventu
1672 878 1807 912 caperet.
1854 873 1936 904 Nam
1961 875 1986 905 si
2018 874 2158 905 audisset
2183 875 2222 905 ad

1257 920 1382 947 noctem
1417 926 1519 955 usque
1554 926 1691 955 puerum
1721 915 1786 946 illic
1815 915 1934 954 iacere,
1961 916 2042 948 elam
2074 917 2111 947 ad
2148 928 2222 948 eum

1257 958 1443 990 lactandum
1463 958 1615 990 venisset.
1652 959 1760 998 Atque
1780 958 1859 990 haec
1877 959 2003 999 quidem
2025 960 2220 997 deliberatio,

1256 1006 1291 1032 ut
1314 1001 1348 1031 in
1372 1002 1467 1032 rebus
1492 1001 1654 1040 perplexis
1678 1006 1710 1031 et
1732 1001 1881 1037 confusis,
1907 1002 2044 1033 evanida
2067 1003 2142 1034 fuit:
2166 1003 2222 1034 sed

1255 1044 1346 1075 Deus
1369 1043 1561 1074 mirabiliter
1591 1044 1623 1074 in
1651 1044 1809 1075 servando
1840 1054 1940 1083 puero
1970 1056 2102 1076 manum
2130 1056 2221 1077 suam

1255 1087 1407 1118 exseruit.
1444 1087 1510 1118 Nec
1535 1087 1620 1117 enini
1641 1086 1774 1118 dubium
1797 1092 1845 1118 est
1868 1087 1948 1127 quin
1970 1088 2096 1119 occulta
2118 1090 2222 1129 provi-

1255 1129 1364 1160 dentia
1384 1129 1483 1160 filiam
1504 1129 1589 1169 regis
1609 1129 1747 1160 traxerit
1765 1129 1805 1160 ad
1824 1130 1954 1168 fiumen,
1979 1141 2061 1170 quae
2084 1141 2221 1170 puerum

1256 1172 1406 1203 alendum
1431 1172 1593 1211 suscipere
1616 1172 1762 1203 auderet:
1789 1177 1883 1212 atque
1902 1173 1997 1204 etiam
2018 1173 2058 1204 ad
2081 1174 2220 1205 clemen-

1256 1216 1333 1246 tiam
1358 1215 1485 1246 flexerit
1509 1216 1578 1246 eius
1602 1215 1764 1253 animum,
1797 1221 1831 1246 ut
1860 1220 2006 1256 parceret
2029 1217 2097 1248 eius
2120 1217 2221 1249 vitae:

1256 1263 1356 1289 totam
1382 1257 1518 1298 denique
1550 1258 1634 1289 hanc
1664 1259 1822 1289 actionem
1853 1258 2091 1299 gubernaverit.
2138 1260 2222 1291 Nam

1256 1301 1339 1341 quod
1380 1312 1444 1332 non
1479 1301 1613 1341 inquirit
1650 1301 1837 1341 diligentius
1878 1301 1994 1341 quibus
2033 1303 2222 1342 parentibus

1256 1344 1445 1384 progenitus
1477 1344 1519 1375 sit
1550 1354 1645 1383 puer,
1687 1343 1771 1374 unde
1805 1344 1915 1375 nutrix
1950 1349 2016 1375 tam
2051 1346 2156 1376 subito
2189 1357 2223 1377 se

1256 1388 1384 1417 offerat:
1416 1386 1503 1428 (qnia
1533 1386 1750 1426 promptitudo
1780 1387 1833 1417 illa
1863 1387 1978 1417 merito
2006 1388 2222 1428 suspicionem

1257 1430 1359 1460 facere
1388 1428 1528 1471 poterat)
1558 1434 1667 1460 tantae
1691 1429 1786 1460 huius
1810 1430 1972 1461 facilitatis
1996 1431 2103 1461 Deum
2126 1432 2223 1462 fuisse

1256 1477 1401 1503 autorem
1432 1473 1476 1512 pii
1506 1483 1617 1503 omnes
1647 1472 1846 1503 fatebuntur.
1897 1472 1949 1503 Ita
1978 1473 2062 1512 quod
2092 1474 2224 1505 emersit

1256 1526 1335 1555 puer
1358 1515 1470 1546 salvus
1493 1526 1532 1546 ex
1557 1515 1682 1551 arcula,
1707 1526 1772 1545 non
1797 1515 1867 1546 sine
1891 1515 2037 1555 pluribus
2060 1517 2223 1548 miraculis

1256 1559 1374 1590 factum
1399 1563 1456 1589 est.
1503 1558 1652 1588 Fortuito
1676 1557 1829 1589 accidisse
1853 1559 1962 1589 omnia
1985 1558 2131 1590 dicerent
2150 1570 2222 1600 pro-

1255 1601 1337 1638 fani,
1367 1601 1441 1641 quia
1471 1611 1641 1640 perversus
1670 1611 1759 1631 error
1788 1606 1914 1631 mentes
1943 1611 2055 1632 eorum
2077 1606 2222 1642 occupat,

1255 1648 1290 1674 ut
1313 1643 1352 1674 ad
1377 1644 1548 1683 conspicua
1574 1643 1633 1674 Dei
1657 1653 1754 1683 opera
1776 1644 1970 1682 caecutiant,
2000 1644 2075 1675 dum
2107 1648 2223 1685 putant

1254 1698 1330 1718 casu
1355 1691 1475 1717 temere
1504 1687 1624 1717 versari
1656 1697 1758 1726 genus
1790 1686 1977 1718 humanum.
2023 1687 2123 1719 Nobis
2146 1699 2222 1720 vero

1254 1730 1448 1770 principium
1482 1729 1563 1760 illud
1598 1729 1775 1760 tenendum
1810 1734 1874 1766 est,
1910 1740 2008 1769 quum
2039 1729 2130 1762 Deus
2163 1741 2222 1762 sua.

1255 1773 1458 1812 providentia
1481 1779 1615 1803 cunctos
1635 1772 1786 1803 mortales
1810 1777 1908 1812 regat,
1932 1773 2086 1812 peculiari
2111 1778 2220 1805 tamen

1254 1826 1330 1847 eura
1354 1816 1472 1846 electos
1496 1826 1570 1846 suos
1595 1815 1740 1854 dignari,
1771 1822 1802 1845 et
1834 1814 1873 1846 ad
1902 1826 1955 1846 005
1984 1815 2166 1848 liberandos
2190 1822 2222 1847 et

1255 1857 1408 1889 fovendos
1431 1859 1592 1889 intentum
1616 1869 1693 1889 esse.
1730 1857 1822 1896 Quod
1848 1858 1874 1889 si
1893 1858 2070 1898 prudenter
2094 1859 2221 1900 singula

1255 1901 1483 1940 expendimus,
1518 1901 1609 1932 facile
1642 1901 1723 1931 ratio
1758 1901 1905 1937 dictabit,
1946 1902 2015 1932 eius
2051 1901 2149 1932 ductu
2189 1906 2220 1933 et

1254 1944 1421 1984 auspiciis,
1463 1954 1643 1983 arcanoque
1691 1944 1825 1983 spiritus
1868 1943 2025 1974 instinctu
2066 1943 2220 1984 disposita

1254 1988 1352 2018 fuisse
1375 1987 1482 2017 omnia
1509 1998 1589 2026 qnae
1619 1986 1657 2016 ad
1684 1987 1783 2017 Mosis
1814 1987 2035 2017 liberationem
2067 1987 2218 2018 facerent.

1254 2030 1365 2069 Neque
1396 2030 1481 2060 enim
1511 2031 1620 2060 minus
1649 2029 1825 2060 absurdum
1857 2034 1904 2060 est
1936 2035 2001 2059 tam
2029 2030 2218 2060 concinnam

1253 2084 1292 2103 ox
1340 2073 1429 2103 vario
1474 2078 1507 2103 et
1546 2072 1716 2112 multiplici
1762 2072 2018 2102 adiumentorem
2059 2082 2218 2103 concursu

1254 2115 1508 2146 moderationem
1542 2116 1691 2146 fortunae
1726 2114 1922 2151 adscribere,
1960 2124 2054 2153 quam
2096 2116 2218 2155 fingere

1253 2169 1324 2189 cnm
1352 2159 1492 2198 Epicuro
1517 2158 1672 2188 mundum
1698 2168 1737 2187 ox
1761 2157 1875 2187 atomis
1899 2157 2083 2188 conflatum.
2123 2158 2219 2189 Certe

1254 2201 1376 2237 Mosen,
1400 2201 1451 2240 qui
1477 2202 1604 2231 futurus
1628 2204 1698 2231 erat
1721 2200 1827 2239 populi
1856 2199 2055 2239 redemptor,
2086 2201 2177 2240 quasi
2201 2212 2218 2232 0

1253 2243 1422 2283 sepulchro
1463 2243 1589 2278 eduxit,
1632 2248 1668 2273 nt
1707 2243 1858 2282 probaret
1896 2242 2064 2272 exordium
2105 2243 2218 2275 salutis

1252 2286 1406 2317 ecclesiae
1438 2297 1506 2317 esse
1541 2286 1644 2316 veluti
1677 2285 1870 2316 creationem
1906 2295 1945 2315 cx
1984 2285 2094 2316 nihilo.
2145 2286 2217 2318 Hoc

1252 2330 1348 2359 etiam
1383 2329 1423 2359 ad
1457 2329 1584 2359 divinae
1625 2328 1825 2358 liberalitatis
1865 2327 2032 2358 cumulum
2074 2329 2216 2367 accessit,

1253 2372 1335 2411 qnod
1358 2383 1420 2403 non
1440 2371 1534 2401 modo
1558 2371 1748 2410 permissum
1769 2370 1864 2400 matri
1885 2370 1943 2400 fnit
1962 2370 2095 2410 impune
2115 2371 2215 2402 filium

1253 2415 1379 2450 lactare,
1403 2414 1457 2445 sed
1482 2414 1556 2444 data
1579 2414 1676 2443 etiam
1702 2413 1760 2442 fuit
1784 2423 1915 2443 merces.

1340 2457 1387 2487 lo.
1425 2457 1525 2487 Crevit
1558 2458 1660 2485 (tutem
1700 2456 1883 2494 fuscinulas.
1941 2455 2004 2486 Hic
2042 2467 2118 2487 vero
2151 2457 2215 2487 iam

1254 2506 1426 2530 renovatur
1445 2509 1580 2535 moeror,
1601 2497 1684 2537 quod
1706 2498 1817 2528 Mosen
1838 2508 1856 2527 a
1875 2508 1908 2528 se
1927 2499 2044 2530 iterum
2069 2499 2215 2531 abdicare

1226 2545 1228 2566 l
1253 2548 1414 2579 coguntur
1432 2546 1589 2580 parentes,
1610 2546 1705 2580 atque
1723 2541 1768 2571 ita
1786 2551 1804 2570 a
1827 2541 2004 2572 visceribus
2022 2542 2089 2573 suis
2108 2542 2214 2573 avelli.

1253 2584 1324 2614 Hac
1346 2586 1430 2614 enini
1457 2584 1525 2623 lege
1549 2589 1624 2613 tune
1649 2584 1755 2613 Moses
1778 2584 1808 2613 in
1833 2590 1961 2623 gentem
1984 2585 2214 2624 Aegyptiacam

1227 2642 1228 2647 =
1254 2627 1392 2664 transiit,
1416 2632 1449 2657 ut
1474 2637 1536 2657 non
1558 2626 1652 2656 modo
1672 2626 1796 2657 alienus
1816 2632 1899 2658 esset
1917 2638 1935 2658 a
1953 2633 2050 2667 gente
2073 2638 2138 2665 sua,
2158 2627 2214 2659 sed
