2304 3034
158 176 218 207 107

158 268 313 310 precibus.
360 264 503 305 Urgebat
522 264 609 295 enim
629 262 805 294 necessitas
824 262 863 293 ad
887 263 1122 303 implorandam

158 312 221 344 Dei
245 319 355 351 pacem
387 314 419 338 ct
443 307 581 337 veniam.
628 305 824 345 Quanquam
856 306 924 336 fieri
955 311 1057 345 potest
1086 311 1123 337 ut

160 360 264 386 astute
287 352 347 383 sub
377 350 543 390 religionis
572 352 744 388 praetextu
775 348 900 379 animos
924 358 1034 379 eorum
1063 348 1123 379 sibi

160 397 324 428 devinctos
348 398 459 424 tenere
485 392 631 422 voluerit.
664 391 746 422 Nam
770 391 867 422 anxie
887 390 947 421 sibi
970 390 1123 428 cavendo,

161 438 373 470 diffidentiam
405 446 497 466 suam
527 434 642 474 prodit.
696 434 844 473 Denique
874 444 984 473 preces
1014 444 1123 464 eorum

161 479 354 521 stipulando,
378 479 489 510 funem
512 476 624 508 iniecit
642 487 704 516 quo
728 487 781 508 eos
804 476 842 506 ad
868 487 910 513 se,
934 481 1005 516 post
1027 477 1123 507 sacri-

161 526 267 556 ficium
292 525 468 562 peractum,
492 519 681 551 retraheret.

246 565 297 597 29.
321 565 364 596 Et
386 564 466 595 dixit
490 562 609 594 Moses.-
640 562 730 598 Eece,
759 572 810 602 eqo
839 561 984 601 eqredlor.
1038 561 1125 592 Huic

160 607 371 650 postulationi
391 617 454 638 uon
478 605 651 645 respondet
674 605 799 641 Moses,
824 609 935 644 utpote
966 603 1021 643 qui
1045 604 1125 635 scie-

160 654 215 684 bat
239 650 328 683 aliud
351 660 420 681 esse
434 649 496 680 Dei
519 648 702 680 consilium:
724 652 756 678 et
779 648 848 678 iure
867 657 1060 686 suspensum
1076 657 1124 677 re-

160 695 254 735 liquit
273 703 367 734 quem
392 692 534 723 nondum
555 691 682 722 volebat
705 690 774 721 fieri
794 690 967 721 conscium.
992 689 1043 719 Ita
1062 700 1124 720 non

160 743 211 770 est
232 749 289 769 cur
312 736 415 767 malae
440 734 514 766 fidei
535 733 745 765 insimuletur
768 733 820 772 qui
840 732 977 763 fideliter
1000 732 1123 762 iniunc-

161 787 211 812 tas
234 781 293 811 sibi
318 782 424 819 partes
448 777 610 818 implevit:
642 775 771 807 reticuit
805 780 911 806 autem
941 774 1023 814 quod
1053 785 1124 814 pro-

161 824 246 855 ferre
270 822 375 853 iussus
399 831 463 851 non
488 824 571 857 erat,
606 819 671 850 imo
700 817 784 858 quod
813 818 939 849 volebat
962 817 1051 848 Deus
1075 823 1124 858 ty-

162 877 264 898 ranno
287 875 356 896 esse
379 863 612 895 absconditum.
643 862 815 893 Caeterum
829 865 958 892 sanctus
971 860 1127 900 propheta

163 910 203 941 ob
229 909 314 948 regis
347 906 515 947 perfidiam
540 905 592 945 pia
615 904 836 945 indignatione
861 913 1030 939 accensus,
1062 913 1125 933 non

164 952 273 984 statim
295 960 429 990 poenam
444 949 591 985 remittit,
611 947 666 979 sed
681 947 789 978 differt
805 947 837 977 in
851 946 934 977 diem
946 951 1126 986 posterum:

164 1000 195 1026 et
217 1004 326 1025 severe
350 998 518 1032 praeterea
542 991 725 1026 denunciat,
750 990 775 1021 si
800 989 931 1020 mentiri
943 992 1058 1029 pergat
1070 998 1125 1019 no·

164 1047 239 1068 xam
264 1037 331 1066 eius
355 1035 458 1066 fraudi
482 1038 628 1075 paratam
653 1034 729 1064 fore.
764 1033 901 1063 Tantam
927 1032 1010 1062 hanc
1029 1031 1128 1062 animi

164 1078 424 1120 magnitudinem
456 1088 496 1108 ex
530 1076 692 1107 miraculis
726 1075 909 1115 collegerat,
938 1074 1053 1114 quibus
1082 1074 1129 1104 in-

167 1121 384 1162 superabilem
411 1121 470 1151 Dei
494 1120 671 1160 potentiam
696 1123 860 1158 expertus,
894 1116 1030 1148 timendi
1053 1127 1129 1148 cau-

168 1176 237 1197 sam
262 1175 325 1195 non
350 1163 497 1194 habebat.
533 1163 640 1193 Rarae
664 1161 751 1193 enim
774 1160 908 1192 virtutis
931 1160 1000 1197 fuit,
1024 1159 1128 1199 palam

170 1213 199 1239 et
223 1209 258 1238 in
282 1207 394 1238 faciem
420 1212 557 1247 tyranno
587 1205 782 1245 exprobrare
806 1214 864 1235 sua
887 1202 1069 1240 mendacia,
1098 1206 1131 1232 et

168 1251 262 1282 simul
285 1249 428 1280 minitari
452 1259 584 1289 poenam
610 1248 674 1278 nisi
698 1259 716 1278 a
739 1247 819 1278 dolis
838 1246 931 1276 malis
951 1246 1127 1276 desisteret.

170 1294 324 1325 Diximus
344 1303 419 1323 vero
438 1297 542 1327 antea,
563 1291 676 1322 Mosen
698 1301 761 1321 non
780 1289 910 1329 proprio
929 1288 1027 1319 animi
1040 1293 1128 1318 motu

169 1337 268 1368 fuisse
289 1335 467 1376 pollicitum
482 1334 647 1365 Pharaoni
666 1333 751 1374 quod
771 1332 912 1373 rogabat,
932 1331 987 1362 sed
999 1330 1130 1371 speciali

169 1379 310 1420 impulsu
347 1384 412 1409 tam
449 1377 648 1408 confidenter
682 1377 850 1416 loquutum
885 1375 990 1405 fuisse.
1045 1373 1129 1404 Nam

170 1422 330 1464 generalis
361 1421 546 1461 promissio,
580 1430 642 1460 qua
675 1420 764 1450 Deus
798 1428 966 1449 servorum
1000 1426 1130 1447 suorum

170 1466 256 1496 votis
289 1476 322 1495 se
356 1465 422 1495 fore
456 1463 629 1503 propitium
664 1462 819 1500 affirmat,
858 1471 923 1491 non
960 1459 1053 1491 debet
1090 1458 1130 1489 ad

174 1507 320 1549 singulas
343 1507 464 1547 species
488 1506 583 1543 trahi,
608 1510 642 1536 ut
666 1505 726 1536 hoc
750 1505 799 1535 vel
823 1503 904 1534 illud
928 1506 1013 1534 certo
1037 1501 1130 1533 modo

170 1562 204 1583 se
238 1551 464 1590 impetraturos
498 1548 670 1585 confidant,
705 1547 769 1578 nisi
803 1546 932 1578 accedat
969 1544 1131 1586 singulare

170 1593 297 1634 aliquod
323 1593 543 1623 testimonium
564 1603 605 1622 ex
629 1590 724 1622 verbo
748 1595 780 1621 et
802 1590 917 1630 spiritu
941 1588 1011 1619 Dei.

256 1636 306 1667 31.
340 1634 382 1666 Et
416 1636 488 1674 fecit
518 1634 631 1666 Iclzova
667 1634 836 1666 secundum
868 1632 991 1663 verbum
1026 1630 1132 1661 Masis.

171 1679 317 1710 Verbum
345 1678 394 1708 hic
418 1684 483 1708 tam
514 1677 552 1708 de
581 1687 733 1717 responso
757 1686 852 1716 quam
875 1674 915 1706 de
938 1674 1039 1706 Mosis
1062 1683 1132 1713 pre-

171 1723 297 1754 catione
328 1726 433 1761 potest
463 1721 591 1760 exponi.
638 1720 733 1751 Prius
763 1718 841 1749 illud
871 1717 974 1758 magis
1004 1715 1132 1753 arridet,

171 1766 287 1796 effectu
311 1764 434 1796 scilieet
457 1764 526 1804 ipso
540 1763 646 1794 Deum
671 1763 821 1803 probasse
840 1764 947 1792 ratum
967 1771 1000 1792 sc
1015 1760 1133 1791 habere

171 1808 255 1848 quod
284 1806 410 1838 dixerat
437 1807 560 1843 Moses,
596 1817 690 1846 quem
721 1805 931 1838 constituerat
954 1803 1062 1834 iudicii
1086 1802 1134 1833 sui

171 1859 382 1892 praeconem:
417 1851 443 1881 si
473 1850 545 1889 quis
576 1855 687 1880 tamen
711 1849 749 1880 ad
774 1848 990 1889 precationem
1014 1846 1135 1877 referre

171 1894 271 1931 malit,
296 1894 422 1924 fruatur
445 1904 501 1923 suo
525 1903 631 1923 sensu.
667 1892 731 1923 Ubi
754 1891 842 1922 addit
865 1891 925 1921 hac
948 1889 1043 1920 etiam
1068 1888 1136 1919 vice

172 1941 386 1977 aggravatum
418 1936 515 1966 fuisse
538 1946 591 1966 cor
621 1935 723 1975 regis,
759 1934 880 1965 crimen
914 1931 1136 1964 obstinationis

172 1986 366 2020 exaggerat:
397 1989 432 2009 eo
463 1978 546 2018 quod
570 1978 680 2009 nullus
704 1977 802 2008 fuerit
825 1974 1000 2007 rebellandi
1024 1973 1137 2004 modus

174 2024 206 2053 in
226 2028 315 2053 tanta
335 2031 512 2061 poenarum
527 2022 684 2061 congerie,
698 2021 815 2061 quibus
834 2019 885 2049 vcl
904 2018 1045 2049 ferreum
1064 2026 1137 2057 pec-

174 2072 225 2096 tus
249 2065 364 2105 corrigi
390 2064 530 2096 decebat.

542 2234 692 2266 CAPUT
716 2233 776 2265 IX.

262 2322 288 2351 1.
315 2321 398 2351 Tunc
417 2320 497 2351 diarit
524 2320 635 2351 Ielmva
657 2320 699 2351 ad
723 2318 846 2350 Mosen.-
885 2317 967 2348 Vade
990 2316 1031 2347 ad
1057 2314 1140 2345 Plea-

174 2374 307 2400 rammu,
339 2366 364 2393 el
395 2363 514 2402 loquere
541 2364 582 2393 ad
611 2373 695 2393 cum:
731 2362 783 2393 Sic
813 2361 887 2392 dicit
916 2358 1028 2390 Iellova
1052 2357 1140 2388 Deus

177 2407 404 2437 &bracem-mn.-
448 2406 579 2437 Dimitte
607 2405 758 2445 populum
792 2413 892 2435 meum
934 2404 964 2432 ut
1005 2400 1140 2432 serviant

176 2449 262 2479 milli.
309 2450 336 2480 2.
366 2449 451 2488 (guod
473 2450 501 2477 si
523 2452 554 2479 tn
578 2449 686 2479 renuis
708 2457 775 2478 eum
798 2446 955 2482 dimittere,
990 2446 1016 2474 et
1039 2442 1139 2474 adhuc

176 2495 207 2522 [ιι
233 2492 342 2522 retines
372 2502 436 2522 eos:
480 2492 508 2522 3.
538 2491 629 2529 Ecce,
659 2501 772 2521 manus
801 2489 930 2519 Ielzovae
960 2487 1017 2517 crit
1045 2496 1138 2524 super

176 2545 291 2574 yrejsem
316 2537 402 2564 {uum
425 2535 478 2573 qui
501 2537 543 2565 cst
566 2535 597 2564 in
621 2544 710 2573 affro:
732 2533 766 2563 in
787 2532 883 2571 equis,
914 2531 947 2561 in
971 2529 1080 2564 asinis,
1105 2529 1137 2558 in

178 2577 310 2614 crzmvlz's,
340 2577 373 2607 in
402 2577 550 2607 armentis
577 2579 602 2607 et
633 2578 666 2607 in
696 2575 800 2606 ovibus
818 2573 916 2613 pestis
936 2572 1134 2613 (Jrctvissima.

179 2620 207 2650 4.
235 2620 275 2650 Et
298 2620 463 2660 ‹listinymt
494 2619 606 2650 Ieleova
629 2620 708 2650 inter
725 2627 837 2658 pecora
862 2615 976 2653 Israel,
1004 2617 1031 2646 ct
1060 2615 1137 2645 inter

747 169 1116 202 COMMENTARIUS
1138 169 1187 201 IN
1210 167 1359 200 EXODI
1383 167 1477 200 GAP.
1503 168 1562 210 IX.

2082 166 2142 198 108

1170 274 1286 304 pecora
1317 263 1466 303 Aeyypti:
1497 264 1531 292 ut
1559 271 1620 292 non
1654 260 1808 291 moriatur
1837 260 2007 298 quidquam
2039 271 2142 292 eorum

1175 316 1253 346 quac
1282 308 1354 337 szmt
1383 305 1468 344 apud
1494 305 1575 344 filios
1608 302 1718 334 Israel.
1770 302 1798 333 5.
1824 301 1867 332 Et
1899 303 2007 333 statuit
2030 303 2142 335 Ielaova

1175 352 1303 388 tempus,
1327 348 1468 379 dicendo.-
1494 347 1572 378 Cras
1589 346 1681 386 faciet
1696 345 1808 376 lelzova
1820 355 1884 375 rem
1902 344 1980 375 hanc
1997 345 2030 376 in
2048 348 2141 378 terra.

1177 391 1205 422 6.
1232 391 1317 422 Fecit
1334 391 1438 430 itaque
1462 389 1575 421 Ielzova
1597 399 1661 420 rem
1684 388 1763 418 hanc
1778 389 1900 426 postero
1922 386 1987 418 die,-
2014 390 2040 418 εἰ
2061 398 2141 419 mor-

1175 437 1262 465 tuum
1285 436 1327 464 cst
1350 443 1435 464 omne
1453 442 1549 472 pecus
1562 431 1712 471 Aeyypti:
1734 430 1771 461 de
1788 439 1897 468 pecore
1914 439 1984 460 vero
2005 430 2143 469 filiorum

1177 476 1279 508 Israel
1301 486 1337 506 nc
1360 485 1456 506 unum
1479 474 1602 514 quidem
1625 473 1744 504 animal
1769 475 1922 503 mortuum
1944 475 1995 503 est.
2049 473 2077 504 7.
2102 473 2144 504 Et

1175 520 1261 550 misit
1286 518 1426 556 Pharao,
1451 521 1476 548 et
1499 527 1568 552 ecce,
1590 527 1626 547 ea·
1645 525 1750 554 pecore
1774 515 1876 546 Israel
1899 525 1935 545 ne
1957 525 2054 546 unum
2076 517 2144 555 qui-

1175 563 1243 593 dem
1267 561 1385 592 animal
1409 562 1563 591 mortuum
1585 561 1658 589 erat.
1704 558 1747 589 Et
1776 559 1978 597 ayyravatum
2003 558 2067 597 fuit
2092 567 2143 590 cor

1179 604 1366 640 Pharaonis,
1386 606 1419 634 ut
1441 613 1499 634 non
1521 602 1687 633 ‹Zimitteret
1703 600 1863 640 populum.

1265 690 1291 720 1.
1315 689 1400 720 Time
1422 689 1503 719 dim
1527 687 1648 718 Iehova.
1694 685 1792 716 Nulla
1814 685 1867 716 hic
1890 686 2029 717 refertur
2041 687 2144 719 Mosis

1177 732 1395 773 qucrimonia,
1427 730 1478 761 vel
1503 728 1735 769 expostulatio:
1760 733 1793 759 et
1815 728 1886 759 fieri
1909 734 2012 768 potest
2042 733 2077 760 ut
2107 740 2144 761 eo

1178 781 1304 807 tacente
1328 780 1359 804 ct
1385 774 1507 814 quieto,
1539 772 1739 811 prospexerit
1764 771 1853 802 Deus
1884 772 1961 810 quid
1989 782 2070 811 opus
2093 783 2142 804 cs-

1177 824 1226 849 set
1249 818 1345 854 factu,
1369 823 1466 856 atque
1490 815 1586 846 etiam
1610 814 1818 845 mandaverit
1840 813 1916 853 quid
1941 815 2011 845 fieri
2034 814 2142 847 vellet.

1178 862 1301 892 Verum
1336 861 1409 899 quia
1443 862 1570 889 tantum
1611 867 1755 888 summas
1796 867 1904 887 rerum
1944 858 2142 898 perstringit,

1178 902 1335 944 probabili
1371 902 1494 932 ratione
1529 900 1716 930 existimare
1748 910 1938 940 possumus,
1967 906 2063 940 prout
2092 901 2143 931 in-

1179 945 1388 987 gravescebat
1419 944 1555 979 malum,
1588 942 1764 973 identidem
1796 941 1835 972 ad
1865 943 2045 974 remedium
2069 953 2144 975 con-

1180 989 1309 1029 fugisse.
1356 988 1392 1018 In
1427 986 1674 1017 denunciatione
1695 995 1759 1016 non
1785 988 1833 1015 est
1861 985 1969 1016 inanis
1991 985 2071 1017 haec
2094 996 2143 1017 re—

1180 1032 1300 1072 petitio,
1326 1030 1445 1060 Iehova
1470 1030 1559 1060 Deus
1573 1028 1806 1063 Hebraeorum,
1831 1031 1868 1058 ut
1891 1028 1992 1060 diseat
2004 1028 2143 1066 Pharao,

1179 1085 1273 1114 quem
1298 1084 1330 1104 sc
1354 1072 1511 1112 repulisse
1536 1070 1664 1111 turgido
1689 1081 1745 1101 suo
1765 1070 1851 1101 fastu
1870 1071 2014 1111 putabat,
2038 1071 2144 1103 adhuc

1181 1117 1278 1157 capiti
1302 1126 1358 1147 suo
1382 1116 1513 1146 instare.
1555 1113 1697 1145 Insultat
1723 1113 1808 1144 enim
1829 1114 1964 1145 ferociae
1991 1114 2090 1152 Deus,
2114 1118 2144 1145 et

1182 1160 1310 1191 nominc
1342 1169 1398 1189 suo
1428 1158 1460 1188 in
1491 1156 1633 1187 medium
1663 1156 1789 1196 prolato
1820 1157 1941 1188 rabiem
1970 1157 2039 1188 eius
2069 1167 2144 1189 con-

1181 1203 1330 1242 temptim
1356 1200 1489 1231 lacessit.
1536 1199 1690 1230 Diximus
1713 1203 1787 1230 ante
1812 1199 1972 1239 sacrilegii
1994 1199 2145 1231 convinci

1183 1246 1400 1276 Pharaonem:
1426 1242 1508 1283 quod
1533 1242 1688 1282 populum
1713 1242 1774 1273 Dei
1798 1243 1969 1282 opprimat,
1993 1247 2026 1273 et
2038 1243 2145 1273 Deum

1181 1289 1286 1329 ipsum
1311 1285 1437 1318 fraudet
1460 1286 1542 1316 iusto
1563 1285 1694 1316 honore.
1726 1285 1776 1316 Ita
1795 1285 1845 1316 his
1859 1285 1982 1317 verbis:
2007 1285 2145 1316 Dimitte

1182 1330 1337 1372 populum
1361 1339 1466 1359 mcum
1491 1334 1526 1358 ut
1549 1329 1692 1358 serviant
1715 1327 1811 1365 mihi,
1842 1328 1927 1359 inest
1949 1327 2074 1367 pondus
2104 1328 2145 1359 ad

1183 1375 1304 1406 crimen
1329 1371 1583 1412 aggravandum.

1269 1416 1297 1447 52.
1326 1415 1410 1455 Quod
1432 1415 1461 1445 si
1483 1414 1597 1444 renuis.
1622 1413 1749 1444 Poenae
1770 1417 1856 1444 metu
1882 1424 1993 1444 rursus
2012 1423 2087 1444 eum
2105 1413 2145 1445 ad

1184 1458 1370 1499 obsequium
1384 1457 1521 1497 impellit
1535 1456 1637 1487 Deus:
1653 1456 1749 1487 sicuti
1762 1466 1833 1486 oum
1847 1456 2036 1495 praefractis
2050 1466 2146 1496 agere

1184 1503 1273 1534 solet.
1321 1501 1469 1541 Spatium
1501 1504 1609 1530 tamen
1634 1498 1763 1539 aliquod
1788 1499 1942 1538 temporis
1971 1498 2020 1539 (ut
2043 1498 2147 1541 prius)

1184 1544 1329 1577 concedit
1352 1543 1391 1574 ad
1415 1543 1688 1582 resipiscentiam,
1723 1542 1750 1573 si
1779 1542 1861 1572 forte
1892 1552 2029 1582 pravum
2055 1552 2145 1573 recu—

1185 1587 1275 1620 sandi
1300 1587 1450 1617 affectum
1471 1586 1616 1625 deponat.
1662 1584 1770 1624 Atque
1805 1584 1864 1616 hoc
1893 1595 1979 1616 nuuc
2014 1583 2146 1616 distinc-

1185 1632 1248 1662 tius
1271 1633 1500 1662 commemorat
1529 1628 1638 1660 Moses
1661 1627 1680 1659 5
1704 1637 1816 1659 versu:
1848 1631 1916 1659 tum
1939 1631 1977 1659 ut
1999 1627 2148 1659 ostendat

1185 1674 1343 1715 perditam
1374 1673 1407 1703 in
1429 1672 1554 1703 malitia
1576 1671 1841 1709 obstinationem,
1871 1670 1954 1711 quod
1985 1674 2147 1711 tyrannus

1185 1717 1290 1748 derisa
1319 1716 1474 1756 patientia
1505 1715 1566 1745 Dei
1594 1724 1685 1746 suam
1714 1713 1880 1745 libidinem
1910 1718 2064 1753 sequutus
2088 1713 2145 1745 sit:

1185 1765 1253 1791 tum
1273 1760 1369 1790 etiam
1389 1763 1425 1789 ut
1447 1758 1567 1788 certius
1586 1768 1625 1788 cx
1639 1757 1792 1797 temporis
1805 1756 2046 1788 circumstantia
2058 1759 2147 1796 pate-

1186 1804 1242 1834 fiat
1265 1813 1329 1833 non
1353 1812 1442 1838 casu,
1467 1800 1521 1832 sed
1536 1800 1599 1831 Dei
1618 1810 1716 1831 manu
1729 1810 1880 1840 pereussa
1892 1799 1991 1831 fuisse
2006 1799 2149 1839 Aegypti

1186 1856 1310 1886 pecora.
1345 1845 1382 1875 In
1407 1844 1559 1875 adverbio
1579 1842 1695 1874 Adhuc
1716 1843 1827 1873 subest
1846 1853 1984 1874 vesanae
2007 1842 2148 1881 pertina-

1187 1889 1254 1920 ciae
1277 1888 1472 1927 obiurgatio:
1496 1886 1588 1926 quasi
1612 1885 1733 1917 diceret
1756 1886 1864 1917 Moses
1888 1885 1966 1917 satis
1989 1895 2149 1924 superque

1188 1935 1394 1972 provocatum
1415 1930 1512 1960 fuisse
1532 1929 1654 1959 Deum:
1678 1927 1822 1968 ideoque,
1846 1928 1906 1959 nisi
1930 1927 2073 1966 desistat,
2096 1938 2150 1958 no-

1190 1985 1246 2004 vas
1270 1979 1301 2004 et
1320 1973 1491 2004 atrociores
1511 1972 1623 2012 plagas
1647 1971 1717 2002 Deo
1740 1971 1772 2001 in
1797 1975 1948 2011 promptu
1971 1980 2050 2008 esse,
2077 1970 2148 2010 qui-

1189 2018 1248 2048 bus
1261 2027 1334 2047 euin
1347 2021 1501 2046 conterat.
1527 2015 1631 2046 Pestis
1650 2014 1828 2054 appositive
1847 2018 1982 2045 vocatur
1994 2012 2055 2043 Dei
2080 2022 2148 2043 ma-

1190 2070 1266 2090 nus:
1288 2060 1361 2098 quia
1379 2070 1397 2089 a
1416 2059 1498 2089 iusto
1511 2059 1579 2089 eius
1598 2056 1716 2088 iudicio
1730 2057 1907 2096 proveniat.
1932 2055 2048 2087 Causis
2061 2056 2147 2086 enim

1190 2102 1400 2139 naturalibus,
1425 2101 1592 2131 hominum
1619 2098 1741 2130 artibus
1767 2099 1817 2130 vel
1839 2099 1991 2138 consiliis⁷
2015 2103 2045 2128 et
2068 2098 2147 2129 casi-

1191 2146 1250 2176 bus
1280 2144 1419 2175 fortuitis
1445 2144 1619 2184 opponitur
1649 2142 1709 2172 hoc
1737 2153 1868 2173 nomen:
1900 2142 1990 2180 quasi
2014 2140 2149 2171 dixisset

1191 2188 1298 2219 Moses
1321 2198 1452 2217 inunum
1477 2187 1537 2217 Dei
1557 2185 1775 2225 apparituram
1802 2195 1871 2216 esse
1893 2184 1927 2214 in
1958 2188 2046 2223 peste
2075 2193 2148 2223 gra-

1193 2231 1331 2266 vissima,
1356 2234 1390 2260 ut
1413 2230 1530 2260 sentiat
1548 2228 1676 2259 Pharao
1700 2228 1835 2258 coeleste
1855 2237 1975 2258 numen
1996 2226 2055 2257 sibi
2078 2236 2149 2257 esse

1190 2273 1352 2303 infestum.
1378 2273 1478 2303 Porro
1501 2272 1559 2302 etsi
1579 2271 1689 2301 mitior
1711 2271 1839 2301 videtur
1857 2280 1927 2301 esse
1945 2269 2041 2310 plaga
2053 2279 2149 2309 quam

1191 2316 1383 2355 superiores:
1408 2315 1482 2355 quia
1505 2323 1612 2345 tamen
1633 2314 1728 2353 longe
1755 2313 1827 2353 plus
1846 2313 1987 2344 iacturae
2006 2313 2038 2342 in
2061 2312 2149 2342 futu-

1191 2369 1262 2389 runi
1292 2364 1419 2397 tempus
1454 2357 1577 2394 intulit,
1612 2357 1722 2387 durior
1751 2355 1836 2386 haud
1866 2355 1961 2386 dubie
1995 2360 2028 2385 et
2061 2364 2151 2394 aspe-

1190 2402 1254 2431 rior
1278 2401 1335 2431 fnit
1359 2401 1539 2441 Aegyptiis.
1586 2400 1682 2430 Prius
1705 2398 1744 2429 ad
1764 2399 1859 2430 breve
1883 2403 2011 2437 tempus
2034 2397 2149 2428 infesta

1189 2444 1252 2474 illis
1287 2444 1389 2474 fuerat
1422 2454 1537 2474 manus
1563 2443 1641 2478 Dei,
1675 2447 1707 2472 et
1740 2452 1804 2472 una
1833 2452 1906 2473 cum
1940 2439 2149 2472 incommodis

1189 2486 1313 2517 ablatus
1334 2486 1436 2516 fuerat
1460 2486 1557 2523 dolor,
1582 2496 1667 2516 nunc
1691 2495 1766 2516 vero
1789 2490 1914 2523 strages
1936 2493 2084 2523 pecorum
2116 2483 2148 2513 in

1188 2540 1290 2559 annos
1321 2529 1500 2568 complures
1531 2528 1684 2559 damnosa
1713 2532 1770 2558 est.
1818 2527 1907 2558 Haec
1940 2526 2025 2557 enim
2058 2525 2149 2565 quasi

1188 2571 1333 2612 gradatio
1368 2571 1399 2601 in
1438 2572 1496 2601 Dei
1531 2571 1657 2602 iudiciis
1690 2569 1922 2601 consideranda
1956 2572 2019 2600 est:
2055 2568 2149 2599 sicuti

1188 2615 1285 2645 etiam
1317 2614 1369 2644 lex
1398 2613 1704 2653 transgressoribus,
1739 2613 1800 2644 nisi
1836 2617 1960 2643 mature
1994 2611 2028 2642 in
2063 2610 2150 2642 viam
