2304 3034
167 168 207 199 ‘29

169 262 238 293 fore
257 260 374 297 hostes,
388 260 414 290 si
433 258 625 290 innotuisset
643 257 780 287 facinus:
802 266 915 286 verum
936 265 954 285 a
968 255 1132 293 fratribus,

170 313 307 344 quorum
349 302 498 332 miseriae
538 309 724 331 succurrere
762 298 924 334 voluerat,
966 308 1131 337 nunquam

172 349 391 385 exspectasset
404 348 468 375 tam
481 343 646 382 indignam
659 340 852 371 mercedem:
874 340 1009 379 ideoque
1028 340 1132 370 incre—

173 388 280 419 dibilis
303 387 501 418 constantiae
521 385 582 415 fuit
600 388 724 414 tantum
745 382 944 413 obstaculum
969 393 1131 421 superare.

259 430 306 461 15.
333 429 457 460 Pharao
479 428 577 458 etiam.
622 426 783 456 Timorem
807 425 923 455 fatetur
942 425 1058 461 Moses,
1078 423 1133 455 sed

173 483 234 513 quo
263 476 420 503 retractus
450 480 513 501 non
543 469 604 499 fuit
626 479 643 499 a
673 468 839 498 vocatione
869 478 934 498 sua.
980 467 1133 497 Diximus

172 520 246 546 ante
280 515 348 545 eius
380 513 482 543 zelum
516 511 613 542 fuisse
642 510 823 540 infirmitati
852 509 1048 546 admixtum,
1078 508 1132 540 scd

172 557 396 597 praevaluisse,
420 558 455 585 ut
477 553 689 584 nihilominus
708 553 889 583 iniunctum
911 552 970 582 sibi
990 552 1132 583 officium

172 599 311 631 viriliter
338 597 433 628 simul
464 607 499 627 ac
530 594 640 626 timide
670 599 859 634 praestaret.
904 595 995 625 Haec
1023 599 1131 625 autem

174 642 274 672 altera
297 645 344 671 est
367 638 565 669 constantiae
588 637 743 677 probatio,
767 636 851 676 quod
873 647 945 667 eum
969 637 1042 667 facti
1067 647 1131 667 non

173 684 322 725 poenitet,
345 686 379 712 ut
402 680 527 712 studeat
550 690 657 720 regem
684 680 818 719 placare,
843 679 899 710 sed
923 679 962 709 ad
982 679 1131 710 exsilium

173 737 206 757 se
229 728 403 764 comparat:
433 733 535 762 neque
564 722 609 753 sic
639 722 822 761 expavescit
845 722 877 752 in
906 727 996 752 tanto
1021 721 1129 752 discri-

174 769 258 799 mine
283 772 318 798 ut
346 766 501 796 attonitus
531 764 582 795 vel
611 764 735 795 consilii
766 765 856 804 inops
887 764 1044 802 desideat,
1076 764 1131 795 sed

173 809 315 842 concedit¹
338 809 370 838 in
394 814 513 838 terram
537 806 686 844 Madian,
717 817 753 837 ac
775 817 834 846 per
857 807 984 838 deserta
1007 806 1132 837 mavult

171 862 278 883 errare
318 861 409 890 quam
453 849 596 880 hostibus
636 849 729 880 electi
770 849 879 889 populi
920 849 1129 880 reconciliari.

170 894 361 933 Quanquam
384 898 491 923 autem
515 892 643 922 videtur
665 891 724 923 hoc
747 892 885 923 circuitu
906 893 995 923 Deus
1015 903 1033 922 a
1056 902 1129 922 con-

169 937 239 968 silio
262 935 416 966 liberandi
446 934 554 974 populi
584 934 765 965 deflectere:
798 935 990 965 mirabiliter
1020 940 1129 965 tamen

168 990 246 1019 opus
278 989 371 1009 suum
405 980 579 1017 promovet.
636 978 732 1007 Certe
764 977 879 1008 Mosen
914 982 979 1007 tam
1021 977 1130 1008 arduis

167 1032 247 1061 quae
273 1031 345 1052 eum
374 1019 545 1050 manebant
571 1020 816 1055 certaminibus,
851 1020 994 1050 nondum
1029 1020 1129 1050 fuisse

168 1068 329 1095 maturum
342 1063 420 1093 satis
439 1063 502 1092 iam
521 1063 748 1102 cognovimus:
770 1062 834 1092 imo
847 1062 879 1092 in
900 1062 974 1093 aula
987 1062 1128 1092 molliter

168 1111 198 1137 et
213 1106 344 1136 delicate
363 1103 500 1141 habitus,
520 1104 660 1135 nondum
681 1105 720 1135 ad
741 1106 888 1144 ingentes
908 1111 938 1135 et
958 1106 1127 1135 continuas
1152 1115 1154 1128 ⁴

166 1149 328 1180 molestias
351 1154 551 1183 assueverat,
580 1158 713 1186 quarum
746 1148 844 1178 fuisse
874 1148 1030 1178 victorem
1053 1158 1125 1178 con-

166 1196 273 1222 textus
302 1190 455 1221 historiae
483 1189 637 1220 ostendet.
691 1189 782 1220 Deus
812 1190 920 1229 itaque
951 1201 1023 1221 euin
1049 1200 1125 1229 quo·
1151 1223 1152 1228 ¹

166 1233 335 1264 dammodo
365 1232 532 1269 subduxit,
565 1237 599 1262 ut
628 1233 784 1272 paulatim
820 1232 985 1263 obeundae
1016 1238 1124 1263 tantae

162 1275 345 1315 provinciae
367 1274 517 1305 idoneum
541 1285 576 1306 ac
600 1285 709 1314 parem
730 1275 887 1306 redderet.
929 1275 1015 1306 Usus
1038 1276 1123 1305 enim

164 1318 377 1358 quadraginta
407 1328 564 1348 annorum
587 1318 620 1347 in
652 1317 809 1348 laborioso
831 1324 862 1349 et
886 1324 1013 1349 austero
1037 1319 1123 1349 vitae

163 1371 280 1401 genere
303 1371 366 1391 non
390 1370 502 1399 parum
526 1360 645 1400 profuit
668 1359 706 1391 ad
731 1360 857 1400 quidvis
882 1360 1067 1391 ferendum:
1088 1366 1124 1391 ut

162 1403 278 1434 merito
301 1403 461 1434 desertum
484 1403 607 1434 censeri
639 1402 751 1434 debeat
775 1403 885 1434 schola
908 1404 940 1434 in
964 1414 1026 1443 qua
1049 1414 1122 1434 eru-

163 1445 246 1477 ditus
279 1446 352 1483 fuit,
387 1445 485 1476 donec
519 1444 558 1476 ad
592 1447 791 1485 provinciam
824 1447 927 1486 magis
958 1446 1119 1477 difficilem

162 1492 387 1520 accerseretur.
439 1487 532 1526 Quod
561 1487 677 1519 dicitur
707 1488 828 1520 sedisse
856 1489 948 1520 iuxta
978 1494 1120 1528 puteum,
1147 1529 1148 1532 Ἰ

162 1531 353 1570 interpretor
382 1530 420 1561 ob
450 1530 671 1562 lassitudinem
702 1531 766 1562 illic
797 1531 863 1563 sole
898 1531 937 1562 ad
972 1541 1120 1563 occasum
1146 1544 1148 1568 l

162 1581 314 1613 vergente
333 1573 584 1612 interquievisse,
598 1581 632 1604 ut
651 1575 735 1605 circa
755 1584 922 1614 vesperam
943 1574 1120 1614 inquireret

161 1616 199 1646 de
223 1615 359 1655 hospitio
382 1615 420 1646 ab
444 1615 570 1650 ineolis,
601 1627 678 1656 quos
703 1616 742 1646 ad
766 1616 977 1647 hauriendam
1001 1628 1119 1657 aquam
1145 1638 1147 1650 .

159 1664 312 1689 venturos
325 1657 481 1698 sperabat.
517 1659 567 1688 Ex
587 1670 649 1698 quo
668 1660 807 1689 infausto
821 1670 947 1690 accessu
962 1660 1119 1691 conjicere

159 1706 340 1740 promptum
366 1706 413 1731 est
440 1711 534 1740 quam
565 1702 731 1732 commoda
757 1702 913 1733 habitatio
936 1703 1057 1742 sperari
1079 1703 1117 1733 ab

159 1753 196 1774 eo
218 1744 365 1782 potuerit.

245 1828 291 1858 16.
314 1827 417 1858 Erant
438 1831 538 1859 autem
559 1829 708 1859 sacerdoti
731 1829 867 1860 Madian
890 1833 1001 1869 septem
1025 1831 1118 1869 filiae,

160 1880 237 1909 quae
258 1873 419 1907 venerunt,
444 1874 468 1901 et
491 1870 675 1908 hauserunt,
698 1872 956 1912 impleveruntque
986 1874 1116 1909 emulus,

160 1915 194 1943 ut
208 1915 349 1951 potarent
371 1923 437 1943 oves
452 1914 556 1952 patris·
575 1915 633 1944 sui.
678 1915 724 1945 17.
750 1915 791 1945 Et
813 1919 958 1946 veum-unt
977 1919 1117 1955 pastores

159 1956 212 1994 qui
239 1955 414 1994 repulerunt
443 1966 509 1986 eas:
537 1960 564 1987 et
591 1967 721 1995 θην-06ης
743 1957 847 1988 Illoses
876 1959 1052 1989 auriliutus
1074 1962 1118 1989 est

159 1998 246 2037 ipsis,
265 1998 439 2037 patriciique
460 2009 527 2030 oves
549 1999 683 2030 illarum.
721 2000 768 2030 18.
793 2000 834 2030 Et
857 2012 951 2039 quum
969 2002 1117 2032 venissent
1141 2015 1143 2036 ;

158 2040 199 2071 ad
216 2039 346 2071 Betlcuel
362 2043 485 2079 patrem
506 2052 605 2080 suum,
629 2043 710 2073 <litut
733 2043 795 2073 ille:
821 2046 922 2082 (guare
944 2044 1032 2075 hodic
1053 2046 1116 2074 tam
1141 2044 1143 2064 l

158 2083 213 2113 cito
238 2083 397 2113 rediistis?
442 2084 488 2115 19.
514 2084 754 2123 Responderunt,
776 2087 826 2116 vir
848 2086 1019 2125 Acygsplius
1047 2087 1115 2117 libe·
1141 2121 1142 2124 Ἴ

158 2126 238 2155 ravit
260 2134 316 2156 nos
339 2136 352 2156 e
380 2136 474 2157 mauu
502 2130 676 2166 pastorum,
700 2131 788 2167 utque
820 2129 911 2159 etiam
944 2129 1114 2160 hauriendo
1140 2125 1142 2132 ’

158 2166 260 2198 hausit
278 2167 369 2205 uobis,
395 2171 420 2199 et
436 2169 581 2207 praebuit
596 2173 702 2208 potum
725 2171 836 2202 ovibus.
878 2172 927 2202 20.
953 2172 1045 2202 1217.ssth
1066 2172 1116 2203 ille

159 2210 200 2240 acl
220 2209 303 2247 filias
326 2221 414 2241 suus:
436 2211 479 2242 Et
497 2212 550 2243 ubi
569 2215 612 2243 cst
628 2213 705 2244 mg?
729 2224 824 2253 (ficare
842 2214 886 2245 sic
907 2215 1115 2253 dereliquistis

159 2252 285 2282 virum?
319 2257 470 2284 convocate
502 2265 569 2285 eum
598 2258 629 2285 ut
662 2257 796 2286 comedat
819 2268 940 2295 prowm.
992 2258 1042 2288 21.
1073 2256 1115 2288 Et

159 2295 308 2324 consensit
342 2295 442 2326 Moses
474 2296 611 2328 habiture
644 2309 711 2328 cum
743 2299 811 2330 viro
844 2300 912 2337 ulo,
947 2301 1001 2338 qui
1034 2301 1115 2331 dedu

163 2335 327 2374 Sephoram
354 2338 452 2375 filiam
480 2349 570 2370 suam
594 2339 684 2371 Mosc'.
728 2342 777 2372 22.
806 2344 889 2381 (guae
910 2353 1003 2381 quum
1020 2353 1114 2381 pepe-

159 2379 248 2408 risset
265 2378 373 2417 filium,
395 2382 509 2412 vocavit
526 2392 631 2413 nomen
649 2384 715 2414 eius
731 2385 857 2421 Gersou,
882 2385 1001 2416 dicens.-
1026 2385 1114 2416 Pere-

157 2421 268 2460 9rinus
289 2430 357 2451 sum
379 2423 409 2452 iu
433 2426 514 2454 terra
536 2425 648 2456 aliena.

246 2506 293 2536 16.
312 2506 413 2538 Erant
429 2512 528 2540 autem
543 2512 700 2543 sacerdoti.
730 2512 826 2543 Hunc
845 2523 1011 2544 occursum
1025 2524 1114 2554 pros-

759 161 1124 194 COMMENTARIUS
1148 162 1195 192 IN
1221 162 1369 193 EKODI
1393 162 1489 193 GAP.
1514 162 1556 193 ΙῘ.

158 2558 254 2587 perae
272 2549 418 2596 fortunae
440 2551 656 2584 adscriberent
679 2555 804 2594 profani
829 2555 975 2588 homines
998 2557 1029 2586 in
1055 2568 1115 2596 quo
1140 2556 1141 2580 l

159 2595 266 2621 tamen
296 2602 401 2623 Vivam
431 2595 647 2632 providentiae
675 2609 751 2628 suae
782 2598 955 2638 imaginem
985 2609 1112 2639 reprac-

2109 167 2127 197 3
2132 167 2152 197 Ο

1186 260 1293 285 sentat
1328 255 1419 286 nobis
1450 256 1556 294 Deus,
1592 267 1628 288 ac
1656 258 1681 288 si
1716 260 1849 288 extenta
1878 268 1895 288 e
1925 259 2022 290 coelis
2054 269 2153 291 manu

1187 297 1307 336 gradus
1347 299 1433 329 servi
1473 299 1521 329 sui
1562 304 1697 340 regeret.
1751 299 1904 339 Quotidie
1942 301 1981 331 ad
2016 306 2152 341 puteum

1158 351 1160 360 i
1187 340 1391 371 ventitabant
1403 341 1526 380 puellae
1545 342 1635 373 illae:
1656 348 1688 373 et
1700 342 1808 373 Moses
1824 343 1998 382 quaerendi
2021 345 2152 384 hospitii

1187 393 1283 413 causa
1318 394 1413 422 prope
1448 394 1561 423 aquam
1595 384 1754 415 substitit:
1788 385 1827 416 ad
1858 396 1952 424 quam
1987 386 2151 426 probabile

1187 430 1256 455 crat
1284 435 1476 456 concursum
1506 427 1683 458 incolarum
1712 428 1837 467 vesperi
1868 429 1934 459 fore
1963 429 1994 460 in
2020 430 2150 470 regione

1187 467 1285 498 arida.
1343 467 1436 506 Quod
1471 474 1576 500 tamen
1611 474 1789 509 opportune
1824 470 1913 501 adest
1953 472 2069 511 puellis
2110 472 2149 503 ad

1186 509 1334 541 ferendas
1347 511 1520 550 suppetias,
1535 516 1566 542 et
1580 512 1691 543 Icthro
1711 523 1783 543 eum
1801 512 2003 552 hospitaliter
2020 515 2148 553 invitat,

1186 552 1319 582 minime
1346 553 1514 584 fortuitum
1546 560 1607 585 ost:
1638 555 1693 585 sed
1723 556 1844 585 erranti
1874 566 1965 587 servo
1993 567 2052 587 suo
2083 557 2148 589 dux

1185 594 1312 625 itineris
1330 594 1393 625 fuit
1407 596 1505 633 Deus,
1528 602 1565 627 ut
1587 607 1651 627 non
1676 597 1827 628 diurnum
1848 598 1941 628 modo
1962 598 2148 638 hospitium,

1186 636 1239 667 sed
1263 637 1302 667 ad
1326 638 1422 667 finem
1448 638 1550 669 exsilii
1572 650 1670 678 usque
1690 640 1890 671 tolerabilem
1915 641 2146 672 habitationem

1185 684 1322 719 pararet.
1374 680 1457 710 Nam
1488 681 1598 712 Iethro
1627 682 1735 722 (quem
1770 693 1809 713 ex
1845 683 1987 722 epitheto
2022 690 2147 715 constat

1186 732 1247 752 non
1284 722 1411 762 vulgari
1446 723 1529 762 apud
1559 735 1633 755 suos
1665 725 1821 765 dignitate
1850 725 2046 767 praeditum)
2080 738 2144 757 non

1185 764 1279 795 modo
1293 765 1360 795 eius
1379 775 1507 805 operam
1528 766 1690 803 conduxit,
1710 767 1765 798 sed
1785 767 1882 808 elegit
1900 768 1959 799 sibi
1978 779 2143 809 generum.

1185 807 1229 837 Et
1276 817 1457 847 quanquam
1500 809 1662 839 sordidum
1700 816 1770 840 crat
1808 821 1927 842 munus
1975 812 2144 851 pastorale,

1183 849 1353 889 splendida
1387 854 1495 880 tamen
1530 852 1669 882 affinitas
1702 863 1767 882 non
1802 863 1901 893 parvo
1931 854 2044 885 solatio
2073 855 2142 886 fuit.

1184 893 1233 923 Dc
1257 903 1333 923 voce
1356 899 1409 936 1³2
1428 903 1492 923 non
1516 895 1667 924 convenit
1690 895 1774 925 inter
1793 906 1914 927 omnes.
1960 896 2143 928 Chaldaeus

1183 936 1409 975 paraphrastes
1433 935 1516 965 male
1541 937 1635 966 vertit
1659 938 1850 977 principem:
1880 939 1955 979 quia
1978 950 2041 969 non
2065 950 2142 979 qua-

1183 977 1292 1008 draret
1320 978 1387 1008 eius
1418 978 1544 1008 filiabus
1568 979 1718 1010 molestos
1746 986 1778 1010 et
1800 981 1935 1012 infestos
1963 982 2059 1013 fuisse
2081 982 2141 1019 loci

1181 1027 1334 1060 pastores.
1381 1020 1447 1051 Nec
1470 1021 1572 1061 magis
1596 1026 1846 1054 consentaneum
1871 1029 1927 1061 est,
1954 1025 2055 1055 virum
2075 1026 2140 1065 pri-

1182 1064 1318 1093 marium
1353 1069 1382 1093 ct
1417 1063 1602 1102 opulentum
1638 1066 1776 1095 caruisse
1810 1066 1955 1105 famulis,
1990 1073 2025 1097 ut
2058 1068 2141 1099 filias

1181 1116 1256 1136 suas
1280 1110 1449 1145 cogeretur
1473 1106 1663 1145 quotidianis
1687 1113 1849 1147 pastorum
1881 1110 2085 1141 contumeliis
2110 1115 2141 1141 et

1180 1149 1261 1179 rixis
1295 1159 1467 1187 exponere.
1522 1149 1709 1180 Sacrificum
1743 1161 1819 1191 ergo
1854 1152 1950 1183 fuisse
1980 1153 2139 1191 existimo,

1179 1201 1260 1230 quae
1306 1192 1404 1221 etiam
1446 1192 1603 1231 receptior
1642 1198 1689 1223 cst
1730 1194 1898 1225 sententia.
1962 1195 2140 1226 Dubitatur

1179 1240 1297 1268 tamen,
1322 1233 1461 1264 falsosnc
1481 1234 1564 1269 deos,
1590 1245 1629 1264 an
1655 1246 1768 1266 verum
1787 1241 1818 1266 et
1844 1238 1974 1268 unicum
1995 1238 2138 1269 coluerit.

1179 1276 1275 1307 Certe
1298 1276 1478 1316 probabiles
1501 1277 1621 1308 multae
1644 1279 1783 1310 rationes
1807 1279 1845 1309 ad
1871 1280 1955 1310 hanc
1977 1281 2137 1311 coniectu-

1178 1330 1244 1349 ram
1270 1330 1326 1349 nos
1349 1318 1522 1356 adducunt,
1546 1330 1608 1350 non
1633 1322 1827 1352 sacrificasse
1850 1322 1958 1353 idolis:
1983 1323 2058 1362 quia
2081 1324 2138 1354 vix

1177 1372 1318 1401 unquam
1353 1372 1525 1401 persuasus
1566 1363 1677 1393 fuisset
1709 1364 1832 1401 Moses,
1870 1374 1934 1395 non
1968 1365 2061 1396 modo
2102 1370 2138 1397 ut

1177 1404 1338 1435 habitaret
1371 1405 1404 1434 in
1438 1404 1530 1435 domo
1564 1405 1662 1437 foedis
1692 1407 1868 1447 sacrilegiis
1907 1408 2045 1447 polluta,
2080 1409 2137 1439 sed

1175 1448 1270 1477 etiam
1306 1452 1342 1477 ut
1377 1447 1565 1478 affinitatem
1600 1449 1811 1480 contraheret.
1868 1450 1910 1480 Et
1950 1456 2062 1490 postea
2101 1451 2136 1482 in

1147 1490 1285 1520 'Iethro
1319 1490 1420 1529 ipsius
1455 1501 1602 1521 sermone
1635 1492 1735 1522 multa
1774 1492 1901 1532 pietatis
1942 1493 2060 1524 indicia
2101 1504 2135 1525 se

1174 1534 1353 1564 ostendent.
1399 1532 1592 1573 Quanquam
1617 1539 1652 1564 ut
1681 1539 1767 1565 totus
1796 1536 1861 1566 fere
1884 1535 1969 1566 orbis
1993 1540 2071 1566 tunc
2094 1535 2134 1567 ad

1173 1576 1292 1606 multas
1315 1576 1515 1615 corruptelas
1538 1577 1706 1616 prolapsus
1737 1583 1820 1615 erat,
1850 1578 1928 1608 mihi
1961 1579 2133 1610 verisimile

1173 1624 1221 1649 est
1243 1618 1389 1648 vitiatum
1411 1618 1516 1658 aliqua
1535 1629 1573 1649 ox
1594 1625 1682 1658 parte
1701 1620 1912 1651 sacerdotium
1934 1622 2001 1651 cius
2024 1621 2132 1652 fuisse.

1172 1661 1296 1693 Unicus
1330 1666 1473 1700 tempore
1508 1661 1658 1692 Abrahae
1693 1663 1753 1693 Dei
1787 1663 1851 1694 vivi
1889 1663 2038 1694 sacerdos
2072 1664 2134 1695 fuit

1172 1703 1420 1735 Melchisedech.
1452 1703 1617 1734 Abraham
1630 1704 1697 1744 ipse
1713 1716 1752 1735 cx
1765 1706 1921 1744 profundo
1934 1705 2133 1738 idololatriae

1171 1746 1310 1786 gurgite,
1334 1747 1366 1776 in
1387 1757 1450 1785 quo
1469 1746 1615 1777 demersa
1633 1751 1701 1778 erat
1723 1747 1854 1785 familia,
1876 1753 2038 1780 extractus
2062 1749 2130 1780 fuit.

1171 1789 1235 1819 Vix
1261 1790 1370 1828 itaque
1390 1790 1457 1819 fieri
1482 1789 1579 1828 potuit
1603 1797 1635 1819 ut
1651 1790 1845 1820 Madianitae
1869 1802 1985 1830 purum
2008 1791 2130 1822 cultum

1172 1832 1381 1862 retinuerint:
1414 1839 1509 1871 atquc
1541 1832 1618 1863 adeo
1648 1843 1686 1863 ex
1717 1834 1786 1863 aliis
1819 1834 1892 1864 locis
1916 1834 2014 1873 liquet
2037 1834 2130 1865 idolis

1170 1875 1267 1905 fuisse
1302 1874 1436 1905 deditos.
1493 1874 1602 1913 Quare
1643 1876 1791 1906 omnibus
1831 1876 1928 1915 probe
1968 1878 2128 1916 expensis,

1170 1917 1248 1948 mihi
1270 1917 1350 1947 nihil
1370 1918 1470 1957 magis
1493 1917 1656 1956 probabile
1675 1919 1812 1949 occurrit
1831 1929 1925 1957 quam
1944 1919 2002 1950 sub
2026 1930 2129 1950 sacer-

1169 1960 1253 1991 dotio
1277 1960 1386 1990 Iethro
1409 1960 1531 1990 cultum
1556 1961 1650 1991 fuisse
1674 1962 1801 1991 unicum
1827 1962 1929 1991 Deum
1954 1968 1990 1992 ut
2019 1963 2130 2002 regula.

1170 2002 1287 2033 tradita
1316 2002 1421 2033 fuerat
1452 2014 1508 2042 per
1538 2013 1665 2040 manus,
1698 2014 1757 2033 non
1791 2010 1895 2034 tamen
1928 2014 2021 2044 pure:
2053 2005 2128 2044 quia

1168 2050 1247 2076 tunc
1271 2045 1387 2084 ubique
1410 2046 1627 2076 contaminata
1657 2054 1724 2076 crat
1753 2046 1865 2087 religio
1895 2048 1991 2077 variis
2015 2058 2128 2087 super-

1168 2088 1360 2119 stitionibus.
1418 2088 1476 2118 Est
1519 2094 1624 2118 autem
1666 2088 1836 2120 discrimen
1878 2089 2003 2128 aliquod
2046 2090 2128 2120 inter

1140 2133 1142 2156 :
1167 2130 1380 2161 idololatriam
1404 2136 1436 2161 et
1464 2131 1624 2170 impurum
1648 2132 1709 2161 Dei
1734 2132 1855 2162 cultum
1880 2142 1915 2162 ac
1938 2131 2129 2172 degenerem

1168 2175 1199 2203 in
1226 2184 1290 2204 una
1314 2179 1413 2213 parte.
1449 2174 1528 2204 Dico
1550 2174 1649 2213 igitur
1673 2174 1767 2204 unius
1782 2175 1841 2204 Dei
1862 2174 1959 2204 fuisso
1983 2174 2129 2213 cultores,

1167 2217 1242 2256 quia
1266 2226 1328 2246 non
1354 2226 1486 2255 prorsus
1510 2216 1712 2247 desciverant
1731 2228 1748 2246 a
1767 2217 1931 2256 principiis
1955 2217 2127 2257 religionis,

1167 2259 1316 2299 quamvis
1360 2269 1397 2288 ex
1440 2269 1582 2289 errorum
1631 2259 1684 2298 qui
1725 2259 1877 2299 paulatim
1918 2259 2129 2300 obrepserant

1169 2302 1291 2333 lacunis
1322 2301 1469 2331 nonnihil
1500 2301 1690 2332 hausissent.
1738 2302 1890 2342 Agitatur
1918 2302 2004 2333 inter
2028 2303 2128 2334 inter-

1169 2350 1273 2384 pretes
1295 2344 1333 2374 de
1358 2345 1486 2374 nomine
1505 2344 1616 2374 Icthro
1639 2344 1700 2374 alia
1724 2345 1876 2383 quaestio.
1922 2344 1988 2382 Qui
2011 2350 2128 2384 putant

1170 2387 1306 2417 Bethucl
1327 2386 1348 2427 ¹)
1372 2386 1535 2417 diversum
1566 2387 1661 2417 fuisse
1685 2398 1702 2417 a
1725 2387 1852 2423 lethi-o,
1882 2387 1969 2417 nullo
1997 2389 2128 2427 negotio

1168 2429 1371 2460 refelluntur.
1418 2430 1499 2459 Nam
1525 2430 1670 2468 proximo
1693 2430 1795 2468 capite
1820 2430 1934 2460 Mosen
1959 2429 1996 2460 de
2016 2430 2126 2461 codem

1168 2472 1296 2503 homine
1320 2472 1414 2511 loqui,
1436 2471 1495 2501 snb
1519 2472 1606 2502 vario
1625 2472 1697 2502 licet
1714 2473 1852 2508 nomine,
1876 2472 1960 2503 clare
1984 2478 2125 2512 apparet.

1236 2574 1263 2605 1)
1284 2574 1328 2599 Sto
1347 2573 1403 2599 edd.
1423 2574 1523 2599 latinae
1542 2574 1584 2599 luc
1601 2577 1625 2599 et
1643 2573 1765 2606 deinceps
1783 2581 1877 2599 omnes.
1917 2573 2023 2600 Gallica
2041 2576 2128 2601 versio

1167 2609 1243 2635 bene:
1262 2608 1370 2641 Raguel.
