2304 3034
77 168 114 198 77

77 262 235 297 Abrahae,
261 262 355 294 Isaac
378 265 404 293 et
426 262 536 293 Iacob.-
558 261 692 301 daboque
714 271 780 292 eam
809 260 891 291 vobis
914 260 947 290 in
966 269 1037 298 pos-

77 305 250 336 sessionem.
296 305 364 345 Eyo
388 305 508 336 Ielzova.

164 390 191 420 1.
215 389 257 420 Et
278 391 359 421 dixit
382 389 494 420 Iehova
516 389 558 419 ad
581 387 699 418 Mosen.
731 387 891 426 Indignus
910 386 1037 426 quidem

78 438 147 463 erat
160 433 267 463 Moses
290 433 340 463 cui
364 438 427 462 tam
452 430 574 471 placide
597 436 627 461 et
651 429 887 461 comitet-Deus
907 440 1038 469 respon-

79 475 184 505 deret:
207 475 261 506 sed
285 475 425 514 optimus
444 479 534 513 pater
557 484 614 512 pro
639 473 796 503 immensa
820 483 876 503 sua
899 472 1037 503 clemen-
1064 496 1066 523 ἱ

77 518 121 548 tia
142 523 205 548 tam
231 518 330 548 Mosis
353 527 447 556 quam
471 515 579 555 populi
603 515 690 546 vitiis
725 515 867 555 ignovit,
896 521 931 545 ut
955 513 1038 554 quod
1064 538 1066 557 ,

79 565 252 597 statuerat,
287 560 325 590 dc
347 559 564 598 redemptione
593 558 770 597 perficeret.
816 557 905 588 Nihil
932 563 1037 588 autem
1064 571 1066 625 ν

78 613 196 633 novum
222 601 360 638 adducit,
384 601 438 631 sed
465 601 634 640 repetitae
652 601 822 631 confirmat
842 600 1038 639 superiorem
1064 636 1065 643 ἵ

78 645 289 676 sententiam:
319 644 417 674 donec
448 643 477 672 vi
508 648 637 674 coactus
672 643 769 673 fuerit
798 643 941 682 Pharao,
974 653 1038 673 non
1064 652 1065 685 ζ

78 688 145 718 fore
177 687 385 718 obedientem.
432 686 470 715 In
504 685 602 715 verbo
633 685 767 716 Videbis
791 686 889 716 tacita
923 695 1064 724 expio-3

78 730 183 761 bratio
213 736 259 760 cst
289 728 476 759 immodicae
513 728 743 758 festinationis:
775 729 849 767 quia
883 738 946 758 non
982 738 1038 758 ex-

77 778 199 812 spectet
223 772 328 803 Moses
348 770 570 810 promissionis
592 776 755 801 eventum.
786 770 966 801 Subiicitur
988 770 1038 800 de·
1063 780 1064 784 ¹

76 815 152 846 inde
176 815 255 845 ratio
278 824 335 844 cur
358 812 449 843 Deus
471 813 550 843 nolit
585 813 738 852 populum
763 824 855 844 suum
880 818 994 852 sponte
1020 823 1038 843 a

76 863 214 898 tyranno
244 856 374 886 dimitti:
406 855 478 894 quia
509 855 628 886 scilicet
664 855 792 886 volebat
814 866 894 895 opus
923 855 1036 886 libera-
1062 892 1063 899 ἵ

77 900 175 931 tionis
199 909 267 929 esse
291 898 509 938 conspicuum.
554 898 707 929 Notanda
738 899 834 929 etiam
859 909 1036 938 exaggera·
1062 933 1063 939 1

77 943 122 973 tio
145 942 247 973 estin
274 941 368 971 verbo
401 941 563 971 eiiciendi:
598 941 688 980 quasi
720 940 855 974 diceret.
887 941 938 971 ubi
970 940 1063 971 bel-⁴

74 984 170 1016 lando
193 984 343 1015 subactus
368 994 403 1014 ac
426 984 547 1014 fractus
571 984 667 1014 fuerit
689 983 827 1020 Pharao,
861 994 923 1014 non
943 983 1036 1014 modo
1062 1002 1063 1018 ;

74 1037 325 1063 consensurum,
356 1026 410 1056 sed
441 1026 550 1065 magni
581 1027 724 1057 beneficii
760 1026 827 1057 loco
862 1026 1035 1057 ducturum

73 1076 110 1101 ut
133 1069 268 1109 populus
288 1079 381 1108 quam
407 1069 561 1099 citissime
583 1074 686 1099 exeat.
720 1068 856 1100 Summa
880 1074 944 1099 est:
969 1068 1035 1107 Qui
1061 1092 1062 1095 ,

75 1112 169 1144 hodie
201 1113 322 1142 exitum
369 1111 460 1141 vobis
495 1117 608 1151 negat,
656 1122 719 1141 non
756 1118 882 1142 tantum
918 1111 1063 1143 liberos.

73 1155 206 1187 emittet.
231 1153 285 1185 sed
310 1154 406 1184 ctiam
431 1154 580 1184 extrudet
605 1166 620 1184 a
646 1164 702 1185 sua
727 1155 857 1185 ditione.

157 1198 185 1228 2.
209 1197 251 1228 Et
274 1197 417 1235 loquutus
439 1199 481 1227 est
503 1196 598 1227 Deus.
636 1197 846 1236 Prosequitur
859 1196 948 1227 Deus
968 1207 1034 1227 ser-

72 1251 199 1271 monem
232 1250 340 1276 suum,
375 1247 409 1269 ut
441 1239 548 1269 Moses
577 1239 732 1279 collapsos
766 1240 873 1279 populi
911 1240 1034 1270 animos

72 1294 185 1314 rursus
209 1283 321 1322 erigat.
367 1281 468 1312 Porro
493 1282 705 1312 diffidentiam
726 1283 874 1322 castigat,
898 1282 1035 1312 foederis
1061 1281 1062 1299 1

73 1326 120 1357 sui
151 1326 337 1356 memoriam
370 1325 569 1355 renovando:
603 1325 686 1364 quod
716 1326 741 1355 si
770 1325 867 1364 probe
896 1325 1033 1355 infixum

72 1368 189 1399 fuisset
202 1368 329 1398 illorum
350 1367 507 1402 cordibus,
528 1367 624 1407 longe
642 1368 877 1398 constantiores
896 1367 1035 1398 fuissent

72 1411 106 1442 in
129 1410 288 1450 speranda
312 1410 541 1450 redemptione.
589 1410 739 1441 Ostendit
763 1421 839 1451 ergo
859 1410 938 1441 nihil
958 1411 1035 1441 novi

72 1464 106 1485 se
129 1464 217 1485 nunc
240 1453 429 1493 protulisse:
452 1452 526 1492 quia
549 1453 672 1492 pridem
695 1464 735 1484 ex
759 1453 903 1492 patribus
925 1453 1034 1484 audie-

72 1502 148 1527 rant
171 1507 204 1527 se
235 1507 252 1526 a
276 1496 345 1526 Deo
370 1496 488 1526 electos
511 1506 580 1526 esse
605 1497 637 1525 in
660 1495 814 1536 populum
840 1496 1035 1536 peculiarem

70 1543 102 1570 et
122 1539 297 1570 doctrinam
322 1549 398 1569 suae
417 1537 595 1577 adoptionis
619 1538 686 1569 fere
706 1549 777 1570 cum
802 1539 882 1570 lacte
905 1539 1035 1570 imbibe-

71 1588 154 1613 rant.
201 1581 273 1620 Quo
307 1581 429 1621 turpior
460 1587 508 1612 est
538 1591 648 1612 eorum
672 1581 833 1619 socordia,
869 1586 901 1612 et
930 1582 1034 1622 magis
1060 1590 1062 1621 g

71 1624 290 1662 convincitur,
332 1623 407 1655 dum
442 1624 485 1655 ita
520 1624 704 1656 turbulente
738 1624 883 1656 fremunt
922 1625 1062 1656 contra‘

70 1667 196 1704 Mosen,
217 1677 252 1697 ac
271 1667 297 1698 si
317 1673 517 1698 commentus
537 1668 604 1707 ipse
624 1672 707 1699 esset
730 1667 812 1707 quod
826 1668 887 1698 Dei
906 1668 1035 1698 nomine

71 1710 272 1750 promiserat.
319 1710 440 1750 Pungit
470 1710 566 1740 etiam
596 1721 648 1741 eos
671 1710 798 1750 obliqua
822 1711 1035 1750 comparatio—

71 1762 128 1784 ne:
162 1752 245 1792 quod
270 1752 446 1790 Abraham,
470 1753 561 1783 Isaac
584 1758 616 1783 et
639 1753 732 1784 Iacob
756 1753 870 1793 cupide
894 1753 1034 1793 amplexi

71 1795 191 1827 fuerint
214 1795 459 1835 promissionem
483 1795 542 1826 sibi
566 1794 683 1833 datam,
712 1801 743 1826 et
766 1796 800 1826 in
824 1806 861 1826 ea
884 1806 1034 1836 perseve-
1059 1809 1061 1840 !

1059 1872 1060 1886 1

1059 1893 1060 1905 1

1059 1930 1060 1943 1

70 1844 181 1869 ranter
211 1838 408 1878 quieverint:
443 1839 494 1869 isti
525 1843 633 1868 autem
665 1839 717 1878 qui
742 1839 965 1878 gloriabantur
994 1850 1033 1870 ex

71 1886 180 1912 sancto
203 1880 258 1911 illo
281 1881 405 1912 semine
428 1891 461 1912 se
484 1891 553 1912 esse
577 1881 779 1921 progenitos,
803 1881 966 1912 fastidiose
989 1892 1035 1912 re-

71 1928 199 1963 spuant,
222 1923 298 1963 quia
321 1934 385 1954 non
410 1924 518 1954 statim
543 1930 676 1964 apparet
700 1925 842 1955 effectus.
867 1925 974 1964 Atque
999 1930 1034 1955 ut
1059 1946 1060 1954 1

72 1966 193 1997 crimen
217 1967 407 2006 amplificet,
435 1967 647 1997 ratiocinatur
670 1977 688 1997 a
710 1967 826 1997 minori
850 1967 889 1998 ad
914 1968 1033 1998 maius:

73 2009 147 2048 quia
170 2014 266 2049 prout
289 2008 417 2039 uberior
440 2009 504 2040 illis
526 2009 661 2040 offertur
684 2010 898 2040 manifestatio
922 2020 957 2041 ac
986 2010 1033 2040 lu-
1059 2023 1061 2051 3

74 2051 231 2082 culentior
243 2062 338 2091 quam
351 2052 426 2082 olim
439 2052 546 2082 oblata
565 2052 656 2089 soret,
676 2052 901 2091 propensiores
914 2052 951 2083 ad
967 2063 1034 2084 cre-
1060 2073 1061 2079 .

74 2093 214 2124 dendum
237 2105 306 2125 esse
329 2095 509 2125 conveniat.
542 2094 637 2125 Unde
656 2096 802 2134 sequitur
824 2096 910 2126 omni
936 2106 1033 2126 exeu—
1060 2132 1061 2135 Ἰ

74 2136 195 2167 satione
218 2147 326 2168 carere
349 2148 458 2168 eorum
483 2136 668 2173 socordiam,
693 2138 746 2176 qui
772 2137 877 2168 Deum
898 2138 1035 2169 familia-

74 2178 151 2208 riter
173 2189 206 2209 se
230 2180 446 2211 insinuantem
479 2190 542 2210 non
577 2179 762 2210 admittunt,
810 2179 861 2211 De
892 2181 1035 2220 epitheto
1060 2196 1061 2212 1

75 2219 173 2251 Sadai
196 2231 259 2252 non
289 2222 494 2253 consentiunt
520 2223 723 2262 interpretes.
770 2222 910 2262 Quidam
936 2223 1035 2254 dedu·
1060 2252 1061 2258 ,

75 2268 153 2293 cunt
175 2274 192 2293 a
216 2263 311 2295 verbo
334 2271 415 2302 Ἤν),
440 2270 534 2305 atque
558 2265 602 2295 ita
625 2272 633 2288 ³
654 2265 780 2296 literam
805 2266 932 2297 finalem
955 2267 1034 2305 posi-

75 2309 141 2335 tam
172 2315 240 2336 esse
270 2307 382 2337 volunt
412 2318 469 2347 pro
503 2308 675 2348 geminata.
729 2308 822 2346 Quod
857 2309 883 2338 si
919 2309 1034 2348 recipi-

74 2357 156 2383 mus,
185 2349 374 2380 tantundem
398 2349 518 2381 valebit
541 2357 636 2390 atque
661 2356 814 2389 vastator,
845 2351 894 2382 vel
919 2352 1033 2382 saltem

74 2389 239 2419 notabitur
269 2391 477 2423 formidabilis
504 2393 564 2423 Dei
595 2394 755 2424 maiestas.
813 2394 895 2425 Aliis
932 2395 1034 2434 magis
1059 2423 1061 2431 ,

73 2432 180 2471 placet
201 2438 261 2464 'twa
285 2433 367 2472 quod
390 2445 562 2466 mammam
587 2436 762 2475 significat,
789 2447 858 2468 esse
882 2436 1033 2467 radicem.

74 2474 159 2505 Aliis
189 2474 316 2505 videtur
349 2478 524 2517 composita
546 2488 616 2509 esse
646 2477 741 2510 dictio
780 2490 819 2510 ex
842 2479 977 2510 relativo
1005 2486 1033 2511 W

75 2522 107 2547 et
130 2523 168 2548 ’Ἤ
203 2515 286 2556 quod
320 2528 435 2549 nomen
466 2520 625 2551 Hebraeis
659 2527 707 2552 est
734 2522 937 2553 sufficientia.
982 2522 1035 2552 Ita

74 2559 172 2590 Sadai
204 2559 327 2590 dicetur
355 2561 409 2600 qui
433 2560 587 2593 bonorum
618 2564 762 2594 omnium
797 2565 887 2604 copia
921 2565 1033 2595 affluit.

75 2602 209 2633 Certum
243 2601 370 2641 quidem
405 2609 452 2634 est
487 2604 546 2636 hac
583 2616 658 2637 voce
693 2606 861 2638 Hebraeos
901 2612 966 2638 tam
1000 2607 1032 2638 in

658 166 1024 199 COMMENTARIUS
1048 165 1095 196 IN
1122 166 1267 197 EXODI
1292 167 1387 198 CAP.
1412 168 1470 199 VI.

2012 172 2050 202 Ts

1090 259 1205 290 bonam
1231 271 1324 299 quam
1350 262 1381 291 in
1410 262 1527 293 malam
1559 267 1682 302 partem
1707 264 1764 294 uti.
1809 263 1893 294 Nam
1915 264 1969 294 ubi
1993 265 2051 295 mi-

1090 306 1186 332 natur
1214 302 1314 334 Isaias
1349 304 1397 340 13,
1419 304 1448 342 9,
1481 305 1587 336 Deum
1618 306 1685 336 fore
1715 305 1873 337 scelerum
1904 307 2051 344 ultorem,

1090 350 1182 375 vocat
1206 355 1277 375 eum
1299 346 1406 377 b'adai.
1443 346 1498 378 Sic
1521 353 1551 378 et
1570 348 1627 379 Iob
1647 348 1696 386 33,
1716 348 1792 390 4(?):
1818 348 1915 380 Sadai
1936 349 2052 380 terruit

1090 397 1150 417 me.
1197 387 1234 417 In
1260 387 1309 418 his
1334 389 1409 419 locis
1433 394 1464 420 ct
1487 390 1644 421 similibus
1669 391 1753 422 haud
1779 391 1873 422 dubie
1896 392 2051 432 exprimi-

1090 434 1143 459 tur
1166 430 1320 460 terribilis
1334 431 1394 461 Dei
1419 433 1578 471 potentia:
1602 433 1655 463 ubi
1676 444 1752 464 vero
1771 434 1931 473 promittit
1950 435 2053 465 Abra-

1090 472 1150 502 hae
1174 482 1207 502 se
1230 472 1296 503 fore
1320 472 1426 504 Deum
1450 474 1562 512 Sadai,
1595 476 1822 507 liberalitatem
1854 487 1944 507 suam
1968 487 2052 508 com-

1090 515 1231 557 mendat.
1256 515 1349 547 Nunc
1373 517 1467 547 ctiam
1488 518 1540 548 ubi
1561 517 1637 549 dicit
1657 529 1689 549 se
1702 519 1888 558 apparuisse
1906 520 2051 558 patribus

1091 557 1122 587 in
1138 557 1207 587 Deo
1220 558 1327 593 Sadai,
1342 569 1405 589 non
1420 564 1483 590 tam
1501 560 1538 590 ad
1559 560 1780 591 fortitudinem
1800 572 1890 592 suam
1911 563 1941 592 in
1957 573 2050 593 exer-

1090 599 1199 630 cendis
1220 600 1345 631 iudiciis
1370 603 1507 641 respicit,
1534 613 1628 642 quam
1654 603 1692 633 ad
1712 603 1841 643 plenam
1861 604 2050 643 perfectam-

1090 652 1151 681 que
1176 642 1436 674 beneficentiam:
1460 645 1551 683 quasi
1576 645 1695 676 diceret
1718 657 1751 677 se
1764 646 1915 677 Abrahae
1929 652 1961 677 et
1980 647 2051 678 aliis

1091 685 1234 724 patribus
1257 687 1480 717 maniiestasse
1508 696 1627 726 quanta
1662 689 1780 720 virtute
1815 688 1978 728 praeditus
2009 690 2050 720 sit

1090 727 1128 757 ad
1153 737 1228 758 suos
1253 728 1385 759 tuendos
1411 734 1442 759 ot.
1464 731 1654 767 servandos,
1691 737 1721 761 et
1743 732 1829 771 ipsos
1853 732 2052 771 experientia

1090 771 1228 801 sensisse
1248 781 1340 809 quam
1367 777 1513 810 potenter
1536 778 1631 812 atque
1654 774 1824 805 efficaciter
1843 784 1917 805 suos
1935 775 2050 812 foveat,

1089 818 1248 843 sustentet
1273 823 1309 844 ac
1332 814 1431 844 iuvet.
1478 814 1635 852 Quamvis
1659 821 1765 847 autem
1785 816 1947 856 praedicet
1970 828 2051 857 quae

1089 855 1120 885 in
1158 855 1227 885 illos
1261 856 1397 886 contulit
1432 857 1601 895 beneficia,
1647 864 1743 898 negat
1778 864 1883 890 tamen
1919 870 1952 890 se
1986 860 2051 890 illis

1089 898 1185 929 fuisse
1209 898 1373 938 cognitum
1399 899 1431 929 in
1456 900 1585 930 nomine
1609 911 1665 931 suo
1689 901 1825 932 Iehova:
1859 913 1920 942 quo
1951 903 2050 943 sigui-

1088 942 1164 972 ficat
1187 952 1220 971 sc
1248 951 1334 971 nunc
1364 942 1500 980 posteris
1530 942 1686 974 illustrius
1717 945 1896 984 patefacere
1920 944 2052 976 deitatis

1089 994 1165 1014 suae
1189 983 1335 1023 gloriam.
1382 984 1431 1014 De
1454 985 1582 1016 nominc
1595 985 1715 1017 Iehova
1738 987 1870 1027 longum
1894 993 1979 1018 esset
2002 997 2050 1018 re-

1088 1025 1173 1057 ferre
1203 1027 1346 1056 omnium
1374 1027 1561 1058 sententias.
1607 1028 1703 1059 Certe
1735 1029 1818 1069 quod
1849 1029 1961 1061 Iudaei
1992 1041 2050 1062 nec

1088 1068 1230 1109 proferre
1254 1079 1313 1099 nec
1336 1069 1475 1100 scribere
1505 1070 1584 1101 illud
1608 1071 1737 1110 audent,
1767 1072 1823 1103 sed
1846 1072 2051 1103 substituunt

1088 1121 1203 1141 nomen
1230 1111 1365 1149 Adonai,
1389 1113 1499 1151 putida
1523 1118 1571 1143 cst
1593 1114 1786 1153 superstitio.
1829 1115 1940 1145 Nihilo
1963 1116 2049 1146 enim

1061 1178 1062 1181 ,
1089 1155 1191 1194 magis
1214 1154 1378 1193 probabile
1402 1160 1450 1185 est
1473 1155 1554 1194 quod
1579 1156 1672 1186 multi
1696 1156 1820 1195 docent,
1844 1168 1913 1189 esse
1935 1158 2048 1189 ineffa-

1088 1197 1150 1227 bile
1170 1197 1244 1236 quia
1263 1197 1440 1228 secundum
1459 1199 1614 1229 rationem
1634 1200 1862 1239 grammaticae
1881 1211 1944 1231 non
1970 1201 2049 1232 scri-

1088 1239 1185 1270 bitur.
1220 1239 1291 1270 Hoc
1315 1239 1443 1279 quidem
1468 1245 1559 1271 extra
1582 1242 1832 1273 controversiam
1852 1248 1908 1280 est,
1934 1243 2048 1275 deduci

1089 1293 1106 1312 a
1138 1281 1234 1312 verbo
1265 1289 1320 1314 ΠΤῑ
1354 1283 1404 1313 vel
1434 1290 1489 1315 ΠἸΠ
1519 1283 1652 1323 ideoque
1683 1289 1767 1315 recte
1798 1296 1915 1316 nomen
1939 1295 2048 1317 essen-

1089 1325 1164 1356 tiale
1188 1325 1248 1355 Dei
1272 1335 1290 1355 a
1314 1326 1424 1364 peritis
1448 1325 1676 1365 interpretibus
1700 1326 1826 1366 dicitur,
1857 1338 1956 1367 quum
1987 1328 2049 1359 alia

1088 1368 1154 1398 sint
1178 1368 1267 1407 quasi
1292 1368 1443 1407 epitheta.
1490 1368 1597 1407 Quum
1628 1380 1703 1409 ergo
1734 1370 1815 1400 nihil
1844 1369 1915 1401 Deo
1944 1371 2048 1411 magis

1089 1411 1130 1441 sit
1152 1411 1318 1450 proprium
1343 1421 1437 1450 quam
1461 1411 1642 1449 aeternitas,
1666 1418 1798 1443 vocatur
1817 1413 1938 1444 Iehova
1962 1413 2048 1454 quod

1089 1463 1105 1483 a
1125 1463 1158 1484 se
1181 1454 1251 1492 ipso
1275 1453 1391 1484 habeat
1415 1464 1492 1490 esse,
1515 1458 1547 1484 et
1569 1464 1685 1485 arcana
1708 1455 1921 1495 inspiratione
1940 1456 2048 1487 omnia

1087 1496 1254 1527 sustineat.
1301 1496 1369 1526 Nec
1393 1496 1619 1527 Grammaticis
1642 1499 1799 1529 assentior
1822 1498 1875 1538 qui
1906 1509 2048 1538 pronun-

1088 1539 1165 1569 ciari
1189 1538 1304 1569 nolunt
1322 1539 1396 1578 quia
1420 1550 1481 1569 non
1505 1539 1546 1570 sit
1569 1540 1724 1579 regularis
1747 1541 1896 1571 inflexio:
1920 1541 2048 1581 quando

1088 1581 1190 1622 pluris
1221 1581 1300 1612 mihi
1331 1586 1379 1613 est
1406 1582 1614 1622 etymologia,
1648 1583 1737 1613 cuius
1765 1594 1875 1614 omnes
1905 1584 2048 1615 fatentur

1088 1625 1193 1655 Deum
1214 1635 1283 1655 csse
1307 1628 1460 1662 autorem,
1485 1635 1580 1665 quam
1602 1631 1729 1656 centum
1754 1626 1893 1666 regulae.
1936 1627 2048 1666 Neque

1088 1672 1197 1698 tamen
1223 1668 1312 1698 Deus
1344 1668 1403 1698 hoc
1427 1667 1493 1698 loco
1518 1678 1573 1707 per
1596 1678 1712 1698 nomen
1737 1668 1877 1709 syllabas
1902 1669 1950 1700 vel
1975 1669 2046 1700 lite-

1086 1722 1138 1741 ras
1161 1710 1325 1751 intelligit,
1349 1710 1403 1741 sed
1418 1710 1537 1750 gloriae
1556 1714 1585 1741 et
1604 1711 1778 1742 maiestatis
1797 1721 1874 1742 suae
1887 1711 2046 1750 notitiam,

1086 1764 1166 1793 quac
1190 1753 1290 1783 maior
1320 1759 1352 1784 ot
1384 1753 1520 1793 amplior
1543 1753 1742 1792 resplenduit
1765 1754 1797 1784 in
1822 1754 1973 1785 ecclesiae
1995 1765 2046 1785 re-

1086 1796 1270 1835 demptione
1293 1806 1387 1835 quam
1419 1796 1450 1827 in
1482 1796 1549 1835 ipso
1572 1796 1706 1827 foederis
1729 1795 1869 1827 exordio.
1920 1797 2047 1828 Minore

1086 1839 1170 1869 enim
1198 1839 1277 1869 lucis
1300 1849 1452 1869 mensura
1475 1843 1645 1869 contentus
1669 1839 1727 1869 fuit
1750 1839 1917 1870 Abraham
1941 1845 1972 1870 et
1996 1851 2047 1870 re·

1085 1881 1163 1921 liqui
1187 1886 1303 1921 patres.
1338 1881 1432 1912 Unde
1451 1881 1598 1921 sequitur
1617 1882 1722 1912 minus
1742 1881 1956 1912 excusabilem
1977 1893 2047 1914 esse

1085 1924 1212 1964 culpam
1237 1924 1270 1954 in
1294 1924 1440 1963 posteris,
1465 1925 1525 1954 nisi
1549 1924 1671 1964 gratiae
1690 1923 1893 1963 amplitudini
1914 1935 2045 1965 respon-

1085 1967 1158 1998 deat
1181 1968 1323 2006 ipsorum
1349 1967 1437 1997 fides.
1484 1967 1611 1997 Interea
1630 1967 1712 1997 Mosi
1737 1966 1864 1997 additur
1887 1967 2045 2005 alacritas,

1087 2010 1162 2040 dum
1198 2010 1405 2050 magnificum
1437 2014 1469 2040 et
1500 2009 1697 2049 singularem
1728 2009 1937 2040 illustrandae
1968 2021 2046 2041 suae

1086 2052 1206 2093 gloriae
1229 2051 1357 2082 modurn
1378 2053 1526 2092 proponit
1548 2051 1649 2083 Deus.

1170 2095 1199 2126 4.
1224 2096 1325 2134 Atque
1347 2096 1438 2126 etiam
1456 2095 1539 2126 erexi
1556 2097 1690 2133 pactum.
1729 2094 1827 2134 Spem
1847 2094 2046 2127 liberationis

1086 2148 1182 2177 quam
1206 2138 1282 2169 olim
1316 2138 1476 2177 pollicitus
1510 2138 1628 2174 fuerat,
1664 2142 1695 2167 et
1718 2147 1812 2176 quam
1836 2143 2046 2177 speraverant

1086 2185 1210 2221 patres,
1241 2181 1411 2211 confirmat
1433 2191 1474 2211 ex
1498 2184 1597 2220 pacto,
1627 2179 1720 2210 sicuti
1744 2179 1839 2218 paulo
1862 2185 1938 2211 ante
1962 2180 2045 2212 dixi:

1086 2228 1118 2254 et
1146 2223 1304 2263 particula
1328 2229 1365 2255 m
1388 2233 1468 2262 quae
1497 2222 1544 2254 bis
1568 2223 1732 2262 repetitur,
1766 2223 1872 2261 priore
1902 2223 1970 2254 loco
1998 2228 2046 2255 est

1086 2266 1231 2303 causalis,
1256 2266 1397 2297 secundo
1422 2265 1559 2296 illativa:
1590 2266 1677 2305 quasi
1702 2265 1836 2295 diceret:
1883 2264 2045 2304 Quoniam

1086 2309 1192 2349 pepigi
1223 2320 1295 2340 cum
1325 2308 1470 2348 patribus
1498 2308 1629 2345 vestris,
1661 2307 1732 2338 ideo
1756 2317 1840 2337 nnnc
1868 2307 1902 2338 in
1926 2313 2046 2339 terram

1085 2352 1242 2383 Chanaan
1274 2351 1431 2382 deducere
1461 2361 1517 2380 vos
1548 2350 1654 2381 statui.
1706 2349 1775 2380 Nisi
1808 2350 1853 2380 ita
1883 2351 2047 2382 resolvere

1085 2394 1199 2425 libeat:
1221 2395 1291 2434 Ego
1305 2394 1387 2424 idem
1401 2394 1453 2433 qui
1468 2393 1577 2423 foedus
1590 2402 1696 2422 meum
1710 2392 1851 2431 percussi
1864 2403 1936 2423 cum
1951 2394 2047 2432 patri—

1059 2432 1060 2442 *
1086 2438 1144 2468 bus
1169 2437 1300 2474 vestris,
1331 2447 1416 2467 nunc
1446 2446 1570 2475 quoque
1600 2435 1708 2465 audivi
1732 2434 1898 2474 gemitum.
1944 2436 2045 2467 Porro

1085 2481 1159 2519 quia.
1182 2481 1214 2510 in
1238 2489 1327 2510 mera
1347 2479 1452 2519 gratia
1475 2478 1642 2508 fundatum
1667 2482 1717 2507 est
1735 2484 1874 2516 pactum,
1898 2478 2045 2519 redemp-

1086 2523 1205 2553 tionem
1221 2523 1309 2553 Deus
1334 2527 1397 2552 tam
1422 2532 1461 2551 ex
1485 2531 1542 2551 suo
1566 2519 1773 2558 beneplacito,
1795 2530 1890 2559 quam
1911 2531 1950 2550 ex
1969 2531 2045 2552 con-

1086 2565 1205 2596 stantia
1224 2565 1346 2605 sperari
1376 2564 1473 2595 iubet.
1518 2563 1639 2594 Iterum
1666 2572 1743 2592 vero
1769 2562 1865 2593 fidem
1885 2562 2044 2602 Abrahae,

1085 2608 1177 2638 Isaac
1200 2612 1232 2639 et
1255 2607 1348 2638 Iacob
1372 2607 1432 2637 hac
1457 2606 1576 2636 ratione
1599 2603 1802 2636 commendat
1821 2605 1904 2644 quod
1923 2607 2045 2646 patien-
