2304 3034
175 194 237 225 615

910 189 1099 223 SEXTUM
1122 190 1442 223 PRAECEPTUM.

2109 192 2172 223 616

512 388 847 426 APPENDICES
873 388 1323 425 CAEREMONIALES
1346 389 1498 425 SEXTI
1522 389 1834 426 PRAECEPTI.

496 538 561 570 EX
585 539 719 570 DEUT.
744 537 841 569 XXI.

268 626 295 656 1.
322 625 422 664 Quum
446 625 601 655 inventum
621 624 718 663 fuerit
748 624 881 655 cadaver
908 623 1042 654 hominis
1064 623 1154 654 occisi
1174 657 1176 666 ,

184 671 217 700 in
241 671 323 700 terra
346 677 440 706 quam
463 666 577 698 Iehova
599 666 688 698 Deus
710 670 784 697 tuus
812 665 897 697 dabit
926 665 981 696 tibi
1003 668 1037 696 nt
1053 665 1155 704 possi-

183 713 257 744 deas
281 721 363 747 eam,
392 712 590 749 prostratum
613 710 647 740 in
678 720 765 748 (ιφ-ο,
799 719 851 740 nec
879 709 1029 748 cognitum
1059 708 1154 747 fuerit

182 755 253 794 quis
272 753 459 793 percusserit
488 763 572 784 eum:
616 752 644 783 2.
680 753 766 784 Tunc
796 752 990 791 eyredientur
1020 751 1154 782 seniores

183 798 239 833 tui,
263 799 289 828 et
310 796 424 827 indices
443 796 497 833 tui,
522 798 548 826 et
566 796 726 826 metientur
743 805 842 834 usquc
860 794 902 825 ad
920 794 1060 825 civitates
1077 804 1154 832 quae

184 842 255 871 sunt
289 840 321 869 in
354 838 533 869 circuitibus
568 838 730 869 cadaveris
766 837 899 868 hominis
930 836 1019 867 illins
1052 837 1151 868 occisi.

185 882 212 913 3.
236 882 279 913 Et
302 882 434 912 seniores
456 881 551 917 urbis,
570 880 807 920 propinquioris
829 879 915 910 urbis
938 879 985 910 illi
1009 879 1153 910 cadaveri

183 926 295 961 occiso,
330 925 449 964 capient
480 924 611 955 vitulam
642 924 678 955 de
703 925 839 955 armento
870 933 932 962 qua
961 932 1045 953 nemo
1075 932 1152 953 usus

181 968 292 1007 fuerit,
322 969 347 997 et
377 977 454 1006 quae
476 977 533 997 non
559 967 690 997 traxerit
713 967 829 1006 inyum.
875 965 903 996 4.
933 964 975 995 Et
1000 964 1152 995 adducent

182 1011 316 1041 seniores
339 1010 406 1040 eius
429 1009 515 1040 urbis
537 1009 668 1040 vitulam
693 1009 734 1040 ad
757 1008 866 1039 vallem
889 1017 1049 1048 asperam,
1073 1018 1151 1046 quae

182 1062 340 1091 nunquam
363 1052 461 1091 fuerit
483 1055 590 1087 arata,
620 1062 715 1091 neque
737 1052 903 1087 seminata,
927 1053 953 1082 et
970 1050 1151 1089 praecident

180 1096 324 1127 ceruicem
347 1094 461 1126 vitulae
484 1094 547 1125 illic
569 1095 603 1125 in
626 1094 711 1125 calle.
756 1095 784 1125 5.
816 1093 859 1124 Et
888 1093 1027 1125 accedent
1049 1102 1149 1124 sacer-

182 1138 264 1169 dotes
285 1137 346 1177 filii
370 1137 445 1168 Leci
468 1136 530 1178 (eos
559 1137 640 1168 enim
668 1136 754 1177 eleyit
778 1136 890 1168 Ieliova
913 1136 1001 1167 Deus
1024 1138 1096 1166 tuus
1117 1138 1150 1166 ut

178 1181 355 1211 ministrent
373 1180 444 1219 ipsi,
464 1182 490 1210 et
509 1180 550 1211 ad
569 1179 801 1211 benedicendum
819 1180 853 1211 in
871 1179 991 1209 nomine
1004 1178 1150 1209 Iehovae:

179 1226 205 1254 et
228 1224 317 1254 iuxta
340 1233 469 1261 quorum
491 1232 659 1253 sermonem
681 1223 740 1253 erit
763 1223 862 1253 omnis
884 1222 924 1252 lis
943 1224 1033 1261 atque
1051 1221 1150 1252 omnis

174 1266 296 1306 playa).
339 1266 367 1296 6.
393 1265 435 1296 Et
457 1275 559 1297 omnes
579 1266 715 1296 seniores
736 1266 804 1296 eins
827 1265 922 1300 urbis,
947 1264 1000 1295 ubi
1022 1273 1149 1295 accesse-

179 1310 244 1340 rint
266 1309 308 1340 ad
330 1309 463 1339 cadaver
485 1308 619 1339 hominis
642 1308 747 1345 occisi,
772 1307 917 1339 lavabunt
939 1317 1051 1338 manus
1073 1317 1149 1338 suas

177 1361 272 1390 super
294 1351 423 1382 vitulam
440 1361 621 1390 percussam
641 1351 674 1381 in
699 1350 783 1382 valle.
831 1351 858 1382 7.
883 1350 926 1381 Et
946 1349 1148 1389 testificabun-

178 1397 238 1431 tur,
264 1404 299 1425 ac
321 1395 438 1425 dicent:
462 1394 581 1424 Manns
604 1397 725 1424 nostrae
748 1404 808 1424 non
831 1393 1002 1433 effuderunt
1022 1392 1148 1432 sangui-

179 1447 247 1467 nem
280 1438 388 1470 istum,
419 1446 513 1476 neque
542 1436 620 1467 oculi
652 1437 747 1467 nostri
775 1437 926 1467 viderunt.
980 1436 1006 1466 8.
1039 1435 1149 1474 Expia

174 1480 327 1519 populum
358 1483 443 1510 tuum
473 1478 575 1510 Israel
603 1489 691 1518 quem
719 1479 875 1510 redemisti
898 1478 1027 1514 Iehova,
1058 1481 1083 1508 et
1111 1488 1149 1508 ne

180 1524 312 1562 imputes
342 1523 523 1562 sanquinem
559 1522 743 1553 innocentem
775 1522 806 1552 in
832 1522 931 1553 medio
959 1520 1072 1560 populi
1104 1521 1150 1551 tui

181 1565 303 1596 Israel.-
332 1568 358 1596 et
388 1564 564 1604 expiabitur
592 1564 630 1595 ab
659 1565 704 1596 eis
735 1565 873 1605 sanquis.
919 1564 946 1595 9.
979 1564 1026 1595 Tu
1049 1565 1150 1594 autem

179 1609 303 1647 auferes
336 1608 518 1647 sanquinem
554 1608 741 1638 innocentem
775 1618 790 1638 e
822 1607 920 1638 medio
955 1607 1016 1645 tui,
1057 1616 1150 1645 quum

177 1651 290 1690 feceris
311 1651 392 1690 quod
414 1653 526 1681 rectum
549 1652 591 1681 cst
614 1651 647 1680 in
671 1650 765 1681 oculis
790 1650 927 1681 Ielzonae.

267 1737 294 1767 1.
319 1736 419 1775 Quum
438 1736 600 1766 inventum.
635 1735 726 1766 Haec
746 1735 907 1775 appendix
928 1735 1024 1766 mista
1044 1740 1091 1765 est
1110 1744 1149 1765 ex

180 1780 250 1810 iure
279 1779 400 1809 forensi
431 1784 462 1809 et
491 1778 702 1810 caeremonia.
749 1778 852 1809 Porro
882 1779 915 1808 in
939 1789 975 1809 ea
1000 1778 1151 1809 docemur

182 1832 278 1862 quam
302 1822 441 1861 pretiosa
465 1822 506 1852 sit
520 1822 590 1852 Deo
613 1821 755 1852 hominis
779 1822 863 1851 vita:
887 1821 963 1861 quia
986 1821 1012 1851 si
1036 1821 1150 1852 caedes

182 1866 266 1895 facta
289 1865 385 1895 fuerit
405 1864 526 1896 incerto
546 1869 666 1902 autore,
690 1863 907 1903 expiationem
928 1864 1071 1904 requirit,
1088 1873 1151 1903 qua

182 1918 217 1939 se
237 1907 334 1938 urbes
354 1908 478 1938 vicinae
498 1918 516 1937 a
536 1906 665 1938 sceleris
679 1906 871 1947 contagione
883 1915 1032 1947 purgent.
1057 1905 1150 1938 Unde

184 1955 320 1990 apparet
343 1950 502 1990 sanguine
522 1950 664 1980 humano
683 1954 802 1980 terram
828 1949 872 1980 ita
896 1950 1003 1990 pollui,
1027 1954 1063 1980 ut
1081 1949 1149 1988 qui-

183 2003 310 2032 cunque
344 1993 539 2032 impunitate
573 1992 686 2023 eaedes
721 1992 826 2028 alunt,
859 1992 970 2023 eadem
1002 2002 1036 2023 se
1066 2002 1152 2022 noxa

185 2036 400 2076 obstringant.
446 2035 509 2067 Hic
540 2034 579 2066 de
608 2035 732 2067 occulto
762 2035 881 2067 scelere
909 2035 1031 2076 agitur,
1060 2035 1151 2066 cuius

183 2079 309 2118 culpam
331 2079 495 2109 sustinent
514 2079 638 2109 vicinae
657 2078 762 2115 urbes,
783 2078 883 2109 donec
895 2078 1151 2118 sedulainquisi-

185 2122 272 2152 tione
296 2122 496 2161 perfunctae,
521 2122 630 2152 testari
655 2126 775 2161 queant
798 2126 941 2152 autorem
967 2132 1028 2152 non
1053 2121 1151 2151 fuisse

185 2170 402 2203 compertum:
423 2170 544 2204 quanto
565 2165 672 2204 itaque
684 2164 792 2194 minus
805 2170 898 2195 erunt
912 2163 1112 2195 excusabiles
1125 2165 1150 2194 si

189 2207 381 2238 homicidam
406 2207 539 2246 impune
563 2207 644 2238 elabi
676 2206 807 2237 sinant?
843 2207 939 2237 Ritus
963 2217 1038 2237 vero
1061 2216 1151 2246 prac-

187 2250 353 2286 scribitur,
386 2255 421 2280 ut
445 2250 588 2280 seniores
612 2249 699 2281 urbis
722 2250 825 2290 magis
845 2250 1043 2290 propinquae
1068 2250 1151 2280 vitu-

187 2292 249 2322 lam
275 2298 405 2323 sumant
429 2303 510 2332 quae
534 2293 643 2332 iugum
670 2303 733 2323 non
759 2293 910 2329 traxerit,
935 2292 1096 2323 adducant.
1119 2292 1152 2321 in

187 2335 306 2365 vallem
342 2345 489 2366 saxosam
524 2340 555 2365 et
583 2336 743 2372 sterilem,
778 2336 935 2366 cervicem
965 2334 1154 2376 praecidant

189 2377 342 2407 adhibitis
367 2378 594 2415 sacerdotibus,
620 2378 729 2409 lavent
750 2389 865 2409 manus
885 2389 959 2409 suas
983 2382 1014 2408 ct
1038 2383 1153 2408 testen-

188 2425 242 2450 tur
265 2432 297 2451 se
321 2422 440 2451 hahere
460 2431 576 2451 manus
594 2431 689 2461 puras
713 2426 743 2451 et
769 2421 884 2457 oculos,
909 2421 983 2460 quia
1004 2431 1068 2451 non
1089 2420 1155 2450 sint

188 2464 316 2494 conscii.
362 2463 457 2502 Quod
482 2464 615 2494 vitulam
642 2464 707 2504 iugi
738 2469 903 2503 expertem
935 2463 1030 2503 elegit
1055 2462 1153 2497 Deus,

189 2504 307 2535 factum
340 2513 387 2535 cst
419 2517 480 2546 quo
510 2508 614 2546 magis
645 2507 683 2537 ad
717 2507 827 2537 vivum
859 2510 1155 2546 repraesentaretur

189 2549 406 2587 compensatio
426 2550 592 2589 sanguinis
611 2550 743 2580 innoxii.
779 2549 915 2580 Mactari
939 2559 1014 2579 vero
1034 2549 1065 2578 in
1086 2548 1154 2578 loco

191 2590 278 2620 arido
303 2593 451 2630 oportuit,
476 2597 511 2622 ut
535 2592 573 2622 ab
597 2593 683 2632 agris
708 2592 802 2623 cultis
826 2592 992 2622 tolleretur
1015 2591 1155 2621 immun-

191 2632 293 2663 dities.
339 2633 419 2663 Nam
446 2635 470 2664 si
496 2635 526 2664 in
551 2635 656 2665 medio
687 2636 754 2666 foro
786 2634 889 2673 urbis,
922 2634 971 2664 vel
1000 2634 1031 2664 in
1063 2637 1154 2673 purte

1173 538 1177 605 1

1203 539 1311 579 aliqua
1334 538 1500 570 habitabili
1525 539 1616 570 fusus
1639 543 1725 570 esset
1748 538 1881 579 sanguis
1904 539 2043 577 vitulae,
2074 539 2166 570 fami-

1202 581 1276 613 liari
1308 581 1540 612 immolationis
1570 586 1716 621 aspectu,
1748 582 1851 622 magis
1880 581 2107 613 obduruissent
2130 581 2172 613 ad

1202 624 1448 656 immanitatem.
1479 623 1644 664 Gignendi
1657 634 1733 664 ergo
1747 624 1889 655 horroris
1908 634 2004 656 causa
2025 628 2172 656 extracta.

1202 667 1263 698 suit
1285 668 1319 698 in
1342 667 1448 698 locum
1473 666 1651 698 solitarium
1676 672 1708 698 et
1730 666 1909 705 horridum,
1932 671 1969 698 ut
1993 667 2053 699 hoc
2075 667 2171 699 modo

1202 709 1241 741 ad
1282 709 1506 741 crudelitatem
1548 709 1770 741 detestandam
1816 710 2036 741 assuefierent.
2096 710 2170 742 Etsi

1203 756 1310 784 autem
1342 753 1469 792 proprie
1498 751 1657 792 loquendo
1689 763 1753 783 non
1785 753 1845 783 fuit.
1874 752 1934 784 hoc
1963 753 2169 791 sacrificium,

1203 796 1276 835 quia
1299 796 1347 826 fas
1369 806 1432 826 non
1455 795 1571 826 fuisset
1602 795 1677 826 alibi
1701 805 1796 834 quam
1820 795 1854 826 in
1886 796 2067 827 sanctuario
2097 806 2170 836 per-

1203 839 1271 878 agi:
1303 839 1436 869 accessit
1466 843 1574 869 tamen
1599 837 1638 869 ad
1658 838 1807 869 sacrificii
1826 842 1991 874 naturam,
2016 838 2170 878 quoniam

1203 880 1339 912 adhibiti
1363 881 1492 912 fuerunt
1504 881 1649 919 Levitae,
1674 885 1705 912 et
1729 880 1910 921 deprecatio
1932 880 2074 913 solennis
2096 891 2171 913 con-

1203 928 1294 963 cepta
1328 924 1396 954 fuit.
1451 923 1645 963 Quanquam
1682 934 1747 954 non
1788 927 1914 954 tantum
1953 927 1989 954 ut
2028 923 2170 955 ministri

1203 966 1324 1004 altaris,
1349 966 1404 998 sed
1429 966 1526 997 etiam
1551 971 1587 996 ut
1605 965 1727 997 iudices
1747 967 1837 997 asciti
1858 966 2006 997 fuerunt:
2030 966 2169 1006 qualitas

1203 1009 1289 1039 enim
1313 1009 1363 1040 his
1388 1009 1492 1040 verbis
1516 1008 1718 1048 exprimitur,
1743 1008 1827 1048 quod
1851 1008 1891 1040 ad
1910 1008 2032 1040 cultum
2046 1008 2109 1040 Dei
2127 1008 2169 1040 ad

1203 1051 1458 1083 benedicendum
1490 1052 1661 1091 populum,
1693 1056 1723 1082 et
1747 1052 1786 1082 ad
1810 1051 1977 1083 ferendam
2001 1051 2040 1082 de
2062 1052 2167 1093 plagis

1203 1095 1397 1126 sententiam
1421 1095 1513 1126 electi
1536 1095 1665 1125 fuerint.

1287 1138 1315 1168 6.
1339 1137 1381 1168 Et
1410 1147 1511 1168 omnes
1539 1137 1680 1168 seniores.
1726 1137 1885 1168 Mannum
1916 1136 2037 1168 ablutio
2067 1137 2167 1169 valuit

1202 1179 1242 1210 ad
1265 1191 1317 1211 eos
1348 1179 1463 1211 melius
1492 1179 1697 1217 excitandos,
1730 1190 1769 1210 ne
1800 1184 1920 1211 temere
1950 1179 2074 1211 solenni
2105 1180 2166 1211 isto

1201 1222 1266 1253 ritu
1286 1223 1539 1254 testificarentur
1561 1233 1594 1253 se
1617 1233 1714 1263 puros
1737 1233 1807 1254 esse
1830 1226 1861 1253 et
1883 1223 2054 1253 immunes.
2088 1223 2166 1254 Per-

1201 1265 1274 1296 inde
1304 1266 1389 1297 enim
1421 1270 1490 1296 erat
1513 1276 1548 1297 ac
1571 1266 1598 1297 si
1622 1265 1761 1297 cadaver
1796 1265 1912 1297 mortui
1943 1265 2083 1297 hominis
2106 1267 2165 1297 sis-

1201 1312 1307 1339 terent
1335 1319 1441 1339 coram
1465 1308 1550 1345 Deo,
1582 1316 1614 1339 et
1642 1309 1702 1348 ipsi
1733 1319 1772 1339 ex
1804 1308 1949 1349 opposito
1977 1312 2101 1339 starent
2125 1307 2164 1339 ad

1201 1351 1322 1382 crimen
1343 1351 1539 1382 diluendum.
1564 1351 1694 1382 Interea
1714 1356 1821 1381 tamen
1842 1351 1969 1382 veniam
1989 1351 2165 1391 postulant,

1201 1394 1274 1434 quia
1298 1394 1367 1425 fieri
1391 1394 1493 1433 potuit
1517 1397 1553 1424 ut
1575 1405 1684 1425 eorum
1708 1394 1833 1425 incuria
1857 1394 1953 1425 fuerit
1976 1393 2071 1425 homo
2093 1404 2166 1434 per-

1201 1447 1326 1468 cussus:
1359 1436 1474 1468 deinde
1503 1448 1599 1476 quum
1624 1437 1792 1477 sacrilegio
1820 1437 1916 1467 unius
1939 1436 2064 1468 Acham
2089 1446 2166 1468 con-

1202 1479 1377 1510 taminatus
1411 1479 1507 1510 fuerit
1542 1484 1626 1510 totus
1655 1479 1808 1519 populus,
1834 1479 2013 1510 timendum
2037 1479 2098 1510 fuit
2125 1488 2166 1510 ne

1201 1521 1265 1552 Dei
1288 1522 1431 1554 vindicta
1462 1522 1558 1552 latius
1589 1526 1734 1562 serperet
1762 1522 1801 1553 ob
1825 1522 2031 1554 commissum
2055 1522 2165 1562 piacu-

1202 1564 1278 1596 lum.
1324 1564 1431 1605 Atque
1461 1565 1506 1595 ita
1536 1575 1651 1596 rursus
1681 1564 1784 1596 edocti
1815 1565 1946 1596 fuerunt
1969 1569 2166 1606 quantopere

1202 1607 1375 1638 homicidia
1405 1607 1608 1638 abominetur
1638 1608 1741 1645 Deus,
1771 1607 1823 1638 ubi
1855 1607 1993 1648 populus
2024 1607 2166 1639 alienum

1202 1655 1369 1690 peccatum
1389 1650 1449 1681 sibi
1468 1650 1590 1690 ignosci
1610 1650 1768 1690 postulat:
1788 1660 1824 1681 ac
1843 1651 1869 1682 si
1889 1661 1928 1681 ex
1948 1650 2016 1682 solo
2035 1655 2168 1690 aspectu

1203 1703 1320 1724 noxam
1348 1693 1593 1725 contraxissent.
1638 1693 1837 1725 Pronunciat
1867 1693 1996 1724 tandem
2019 1693 2111 1724 Deus
2133 1702 2168 1724 se

1202 1747 1265 1767 non
1289 1736 1525 1776 imputaturum
1549 1735 1612 1766 illis
1636 1735 1689 1766 ubi
1719 1735 1775 1766 tali
1806 1736 2000 1776 purgatione
2028 1736 2090 1767 rite
2112 1734 2167 1766 de-

1203 1778 1305 1810 functi
1327 1779 1465 1809 fuerint:
1490 1788 1552 1809 non
1577 1777 1661 1818 quod
1685 1778 1790 1809 vitula
1813 1779 1953 1818 pretium
1977 1778 2167 1810 satisfactio-

1202 1822 1252 1854 nis
1276 1826 1359 1853 esset
1382 1821 1420 1852 ad
1445 1821 1551 1852 Deum
1575 1820 1784 1861 placandum:
1813 1821 1868 1852 sed
1892 1821 1967 1861 quia
1990 1821 2050 1853 hoc
2073 1820 2168 1852 modo

1202 1864 1390 1904 suppliciter
1419 1875 1452 1895 se
1482 1864 1552 1895 Deo
1584 1863 1849 1902 reconciliabant,
1881 1870 1912 1895 et
1941 1865 1973 1895 in
2004 1868 2168 1905 posterum

1202 1908 1333 1938 ianuam
1357 1906 1547 1938 claudebant
1571 1906 1760 1938 homicidiis.
1796 1907 1867 1938 Hac
1887 1907 2011 1938 ratione
2035 1907 2166 1938 dicitur:

1203 1950 1308 1981 Tolles
1332 1960 1348 1980 e
1372 1949 1476 1980 medio
1500 1949 1706 1989 sanguinem:
1741 1949 1814 1989 quia
1837 1949 1865 1980 si
1888 1949 2074 1990 negligatur
2096 1959 2166 1980 cae-

1203 1992 1271 2031 des,
1304 1993 1421 2023 residet
1444 1993 1477 2022 in
1507 1991 1623 2032 populo
1654 1992 1795 2029 macula,
1826 1997 1858 2023 et
1882 1996 1970 2023 terra
1991 1993 2060 2033 ipsa
2092 2002 2168 2032 quo-

1203 2034 1372 2067 dammodo
1396 2035 1480 2075 apud
1504 2035 1608 2065 Deum
1634 2035 1741 2066 foetet.

1523 2203 1585 2234 EX
1611 2203 1743 2236 DEUT.
1767 2203 1846 2235 XII.

1292 2290 1339 2321 15.
1366 2289 1429 2320 Pro
1452 2290 1534 2320 omni
1557 2290 1708 2321 desiderio
1730 2290 1853 2321 animae
1875 2292 1944 2321 tuae
1966 2290 2122 2329 mactabis,
2145 2293 2173 2322 et

1205 2334 1338 2365 comedes
1366 2342 1474 2364 carnes
1503 2333 1668 2363 secundum
1700 2331 1930 2364 benedictionem
1959 2332 2087 2364 lehovae
2110 2333 2173 2364 Dei

1206 2377 1252 2408 tui
1260 2402 1266 2414 ,
1295 2385 1388 2415 quam
1416 2375 1532 2406 dederit
1560 2375 1614 2405 tibi
1637 2375 1719 2405 intra
1743 2385 1844 2406 omnes
1868 2378 1978 2414 portas
1999 2378 2086 2408 tuas:
2116 2377 2173 2407 im—

1206 2419 1341 2450 mundus
1363 2418 1540 2449 otmundus
1562 2417 1691 2448 comedet
1714 2428 1774 2456 eas,
1798 2418 1875 2449 sicut
1898 2429 2042 2458 capream
2064 2421 2090 2450 et
2112 2429 2173 2450 cer-

1206 2472 1285 2493 vum.
1345 2462 1390 2491 16.
1437 2461 1656 2492 Tantummodo
1692 2461 1873 2500 sanquinem
1912 2472 1969 2492 non
2003 2462 2171 2500 comedetis,

1207 2515 1299 2544 super
1321 2506 1433 2535 terram
1452 2504 1614 2542 effundetis
1637 2503 1725 2534 'illum
1749 2504 1849 2534 instar
1872 2514 1980 2544 siquae.
