2304 3034
84 178 122 208 73
675 170 1042 207 COMMENTARIUS
1066 171 1115 201 IN
1139 169 1287 201 EXODI
1311 170 1408 202 OAP.
1432 170 1472 201 V.
2031 169 2071 199 74

84 272 170 303 tuari
190 271 264 310 quia
287 270 335 301 eis
357 269 493 300 nimium
518 268 694 307 indulgeat.
729 266 784 297 Sic
808 270 976 304 postquam
1001 268 1051 304 ty·

85 313 199 345 rannis
222 313 344 344 excidit
366 311 536 351 aequitatis
559 310 712 344 studium,
742 307 850 338 nullus
871 313 919 337 est
943 306 1051 344 inique

87 355 203 397 agendi
234 355 364 392 modus,
395 360 426 385 et
453 352 657 393 querimoniis
688 350 767 381 adeo
791 360 852 380 non
877 350 1052 379 flectuntur

88 399 128 430 ad
153 397 413 434 misericordiam,
442 401 479 426 ut
502 394 662 426 crudelius
685 393 888 423 insolescant.
934 391 977 421 Et
1001 390 1052 420 his

87 441 224 473 flabellis
248 451 300 471 eos
323 440 461 470 incitant
494 436 693 471 adulatores,
729 444 894 474 nunquam
930 434 1053 472 quietos

88 485 156 515 fore
189 483 332 514 subditos
363 481 426 511 nisi
458 480 516 510 sub
546 489 679 509 onerum
704 478 863 518 gravitate
887 476 1050 506 deficiant:

89 527 248 566 optimum
270 525 329 555 hoe
352 534 421 554 esse
445 520 631 552 dominandi
655 520 895 560 compendium,
930 519 975 549 sic
999 528 1052 548 eos

90 569 271 608 opprimere
299 574 334 597 ut
363 576 403 596 ne
433 565 557 595 hiscere
588 563 715 602 quidem
740 562 896 592 audeant:
932 562 959 591 si
990 561 1052 590 fre-

90 616 181 642 mant
193 610 244 641 vel
256 610 511 642 obmurmurent‚
531 606 643 636 durius
663 616 732 636 esse
752 604 922 644 urgendos,
943 608 977 634 ut
996 602 1050 633 ob-

90 654 263 684 durescant
285 651 323 681 ad
348 650 547 686 servitutem,
572 648 662 688 quasi
684 652 848 678 contracto
869 646 960 677 callo.
984 645 1051 676 Ita-

89 707 151 736 que
175 695 254 726 nihil
285 693 411 724 iniuriis
440 697 471 722 et
501 691 704 722 contumeliis
728 691 848 721 faciunt·
876 688 1052 719 residuum.
1078 728 1079 732 Ἰ

90 738 190 768 donee
223 737 350 777 penitus
380 735 497 765 misera
527 733 616 773 plebs
639 733 851 764 succubuerit.
899 731 1051 761 Petulan-

89 781 154 811 tius
187 779 301 810 deinde
334 777 476 813 insultat7
510 786 606 815 quum
642 786 675 806 se
710 775 783 815 plus
813 785 946 805 onerum
977 773 1053 803 dicit

89 823 262 862 imponere,
285 831 324 850 ne.
343 819 506 851 confidant
520 818 625 849 verbis
641 817 858 848 mendacibus.
883 816 1051 855 Quaenam

90 875 166 896 vero
190 864 244 894 illa.
267 868 352 897 sunt.
376 862 437 892 nisi
461 860 545 901 quod
569 861 735 900 adspirant
761 860 800 890 ad
824 860 946 891 cultum
971 858 1051 889 Dei?

90 908 178 947 Ergo
198 916 262 937 uua
280 916 350 936 cum
371 905 539 944 tyrannico
558 904 642 934 fastu
663 903 859 943 impietatem
874 902 1052 941 despumat.

89 950 202 989 Neque
226 949 283 979 hoc
304 947 406 978 solum
427 947 590 977 Pharaoni
611 947 809 986 propositum
831 946 899 982 fuit,
923 954 1054 983 crepare

90 992 184 1022 talem
215 990 445 1030 blasphemiam
476 990 508 1019 in
534 989 648 1025 Deum,
680 988 734 1019 sed
756 988 898 1019 Satanae
918 987 1053 1017 artifieio

89 1035 261 1074 instigatus
296 1032 355 1062 fuit
389 1032 428 1062 ad
469 1032 722 1062 labefactandam
754 1031 906 1061 ecelesiae
946 1030 1052 1060 fidem.

89 1076 211 1107 Eodem
241 1075 381 1115 impulsu
405 1074 568 1105 Bahsaces
592 1074 729 1104 iactabat
753 1073 926 1104 Ezechiam
947 1073 1053 1103 verbis

88 1118 239 1150 inanibus
273 1117 419 1157 decipere
454 1117 623 1156 populum,
657 1117 728 1155 quia
767 1116 892 1146 iubebat
925 1125 1054 1154 sperare

88 1162 121 1192 in
146 1162 213 1192 Deo
239 1161 311 1190 vivo
335 1159 410 1201 (Isa.
434 1160 483 1197 36,
508 1160 549 1200 7).
586 1159 653 1189 Nec
672 1159 791 1189 desinit
815 1160 915 1189 Satan
941 1158 1052 1188 eadem

87 1203 237 1234 machina
256 1202 365 1233 fideles
385 1203 549 1242 impetere.
570 1202 703 1241 perinde
722 1212 758 1232 ae
777 1202 802 1231 si
823 1201 950 1232 fallacia
970 1206 1053 1231 esset

86 1252 118 1277 et
141 1246 266 1276 vanitas
289 1245 442 1285 quidquid
467 1245 623 1284 promittit
646 1244 745 1275 Deus.

174 1288 222 1319 12.
254 1288 427 1327 Dispersus
455 1291 497 1318 est
522 1298 590 1326 erqo
607 1288 754 1326 populus.
800 1286 889 1317 Haec
913 1286 1051 1316 circum-

87 1332 207 1362 stantia
231 1331 431 1361 demonstrat
455 1341 550 1369 quam
576 1330 685 1369 inique
709 1330 818 1360 afflicti
842 1329 964 1359 fuerint
982 1328 1051 1367 qui*

87 1374 146 1405 bus
181 1374 269 1404 labor
303 1384 398 1413 supra
430 1374 512 1403 vires
546 1373 607 1403 fuit
638 1373 814 1412 impositus.
861 1372 905 1402 Ut
936 1371 1052 1401 lateres

87 1418 290 1455 conficerent,
314 1416 454 1455 oportuit
477 1415 591 1446 saltem
611 1426 664 1446 eos
683 1416 714 1445 in
737 1416 802 1445 loco
821 1424 965 1445 manere:
986 1424 1051 1443 non

87 1460 229 1500 suppetit
262 1459 326 1490 illis
350 1458 440 1498 palea
464 1458 502 1489 ad
527 1458 645 1489 lateres
668 1457 862 1497 coquendos:
893 1462 1053 1496 coguntur

87 1513 163 1543 ergo
189 1502 251 1533 huc
274 1506 306 1532 et
329 1501 403 1531 illuc
427 1500 524 1531 dilabi
548 1507 577 1531 et
603 1501 753 1540 stipulam
779 1501 809 1531 in
834 1502 965 1530 remotis
989 1501 1052 1530 Ae-

87 1545 180 1586 gypti
211 1544 356 1585 partibus
387 1543 551 1583 colligere,
580 1554 642 1583 qua
668 1541 738 1574 loeo
769 1543 880 1583 paleae
908 1547 1051 1573 utantur.

86 1588 270 1627 Utrumque
302 1593 465 1627 praestare
495 1597 557 1617 non
587 1591 751 1627 poterant:
786 1585 919 1626 perinde
952 1585 1053 1625 igitur

87 1631 148 1661 fuit
170 1641 205 1661 ac
225 1630 250 1661 si
275 1630 353 1660 falso
373 1633 544 1670 praetextu
566 1633 597 1659 et
610 1629 781 1666 calumnia,
805 1628 949 1660 criminis
963 1638 1052 1659 occa-

87 1673 208 1704 sionem
233 1678 375 1712 captaret
391 1672 430 1702 ad
454 1683 507 1703 eos
531 1672 739 1702 damnandos.
786 1671 935 1710 Qualiter
958 1671 1053 1701 hodie

87 1715 236 1746 videmus
259 1714 383 1746 Christi
408 1715 514 1746 hostes
533 1714 668 1746 subinde
692 1716 876 1755 excogitare
900 1714 1052 1754 gravissi·

87 1768 157 1789 mas
181 1768 323 1797 quasque
347 1768 479 1797 poenas,
509 1757 625 1797 quibus
656 1763 791 1797 cogatur
815 1757 932 1788 misera
955 1757 1053 1787 eecle-

87 1801 135 1832 sia
158 1800 198 1831 ad
221 1801 350 1840 pietatis
373 1801 629 1840 abnegationem.
676 1800 856 1831 Pharaonis
874 1801 960 1830 enim
980 1810 1052 1830 con-

89 1843 195 1874 silium
227 1844 285 1874 fuit
316 1843 429 1874 Mosen
461 1849 493 1874 et
523 1843 657 1874 Aharon
684 1843 794 1883 procul
829 1843 975 1882 abigere,
1012 1852 1053 1872 ne

89 1886 128 1917 de
151 1886 240 1916 exitu
264 1886 372 1925 populi
396 1887 530 1916 verbum
555 1886 693 1926 amplius
716 1886 876 1916 facerent:
900 1896 961 1924 quo
981 1890 1053 1915 voto

87 1929 216 1969 potitus,
242 1928 361 1969 aliquid
381 1929 466 1959 haud
487 1928 581 1959 dubie
600 1940 638 1959 ex
664 1934 729 1958 tam
754 1929 884 1958 immani
909 1928 1053 1959 saevitia.

89 1972 275 2002 remisisset.
321 1971 406 2010 Quia
439 1982 516 2002 vero
550 1981 615 2002 non
650 1972 819 2002 cessabant
848 1971 909 2007 illi,
945 1976 1053 2001 extor-

89 2024 186 2054 quere
210 2024 266 2054 per
290 2013 385 2044 duros
409 2015 572 2046 cruciatus
602 2025 620 2044 a
646 2014 763 2053 populo
787 2013 889 2044 voluit
920 2020 953 2043 ut
982 2013 1053 2043 illos

88 2056 239 2097 abigeret,
263 2057 313 2087 vel
338 2068 378 2087 ne
397 2068 506 2087 aurem
526 2056 692 2097 praeberet
705 2056 764 2087 Dei
786 2056 955 2087 mandatis.
980 2056 1052 2086 Etsi

90 2106 195 2130 autem
227 2100 304 2130 satis
338 2099 399 2131 sibi
422 2100 568 2130 conscius
591 2105 640 2130 est
664 2100 784 2130 nullam
810 2110 879 2130 esse
903 2099 1053 2139 ignaviae

91 2141 216 2181 culpam
240 2143 273 2172 in
296 2142 421 2182 populo,
444 2143 498 2173 sed
523 2142 593 2173 ideo
618 2153 681 2172 non
706 2142 793 2172 reddi
818 2141 857 2172 ad
883 2152 1052 2172 numerum

91 2183 206 2215 lateres
228 2184 312 2224 quod
335 2185 453 2221 miseri,
478 2185 531 2225 qui
554 2185 645 2225 prius
669 2184 801 2215 dimidia
821 2184 939 2215 laboris
963 2191 1053 2224 parte

92 2226 269 2266 aegerrime
291 2226 432 2259 defuncti
456 2228 599 2265 fuerant,
624 2238 709 2258 nunc
739 2227 766 2258 si
790 2227 960 2258 intendant
983 2238 1054 2257 ner-

92 2278 151 2298 vos
180 2278 305 2305 omnes,
340 2281 402 2300 non
433 2275 541 2301 tamen
565 2276 663 2301 erunt
685 2271 774 2301 oneri
798 2270 980 2307 tolerando,
1005 2276 1053 2300 at-

93 2321 155 2350 que
184 2311 229 2340 ita
259 2311 347 2342 videt
374 2323 426 2344 eos
454 2323 584 2352 prorsus
608 2313 825 2350 succumbere,
859 2318 967 2343 tamen
998 2324 1052 2343 ex-

93 2352 225 2392 probrat
247 2354 330 2392 quod
352 2356 416 2385 otio
438 2355 654 2386 luxurientur.
686 2356 808 2395 Nempe
829 2361 864 2386 ut
887 2355 1054 2395 repudiato

93 2396 199 2431 Mose,
233 2396 300 2434 spei
332 2396 485 2428 divinitus
508 2399 569 2429 sibi
593 2398 716 2429 oblatae
741 2398 923 2429 valedicant
946 2409 981 2429 ac
1005 2409 1053 2428 re-

92 2438 259 2484 nuncient.
304 2438 346 2468 Et
364 2440 437 2479 quia
461 2441 603 2472 acerbius
628 2452 680 2471 eos
699 2447 847 2480 torquere
866 2451 930 2471 non
951 2445 1056 2480 potest

94 2480 156 2511 nisi
179 2479 318 2517 occidat,
347 2482 520 2520 praefectos
550 2484 637 2515 caedi
661 2484 757 2521 iubet,
782 2488 817 2514 ut
840 2493 950 2514 eorum
984 2494 1054 2514 ver-

94 2523 225 2554 beribus
255 2528 358 2553 totum
386 2525 503 2565 vulgus
532 2527 634 2566 magis
657 2531 859 2566 expavescat.
906 2525 1055 2566 Denique

93 2576 173 2605 quos
192 2564 319 2596 videbat
342 2566 436 2598 nimis
456 2567 565 2599 firmos
583 2574 677 2607 stare,
701 2569 813 2599 ultima
833 2569 1054 2608 desperatione

94 2609 244 2647 frangere
278 2608 386 2639 voluit.
443 2608 605 2649 Quidquid
639 2612 880 2643 excusationum
917 2612 1054 2642 afferant

1079 1707 1081 1716 x
1106 1671 1233 1701 vidisse.

1104 263 1256 302 praefecti
1291 263 1361 303 ipsi,
1397 263 1494 294 surdo
1529 269 1651 294 canunt
1681 263 1833 294 fabulam.
1879 263 1961 294 Nam
1997 263 2072 302 quia

1104 305 1203 335 semel
1244 305 1383 336 decrevit
1426 306 1578 346 populum
1620 307 1773 344 obruere,
1825 306 1926 337 donec
1967 305 2071 336 abole-

1105 348 1187 378 verit
1217 359 1344 378 omnem
1378 349 1438 379 Dei
1469 349 1673 383 memoriam.
1709 348 1810 379 nihilo
1842 350 1943 379 maior
1967 348 2071 378 estin

1103 400 1140 420 eo
1168 391 1404 421 misericordiae
1434 401 1548 422 sensus
1580 392 1628 423 vel
1661 391 1876 422 humanitatis
1911 402 2006 430 quam
2038 390 2071 420 in

1104 432 1217 472 lapide.

1191 517 1239 548 19.
1265 517 1307 547 Et
1329 518 1470 548 videraut
1488 519 1638 557 praefecti
1654 519 1791 558 filiorum
1812 518 1915 550 Israel
1934 519 2018 558 ipsos
2037 518 2071 548 in

1103 561 1251 594 miserm,
1285 560 1425 591 dicendo:
1464 561 1534 591 Non
1561 562 1707 592 wec'nnetis
1737 572 1772 592 ea:
1795 561 1941 592 lateribus
1964 561 2073 591 vestris

1104 613 1182 641 opus
1205 603 1269 633 diez·
1291 603 1340 633 die
1362 612 1426 633 suo.
1472 603 1522 634 20.
1547 603 1590 633 Et
1612 607 1806 634 occurrermzt
1829 603 1912 634 Mosi
1934 606 1959 634 et
1984 603 2072 634 Aha-

1078 667 1079 670 ,
1104 645 1183 682 rom',
1206 645 1260 683 qui
1282 645 1404 675 stabant
1428 647 1459 675 in
1482 656 1640 677 occursum
1662 657 1765 678 eorum
1788 657 1881 686 quum
1905 646 1968 686 ipsi
1992 656 2072 686 egyre-

1104 688 1247 718 cierentur
1287 698 1306 718 α
1348 687 1519 718 Pharaone.
1583 689 1631 719 21.
1673 689 1888 728 Dioecruntque
1928 689 1970 720 acl
2007 699 2070 719 eos:

1113 730 1221 760 Videat
1235 730 1347 760 Iehova
1369 740 1463 768 super
1485 741 1544 765 vos,
1568 734 1594 762 et
1617 732 1735 768 medicei,
1755 732 1809 770 qai
1826 732 1936 770 foetere
1953 731 2072 770 fecistis

1105 773 1223 803 odorem
1246 775 1384 803 'nostrum
1410 774 1440 803 in
1463 773 1558 803 oculis
1584 774 1763 805 Pharaonis
1785 776 1811 805 et
1835 774 1866 804 in
1889 774 1987 805 oculis
2009 784 2072 804 ser-

1104 826 1211 846 vorum
1234 815 1314 851 erius,
1344 816 1490 846 tradendo
1517 816 1657 855 {stadium
1680 817 1711 847 in
1735 826 1862 847 martum
1884 816 2009 847 illorum
2032 815 2074 847 αιῖ

1105 858 1300 889 oecidendmn
1323 868 1386 889 2203.
1422 858 1471 888 2⁶2.
1499 859 1585 889 Tuom
1606 869 1747 890 ret-ersus
1768 862 1811 890 est
1834 858 1937 890 Moses
1960 859 2000 889 ad
2025 858 2073 889 Ie-

1105 900 1222 935 hot-am,
1246 903 1272 930 ec
1295 900 1390 930 dia-it.-
1417 900 1560 939 Domessw‘,
1583 912 1638 931 cur
1659 902 1776 932 vitalum
1800 902 1936 933 intulisti
1952 901 2073 941 populo

1105 943 1197 973 huic!
1229 953 1286 974 eur
1313 943 1429 973 misisti
1457 943 1527 973 me?
1577 944 1627 974 23.
1660 945 1744 974 Nam
1775 955 1811 975 ex
1842 954 1902 983 quo
1931 945 1999 975 veni
2030 944 2072 975 acl

1109 986 1305 1016 Pharaonem
1334 989 1367 1015 ut
1397 986 1533 1023 loquat-er
1562 987 1593 1017 in
1629 987 1747 1017 nomine
1776 990 1834 1023 tuo,
1863 986 1943 1017 malo
1971 987 2073 1026 affecit

1100 1028 1252 1068 populum
1275 1027 1369 1059 leuve:
1399 1038 1449 1058 nce
1471 1028 1625 1060 liberando
1648 1029 1785 1060 liberasti
1801 1030 1953 1069 populum
1976 1032 2072 1060 tumn.

1193 1114 1240 1144 19.
1262 1113 1304 1143 Et
1327 1114 1476 1144 viderunt.
1518 1113 1656 1152 Quidam
1678 1125 1787 1145 vocem
1802 1113 1997 1145 Hebraicam
2027 1121 2072 1150 177

1106 1168 1163 1197 pro
1192 1167 1339 1187 moerore
1370 1157 1545 1196 accipiunt,
1577 1157 1751 1188 referentes
1774 1162 1881 1187 tamen
1907 1156 1945 1187 ad
1970 1166 2071 1196 popu-

1107 1201 1187 1230 lum:
1213 1210 1248 1230 ac
1273 1199 1299 1230 si
1318 1198 1438 1230 dictum
1459 1205 1550 1236 esset,
1575 1199 1725 1230 viderunt
1744 1200 1895 1239 praefecti
1915 1199 2071 1239 populum

1107 1247 1280 1279 moestum,
1312 1241 1361 1273 vel
1391 1242 1521 1272 tristitia
1545 1242 1719 1282 deiectum,
1751 1253 1849 1281 quum
1872 1242 1957 1282 regis
1980 1251 2070 1272 man-

1107 1285 1181 1315 data
1205 1288 1412 1324 exponerent.
1457 1283 1579 1315 Verum
1614 1285 1803 1324 simpliciter
1825 1284 1909 1325 (meo
1938 1283 2069 1325 iudicio)

1106 1339 1218 1359 sensus
1247 1335 1345 1361 esset,
1371 1327 1487 1358 vidisse
1514 1327 1638 1358 nullum
1661 1338 1729 1358 esse
1752 1327 1929 1358 remedium
1960 1326 2067 1363 malis,

1106 1382 1164 1402 nec
1188 1381 1281 1410 posse
1311 1370 1407 1400 eximi
1437 1370 1476 1400 ab
1506 1370 1561 1400 illa
1591 1370 1670 1400 dura
1699 1371 1855 1401 servitute
1878 1370 1927 1400 eui
1951 1369 2069 1400 addicti

1106 1419 1208 1444 erant.
1240 1414 1417 1453 Exponunt
1436 1413 1531 1443 etiam
1551 1413 1678 1452 quidam
1704 1412 1878 1452 praefectos
1898 1413 1983 1452 ipsos
1996 1422 2069 1443 sen-

1107 1457 1186 1487 sisse
1216 1456 1285 1495 ipso
1315 1455 1554 1495 experimento,
1584 1460 1751 1495 postquam
1776 1465 1792 1486 a
1823 1465 1899 1496 rege
1930 1458 1996 1485 tam
2020 1455 2069 1485 in-

1107 1499 1293 1530 humaniter
1316 1498 1436 1537 repulsi
1462 1499 1603 1535 fuerant,
1635 1509 1728 1537 quam
1759 1497 1874 1528 infelix
1905 1502 1988 1528 esset
2011 1507 2069 1528 sua

1107 1542 1256 1573 conditio.
1292 1541 1362 1581 Ego
1382 1548 1500 1577 tamen,
1524 1541 1549 1571 si
1569 1541 1760 1571 alterutrum
1776 1540 1894 1580 eligere
1913 1544 2068 1580 oporteat,

1107 1585 1210 1625 magis
1229 1584 1397 1624 probarem
1418 1583 1500 1623 quod
1523 1583 1611 1623 prius
1635 1583 1738 1618 retuli,
1763 1584 1848 1623 ipsos
1866 1583 2069 1614 condoluisse

1105 1627 1252 1668 publicae
1286 1626 1475 1663 calamitati,
1522 1625 1644 1657 nulla-m
1686 1631 1792 1656 tamen
1834 1636 1924 1666 spem
1961 1626 2068 1656 exitus

1281 1670 1352 1700 Nisi
1382 1670 1462 1699 forte
1486 1669 1529 1700 sie
1554 1669 1695 1709 accipere
1720 1668 1832 1705 libeat,
1865 1678 1963 1708 quum
1995 1678 2067 1708 pro-

1105 1713 1212 1744 dirent
1235 1714 1266 1743 in
1292 1713 1399 1752 populi
1424 1716 1649 1751 conspectum,
1674 1711 1770 1741 fuisse
1795 1711 1878 1741 tristi
1902 1711 2006 1747 vultu,
2037 1714 2070 1741 et

1105 1756 1195 1796 quasi
1220 1761 1309 1786 torve
1331 1756 1434 1795 ipsum
1456 1755 1589 1785 intuitos
1613 1764 1680 1785 esse
1699 1764 1774 1793 prae
1795 1753 1902 1784 dolore
1925 1757 1958 1784 et
1975 1763 2068 1784 vere-

1105 1799 1231 1836 cundia,
1252 1798 1333 1838 quod
1358 1797 1486 1829 crudele
1509 1797 1586 1827 illud
1617 1797 1784 1836 imperium
1816 1795 1999 1835 perferrent
2029 1795 2069 1827 de

1106 1843 1213 1873 labore
1237 1840 1440 1881 duplicando.
1486 1841 1528 1870 Et
1558 1844 1643 1870 certe
1669 1839 1726 1869 hoe
1758 1839 1895 1869 libenter
1930 1838 2067 1878 amplec-

1106 1891 1171 1920 tor,
1213 1895 1311 1924 quum
1353 1883 1438 1923 regis
1472 1883 1640 1922 imperium
1676 1882 1775 1912 coacti
1810 1882 2067 1921 promulgarent,

1105 1938 1184 1968 prae
1207 1938 1241 1957 se
1264 1927 1376 1957 tulisse
1390 1926 1480 1956 vultu
1504 1925 1712 1956 moestitiam:
1738 1924 1822 1963 quod
1842 1925 2067 1955 necessitatem

1106 1971 1194 2001 illam
1219 1970 1361 2009 effugere
1385 1979 1449 1999 non
1473 1973 1602 2008 possent
1625 1968 1699 2007 quin
1725 1966 1863 1997 ministri
1881 1973 1987 1997 essent
2007 1967 2067 1997 im-

1105 2014 1175 2053 piae
1206 2012 1389 2053 tyrannidis
1419 2022 1455 2042 ae
1484 2011 1646 2042 saevitiae.
1703 2009 1785 2040 Nam
1815 2010 1965 2039 continuo
1996 2014 2068 2049 post

1106 2056 1256 2095 adiungit
1279 2055 1387 2086 Moses
1411 2054 1559 2084 retulisse
1579 2053 1726 2084 edictum.
1761 2052 1848 2082 Hinc
1870 2062 1946 2092 ergo
1966 2052 2068 2082 tristis

1105 2104 1261 2139 aspectus,
1286 2097 1368 2137 quod
1389 2097 1481 2128 inviti
1506 2100 1658 2136 urgerent
1682 2096 1796 2125 fratres
1819 2104 1907 2132 suos,
1931 2104 2066 2134 quorum

1106 2142 1268 2172 molestias
1292 2141 1399 2171 levare
1420 2145 1593 2179 optassent.
1629 2138 1703 2169 Huc
1724 2137 1827 2168 tendit
1845 2147 1979 2175 summa,
2000 2147 2066 2167 rem

1106 2185 1232 2225 penitus
1255 2183 1354 2214 fuisse
1378 2182 1595 2222 desperatam:
1633 2181 1706 2220 quia
1734 2180 1793 2219 ipsi
1823 2190 1947 2219 quoque
1977 2189 2068 2219 prae-

1105 2227 1177 2258 fecti
1198 2226 1353 2257 nuncium
1379 2224 1605 2256 attuleruntde
1624 2223 1784 2254 obstinato
1804 2222 1934 2262 tyranni
1954 2222 2068 2262 rigore,

1105 2275 1137 2301 et
1168 2269 1276 2300 vultus
1307 2267 1544 2308 perturbatione
1579 2270 1730 2297 testatum
1766 2265 1909 2295 fecerunt
1943 2264 2067 2295 nullam

1105 2312 1339 2352 mitigationem
1364 2321 1456 2351 posse
1480 2310 1610 2349 sperari.

1190 2355 1239 2385 20.
1265 2354 1306 2384 Et
1328 2355 1521 2384 occurrerunt
1545 2352 1637 2382 Illosz'.
1673 2350 1814 2381 Vei-tunt
1836 2349 1981 2388 quidam:
2006 2348 2069 2380 Oc-

1106 2402 1278 2428 currerunt
1307 2407 1378 2427 cum
1416 2396 1521 2431 Mose,
1556 2400 1587 2425 et
1619 2392 1807 2433 particulam
1832 2399 1879 2424 ri&
1906 2392 2068 2431 accipiunt

1107 2451 1163 2480 pro
1186 2440 1280 2477 Cum,
1299 2439 1355 2469 sed
1379 2442 1547 2468 contextus
1566 2437 1695 2467 videtur
1715 2435 1828 2466 melius
1847 2435 1955 2471 fluere,
1977 2444 2068 2474 prae-

1106 2484 1206 2514 fectos
1230 2488 1262 2513 et
1284 2487 1407 2521 partem
1436 2481 1574 2519 aliquam
1599 2479 1759 2510 seniorum
1785 2477 1834 2507 vel
1858 2476 1960 2516 plebis
1989 2477 2067 2508 inci-

1107 2526 1191 2556 disse
1214 2526 1246 2555 in
1272 2525 1384 2555 Mosen
1417 2528 1448 2553 et
1472 2523 1601 2553 Aharon
1627 2531 1724 2560 quum
1751 2531 1769 2550 a
1790 2520 1961 2551 Pharaone
1984 2519 2068 2550 redi-

1107 2574 1187 2599 rent.
1232 2567 1417 2598 Fortuitum
1442 2565 1526 2595 enim
1557 2574 1723 2595 occursum
1755 2562 1886 2593 denotat
1911 2572 1973 2601 quo
2004 2561 2068 2593 fac-

1108 2616 1175 2641 tum
1200 2616 1247 2641 est
1272 2615 1306 2640 ut
1329 2609 1431 2649 magis
1454 2606 1723 2638 exacerbarentur
1749 2605 1849 2635 animi
1872 2609 1984 2635 contra
2006 2604 2068 2635 Dei
