2304 3034
201 208 262 239 619

200 299 366 331 timoniam
403 296 549 328 conferre
583 296 608 325 si
638 297 829 336 sanguinem
863 306 925 327 non
957 296 1163 336 attingerent,

200 343 274 373 iude
294 341 386 371 facile
411 339 633 377 indulgentiae
657 339 788 369 suborta
810 339 925 369 fuisset
948 338 1108 370 illecebra.

285 383 388 414 Levit.
416 382 470 417 17,
496 381 544 412 10.
571 381 749 420 Quicunque
772 391 808 411 ea:
830 382 918 412 domo
943 381 1055 412 Israel.
1101 382 1163 413 Hic

200 438 260 457 non
282 430 407 455 tantum
427 424 523 454 morti
547 424 666 454 addicit
689 424 742 463 qni
767 435 800 454 se
824 434 880 455 esu
904 424 1073 464 sanguinis
1096 425 1165 465 pol-

201 469 326 504 luerint,
361 466 415 498 sed
439 468 464 497 si
490 477 604 497 manus
629 466 770 497 iudicum
795 467 978 507 effugerint,
1002 477 1036 498 se
1060 467 1164 498 vindi0

199 521 266 543 cem
287 511 352 540 fore
373 510 572 549 pronunciat.
608 509 719 549 Neque
743 509 830 540 enim
854 509 1015 541 iudicibus
1038 514 1164 541 tantum

198 553 388 594 praeseribit
408 552 484 592 quid
509 552 594 583 factu
620 558 743 583 rectum
768 553 819 589 sit,
843 552 898 583 sed
922 552 981 583 sibi
1005 552 1066 592 ipsi
1090 563 1166 584 vcn-

199 597 281 626 dicat
319 606 439 635 poenae
470 594 647 635 exigendae
678 598 803 634 partes:
841 606 899 626 nee
931 605 1006 626 vero
1035 595 1165 626 modum

198 638 324 669 excedit
352 638 377 668 si
401 638 474 668 finis
498 637 578 677 legis
602 642 774 677 spectetur.
821 638 891 668 Etsi
915 639 1002 668 enim
1025 638 1165 670 hominis

199 681 330 712 interitu
362 680 489 720 pensari
520 681 712 720 sanguinem
742 680 829 711 bruti
860 680 1011 712 animalis
1032 691 1166 712 consen—

198 728 330 754 taneum
348 733 413 753 non
433 723 503 761 fuit,
527 723 702 754 tenendum
728 728 837 754 tamen
861 730 907 754 est
933 723 1165 764 paedagogi-am

198 767 282 797 hanc
306 766 377 796 rudi
402 765 519 806 populo
544 766 641 796 fuisse
666 766 899 802 necessarifflii,
924 776 963 797 ne
988 766 1027 797 ad
1052 766 1165 797 barba·

197 810 277 840 riem
309 809 503 848 prosilirent.
550 808 651 839 Porro
684 820 722 839 ne
753 814 931 848 querantur
955 809 1014 840 sibi
1038 809 1165 840 nullum

197 851 334 892 relinqui
367 862 459 882 usum
484 852 670 891 sanguinis,
700 851 851 882 admonet
876 851 981 888 Deus,
1011 862 1108 891 quum
1132 853 1166 882 in

197 895 412 935 expiationem
438 894 530 925 datus
554 895 603 931 sit,
629 894 701 934 plus
722 905 818 934 quam
842 894 988 934 ingratos
1011 905 1081 926 esse
1104 895 1166 926 nisi

198 944 287 968 tauto
319 937 471 968 beneficio
495 937 637 968 contenti
662 937 736 968 siut.
784 938 827 968 Et
850 942 935 967 certe
959 948 1057 977 quum
1081 937 1165 978 apud

198 992 250 1011 eos
279 980 416 1020 pretium
448 985 531 1010 esset
562 979 711 1019 placandi
736 980 812 1015 Dei,
844 980 922 1011 haee
951 980 1073 1011 utilitas
1097 980 1166 1012 cibo

197 1023 292 1063 longe
316 1022 528 1063 praeferenda
553 1023 621 1053 fuit.
668 1023 757 1063 Ergo
781 1023 806 1053 si
831 1023 1023 1063 sanguinem
1047 1023 1103 1063 qui
1126 1024 1165 1054 ad

198 1066 303 1097 Deum
328 1064 601 1097 reconciliandum
628 1065 723 1096 altari
747 1065 927 1097 destinatus
951 1071 1014 1101 est,
1038 1067 1071 1096 in
1096 1066 1165 1097 vul-

197 1119 306 1148 garem
341 1109 447 1140 cibum
481 1109 659 1139 transferre
693 1113 864 1149 appetant,
899 1108 1166 1149 ingratitudinem

197 1151 262 1182 illis
284 1150 410 1191 oblique
434 1152 608 1190 exprobrat
633 1151 754 1182 Moses:
786 1152 861 1191 quia
884 1151 974 1182 Deus
998 1162 1087 1182 esum
1111 1162 1166 1183 au-

197 1196 313 1229 ferens,
337 1194 453 1224 melius
472 1193 602 1234 aliquid,
623 1194 706 1234 qnod
732 1193 860 1225 abunde
877 1195 1024 1225 sufficere
1044 1193 1166 1233 debeat,

198 1236 363 1267 residuum
384 1237 447 1267 illis
467 1237 550 1267 fecit.
586 1237 760 1268 Caeterum
780 1237 938 1277 quomodo
962 1238 1085 1269 animas
1109 1248 1164 1268 ex-

198 1280 264 1320 piet
298 1280 444 1320 sanguis,
480 1279 553 1310 alibi
586 1280 691 1311 visum
724 1284 787 1318 est,
816 1280 1044 1311 sacramentali
1074 1280 1165 1311 modo

198 1322 337 1354 scilicet:
361 1322 415 1354 ubi
435 1322 614 1353 notandum
634 1329 691 1360 est,
715 1323 798 1362 quod
820 1324 985 1362 proprium
1008 1328 1056 1354 est
1070 1322 1165 1354 Chri-

198 1365 249 1402 sti,
270 1365 315 1397 sic
335 1365 550 1405 metonymice
570 1365 739 1397 transferri
759 1365 799 1396 ad
819 1366 940 1406 figuras
960 1370 992 1397 et
1010 1366 1164 1406 symbola,

934 201 1124 235 SEXTUM
1147 203 1465 236 PRAECEPTUM.

1190 631 1195 657 l

2122 206 2187 237 620

1218 302 1253 329 ut
1267 303 1373 328 tamen
1388 308 1452 329 non
1467 298 1570 329 inanis
1585 303 1639 328 aut
1659 298 1755 328 fallax
1776 297 1875 328 fucrit
1894 297 2085 330 similitudo:
2107 300 2183 340 quia

1217 346 1377 380 quatenus
1401 341 1433 371 in
1453 341 1597 372 externis
1621 341 1786 372 sacrificiis
1809 340 1977 371 Christum
2002 342 2184 381 apprehen-

1217 383 1333 414 derunt
1353 389 1468 423 patres,
1493 383 1559 414 illic
1582 394 1658 414 vere
1682 383 1824 413 exhibita
1849 382 1910 413 fuit
1932 384 2082 423 expiatio.
2124 385 2184 415 Pe-

1218 426 1363 466 regrinos
1398 426 1457 458 hoc
1491 435 1615 465 quoque
1649 426 1717 456 loco
1752 425 1896 465 intelligo
1930 436 1993 456 non
2025 426 2184 466 quoslibet

1218 469 1360 508 hospites
1383 469 1437 508 qui
1462 468 1648 509 negotiandi
1672 478 1767 498 causa
1789 468 1851 498 iter
1873 468 2028 505 facerent,
2052 468 2107 500 sed
2129 469 2184 509 qui

1218 511 1258 542 ad
1282 512 1343 542 Dei
1374 511 1498 542 cultum
1529 522 1562 542 se
1593 511 1804 542 contulerant.
1847 510 1945 541 Multi
1969 512 2054 542 enirn
2079 511 2185 543 exteri

1218 554 1500 594 superstitionibus
1520 554 1627 585 valere
1648 554 1751 590 iussis,
1771 553 2092 592 circumcidebantur,
2105 565 2183 594 quos

1218 597 1359 636 oportuit
1388 596 1506 628 diserte
1537 596 1712 636 obstringi,
1743 606 1783 626 ne
1814 606 1847 626 se
1875 597 2056 627 eximerent
2079 597 2105 628 si
2129 597 2183 629 lex

1218 650 1271 670 eos
1295 640 1519 679 praeteriisset.
1567 639 1636 670 Hoc
1661 639 1730 669 ideo
1754 639 1897 669 breviter
1921 639 2099 670 notandum
2123 644 2183 677 est,

1220 693 1258 713 ne
1283 686 1432 722 putemus
1457 683 1495 712 ab
1519 693 1576 713 esu
1601 681 1768 721 sanguinis
1791 681 1940 721 profanos
1964 682 2107 722 hospites
2130 693 2183 713 ar-

1219 725 1292 762 ceri,
1313 725 1427 765 quibus
1440 725 1555 756 licebat
1567 734 1678 755 carnes
1698 734 1716 754 a
1734 724 1809 755 feris
1829 723 2005 764 discerptas
2024 725 2056 755 in
2076 724 2183 756 cibum

1218 778 1334 799 emere.
1391 767 1560 799 Caeterum
1604 767 1677 806 quia
1712 772 1787 796 ante
1820 767 1923 806 legem
1959 767 2184 798 abstinuerant

1219 815 1325 849 patres
1345 822 1362 841 a
1382 811 1555 850 sanguine,
1580 814 1611 840 et
1632 809 1803 849 prohibitio
1823 810 1860 839 ad
1881 810 2018 849 primam
2039 810 2183 841 tabulam

1219 858 1251 883 et
1279 853 1414 893 legalem
1447 853 1566 883 cultum
1597 863 1660 883 non
1690 852 1868 892 spectabat:
1892 852 1966 883 inde
1990 852 2110 884 factum
2134 858 2185 883 cst,

1220 900 1256 926 ut
1280 896 1424 936 apostoli,
1449 895 1609 935 abrogatis
1639 895 1866 932 caeremoniis,
1897 905 1959 925 non
1983 895 2053 926 ausi
2076 900 2184 926 tamen

1219 939 1338 969 fuerint
1372 938 1507 969 liberum
1538 948 1628 969 esum
1663 937 1830 978 sanguinis
1859 938 1966 968 statim
1998 939 2184 977 permittere

1218 981 1301 1023 (Act.
1329 982 1383 1020 15,
1406 980 1473 1022 ⁴20),
1498 991 1538 1011 ne
1561 981 1693 1021 gravior
1717 980 1851 1011 offensio
1875 985 2060 1011 nasceretur
2083 992 2124 1011 ex
2149 991 2184 1011 re

1219 1034 1304 1055 nova
1333 1030 1364 1054 et
1395 1023 1530 1054 insolita.
1576 1024 1663 1063 Ergo
1695 1034 1733 1054 ne
1764 1034 1814 1054 res
1845 1023 1973 1054 tantilla
1999 1023 2186 1055 exitialibus

1219 1066 1358 1098 dissidiis
1382 1066 1542 1097 scinderet
1567 1066 1725 1103 ecclesias,
1750 1066 1900 1106 gentibus
1924 1066 2122 1097 mandarunt
2144 1076 2185 1098 ne

1221 1115 1427 1141 vescerentur
1461 1109 1634 1149 sanguine:
1669 1109 1793 1139 ratione
1823 1108 1948 1145 addita,
1982 1108 2064 1149 quod
2100 1119 2185 1140 novo

1219 1152 1365 1192 exemplo
1395 1152 1512 1182 turbat-i
1544 1157 1651 1182 essent.
1673 1151 1726 1191 qui
1751 1152 1871 1183 assueti
1895 1156 1988 1182 erant
2011 1151 2049 1182 ad
2074 1151 2185 1192 legen-

1220 1195 1292 1225 ‹lam
1318 1195 1419 1225 Mosis
1444 1194 1634 1225 doctrinam:
1665 1194 1744 1225 haec
1764 1200 1872 1224 tamen
1896 1194 2005 1234 exigui
2029 1195 2186 1234 temporis

1219 1237 1280 1268 fuit
1311 1238 1510 1275 observatio,
1546 1237 1629 1267 sicut
1659 1247 1699 1268 ex
1730 1237 1832 1268 Paulo
1860 1237 2034 1277 colligitur.
2089 1236 2185 1275 Quod

1219 1285 1325 1310 antem
1365 1290 1465 1319 usque
1494 1279 1532 1310 ad
1566 1286 1693 1320 tempus
1721 1279 1911 1310 Tertulliani
1943 1290 1961 1310 a
1991 1279 2186 1319 quibusdam

1218 1327 1344 1396 retenta
1375 1323 1450 1360 fuit,
1486 1323 1716 1362 superstitione
1746 1332 1809 1353 non
1840 1322 1944 1353 caruit
1971 1328 2002 1352 et
2031 1332 2186 1363 perverso

1219 1377 1253 1396 ze
1268 1377 1294 1397 o.

612 1727 946 1765 APPENDICES
976 1726 1127 1763 SEXTI
1156 1726 1453 1763 PRAECEPTI
1484 1727 1781 1764 POLITICAE.

480 1836 543 1867 EX
569 1836 721 1867 LEVIT.
749 1835 879 1867 XXIV.

286 1921 334 1952 17.
363 1921 421 1960 Qut
440 1922 630 1961 percusserit
654 1922 793 1953 (unimam
816 1922 963 1960 hominis,
994 1924 1086 1952 morte
1108 1930 1169 1951 mo-
1193 1919 1194 1952 fi

200 1964 311 1995 riatur.

459 2134 521 2165 EX
547 2134 710 2165 EODEM
734 2134 910 2165 CAPITE.

1192 1833 1195 1889 l
1523 1835 1587 1866 EX
1611 1834 1759 1866 EXODI
1782 1834 1878 1866 XXI.

1309 1920 1356 1950 12.
1385 1920 1443 1959 (gui
1457 1920 1645 1959 percusserit
1667 1920 1769 1951 virum
1790 1920 1831 1951 ad
1853 1922 1986 1955 mortem,
2010 1922 2105 1951 morte
2126 1930 2189 1951 mo-

1193 1957 1194 1974 *
1221 1963 1333 1994 riatur.
1380 1963 1427 1993 13.
1452 1964 1495 1994 At
1517 1964 1571 2002 qui
1593 1973 1653 1994 nou
1676 1963 1846 1994 insidiatus
1866 1963 1962 2003 fuerit
1985 1962 2027 2001 ei,
2049 1963 2102 1994 sed
2124 1965 2188 1995 tra-

1193 2004 1194 2040 l
1220 2005 1333 2036 diderit
1362 2006 1450 2036 illum
1473 2006 1562 2037 Deus
1591 2006 1623 2036 in
1651 2016 1764 2036 manus
1787 2006 1866 2041 eius,
1897 2008 1967 2036 tunc
1989 2005 2065 2037 dabo
2089 2006 2186 2037 locum

1193 2041 1194 2086 l
1221 2049 1262 2079 ad
1284 2058 1370 2087 quem
1389 2049 1492 2088 Ῑὶιῃὶεί.
1540 2048 1588 2079 14.
1615 2047 1672 2079 Sin
1695 2059 1762 2079 vero
1784 2048 1962 2079 insultando
1985 2057 2016 2077 se
2043 2049 2188 2080 extulerit

1193 2091 1194 2124 J
1220 2091 1378 2129 quispiam
1410 2092 1439 2121 in
1464 2092 1645 2131 prurimum
1674 2101 1781 2128 suum,
1813 2094 1846 2121 ut
1869 2091 1984 2122 occidat
2006 2100 2074 2121 eum
2098 2091 2187 2122 mali-

1221 2134 1303 2170 tiose,
1328 2133 1366 2164 ab
1389 2134 1483 2164 (illari
1506 2144 1570 2164 meo
1593 2133 1676 2165 tolles
1695 2144 1763 2164 eum
1786 2135 1819 2164 ut
1841 2135 2001 2165 moriatur.

288 2219 334 2250 19.
368 2219 424 2250 Vir
446 2220 500 2259 qui
523 2219 661 2250 intulerit
683 2220 837 2251 maculam
855 2219 1000 2259 proximo
1022 2229 1094 2250 suo,
1125 2228 1168 2249 se—

199 2263 332 2293 cundum
362 2263 442 2302 quod
470 2262 541 2301 fecit
570 2263 614 2293 sic
641 2263 697 2300 fiat
725 2263 761 2293 ci.

199 2306 355 2344 fructura,
387 2305 506 2336 oculum
530 2315 590 2344 pro
621 2305 719 2339 oculo,
743 2306 860 2337 dentem
877 2315 938 2344 pro
960 2305 1060 2335 dente:
1088 2304 1167 2334 sicut

204 2348 341 2378 intulerit
364 2348 515 2378 nmcnlam
541 2348 674 2385 homini,
708 2349 754 2378 sic
777 2348 926 2388 inferetur
948 2347 984 2379 ei.

199 2392 383 2429 percusserit
411 2391 532 2421 animat
560 2391 663 2421 reddet
692 2390 788 2421 illud:
818 2391 872 2429 (μα’
894 2400 962 2421 roro
980 2388 1168 2429 percusserit

201 2433 348 2464 Ιιοηιὶηεηιγ
382 2434 542 2464 nwriatur.
595 2434 644 2464 22.
677 2434 835 2465 Iudicium
864 2443 959 2463 unum
987 2434 1044 2463 erit
1073 2431 1166 2467 vobis,

201 2476 278 2506 sicul
298 2477 484 2515 peremimus
507 2477 552 2507 sic
575 2479 600 2506 et
624 2477 770 2516 incltyena
793 2477 867 2507 erit:
889 2475 967 2515 quia
990 2485 1041 2515 eqo
1056 2474 1167 2505 [elmi-a

203 2517 288 2548 Deus
311 2521 413 2549 vester.

815 2262 864 2293 20.
897 2262 1082 2293 Fracturam
1105 2270 1167 2300 pro
1193 2272 1194 2292 ι

1193 2294 1194 2345 l
1474 2304 1537 2335 Ex
1562 2304 1724 2335 EODEM
1748 2302 1922 2334 OAPITE.

1029 2347 1079 2377 21.
1108 2345 1167 2385 om·
1193 2353 1194 2373 2

1308 2388 1354 2418 18.
1382 2390 1466 2427 Quod
1495 2390 1523 2421 si
1553 2390 1651 2420 rixati
1671 2389 1788 2429 fuerint
1810 2387 1925 2427 aliqui,
1956 2390 1983 2418 et
1996 2389 2185 2427 percusserit

1193 2428 1194 2432 ’
1221 2430 1297 2461 alter
1314 2432 1495 2469 proximum
1518 2443 1610 2463 suum
1633 2432 1736 2471 lapide
1759 2431 1805 2462 vel
1824 2441 1944 2471 ymyno,
1973 2440 2024 2462 nec
2046 2433 2184 2462 mortuus

1193 2506 1194 2509 Ἴ
1219 2473 1323 2512 fuerit,
1347 2474 1398 2503 sed
1421 2475 1548 2506 iacuerit
1572 2476 1605 2505 iii
1624 2475 1707 2506 lecto.-
1740 2474 1788 2505 19.
1811 2474 1846 2503 Si
1869 2473 2047 2510 surrexerit,
2071 2476 2097 2504 et
2119 2484 2183 2504 am-

1193 2519 1195 2550 ζ
1220 2516 1368 2546 ὸαῖαυννὶί
1386 2516 1463 2555 soris
1481 2528 1572 2557 super
1590 2518 1731 2548 haculum
1753 2527 1853 2555 suum,
1875 2519 1945 2547 tunc
1963 2517 2104 2547 innocens
2126 2517 2184 2547 erit

1193 2564 1194 2572 ¹
1220 2559 1273 2597 qui
1304 2560 1469 2597 percussis,
1507 2563 1624 2591 lantum
1653 2560 1847 2591 cessationem
1872 2559 1939 2589 eius
1962 2558 2123 2597 pensabit:
2156 2562 2184 2590 et

1220 2601 1363 2631 medendo
1394 2603 1604 2634 mutuandum
1631 2602 1757 2633 curabit.
1802 2602 1851 2632 20.
1879 2602 1979 2641 Quum
1997 2602 2184 2640 percusserit

1193 2663 1194 2675 2
1219 2644 1375 2682 quispiam
1402 2655 1522 2676 servum
1544 2656 1636 2677 suum
1659 2646 1704 2676 vel
1726 2645 1871 2676 ancillam
1894 2654 1984 2675 suam
2006 2643 2124 2682 baculo,
2155 2647 2184 2675 et
