2304 3034
194 217 255 248 ‘227

195 309 300 341 mitati
323 306 499 338 consulere.
545 304 629 335 Nam
661 314 760 343 quum
795 303 873 333 dicit
896 309 1026 343 aspectu
1051 304 1160 335 admo-

196 354 300 384 nitum
331 350 369 380 iri
400 357 434 379 ut
464 347 689 383 recordentur,
720 345 904 377 subindicat
933 357 1012 385 opus
1043 347 1161 377 habere

197 394 312 426 crassis
335 391 538 426 rudimentis,
563 399 644 429 quae
664 394 815 420 externos
838 399 962 428 quoque
982 400 1095 420 5005115
1114 390 1160 419 fe-

196 439 295 468 riazint
327 433 450 470 deinde,
475 433 536 463 nisi
560 432 721 463 excitetur
744 442 854 462 eorum
878 431 1048 469 memoria,
1080 431 1160 462 nihil

197 480 297 518 magis
322 476 462 517 proclive
486 476 552 506 fore
575 486 671 514 quam
696 479 732 505 ut
756 474 890 522 obrepat
912 474 1040 505 oblivio.
1082 475 1161 506 Mox

196 529 302 553 autem
327 519 424 553 addit,
450 519 556 549 Deum
580 517 661 548 nihil
686 528 756 548 0101
759 528 805 548 111
829 517 979 557 frigidam
1004 517 1161 555 notitiam,

196 564 251 595 5011
275 563 395 594 serium
419 562 570 592 affectum
595 566 627 591 et
650 561 768 601 praxin
787 561 926 600 exigele.
962 559 1000 590 In
1021 561 1161 591 secunda

195 614 301 638 autem
331 611 420 645 parte
451 615 564 635 versus
596 603 729 634 alteram
755 603 979 634 necessitatem
1005 602 1159 634 ostendit:

195 650 270 689 quia
293 648 414 679 50111001
438 658 501 677 non
526 646 619 677 modo
643 645 839 676 stimulanda
862 646 905 676 sit
928 656 1038 676 eorum
1063 646 1160 685 pigri-

196 693 265 729 ties,
286 691 341 722 sed
355 688 531 721 cohibenda
545 689 640 720 simul
655 688 828 728 protervia.
853 688 937 719 Nam
957 699 1054 728 quum
1069 688 1160 719 dicit:

195 735 269 766 Non
289 733 451 774 aspicietis
471 738 543 772 post
562 742 614 762 cor
627 737 782 767 vestrum,
802 731 972 771 significat,
993 731 1054 762 nisi
1072 731 1161 762 Deus

195 783 301 808 arceat
326 786 422 816 vagos
446 776 588 815 ipsorum
613 785 744 810 500505,
776 774 815 804 1111
844 784 939 804 omne
962 774 1160 814 superstitio-

196 831 273 851 num
298 825 329 850 et
352 828 496 849 errorum
521 827 624 857 genus
647 817 783 848 nimium
809 817 876 847 fore
900 827 1084 856 propensos
1113 816 1161 847 Ac

196 863 298 904 piimo
321 861 450 901 quidem
475 860 571 892 corda
594 866 625 890 et
653 860 762 891 oeulos
792 860 957 890 hominum
989 859 1052 900 legi
1085 870 1161 890 suae

196 916 377 946 opponens,
415 914 478 934 una
512 914 607 942 quan]
643 902 833 943 praescribit
864 902 976 942 regula
1009 902 1160 950 populum

197 958 290 980 suum
314 947 383 977 vult
407 957 475 977 esse
498 951 698 982 contentum,
724 957 763 976 ne
787 945 863 985 quid
888 956 927 976 ex
947 945 1083 985 111-0111115
1106 946 1162 985 fig-

196 991 312 1022 mentis
345 989 537 1020 admisceat:
574 988 690 1019 deinde
724 989 876 1019 vanitatis
911 988 1043 1018 damnat
1071 988 1161 1027 quid-

196 1033 271 1074 quid
295 1032 378 1072 1111011
403 1042 436 1062 50
460 1031 616 1062 fabricant
641 1031 803 1062 homines:
829 1037 860 1061 et
883 1031 1092 1070 quantumvis
1112 1041 1162 1061 111-

196 1076 297 1107 rideat
322 1075 399 1115 ipsis
422 1075 528 1105 carnis
551 1075 642 1111 ratio,
668 1084 738 1104 eam
762 1080 868 1104 tamen
889 1075 1012 1113 respuit
1035 1084 1070 1104 ac
1090 1084 1162 1104 con-

195 1118 336 1150 deninwt
382 1117 476 1156 Quod
500 1117 598 1148 etiam
623 1100 738 1147 ultima
762 1127 838 1148 voce
862 1116 981 1147 clarius
1000 1117 1161 1164 exprimit,

196 1161 247 1192 ubi
273 1161 350 1192 dicit
374 1161 525 1191 foinicari
556 1160 703 1190 homines
731 1159 886 1208 quamdiu
921 1159 1059 1199 propriis
1088 1169 1161 1190 con-

195 1204 275 1235 511115
305 1211 472 1244 reg-,untur
526 1203 699 1234 Sententia
728 1203 874 1242 apprime
904 1207 1017 1233 notatu
1048 1202 1160 1242 digna:

196 1344 263 1364 esse
298 1332 455 1368 iudicant,
488 1331 567 1362 nihil
593 1331 681 1362 aliud
706 1342 801 1371 quam
826 1331 1046 1371 spiritualibus
1069 1330 1158 1361 adul-

196 1376 284 1406 teriis
318 1386 351 1406 50
385 1374 618 1406 contaminant.

196 1426 345 1449 censetur
379 1417 583 1448 sanctissima
615 1416 751 1451 devotio,
787 1427 857 1447 eam
893 1417 981 1447 Deus
1016 1427 1069 1447 ore
1103 1426 1160 1446 suo

197 1461 389 1501 pronunciat
403 1461 632 1491 scortationem
648 1470 728 1491 esse.
756 1460 818 1491 Per
831 1460 940 1491 oculos
960 1459 1045 1490 haud
1063 1459 1159 1489 dubie

194 1504 348 1543 intelligit
372 1503 527 1542 quidquid
553 1503 769 1542 perspicaciae
793 1508 842 1533 cst
866 1503 898 1533 in
924 1503 1116 1533 hominibus.

282 1547 332 1577 41.
356 1546 423 1586 Eyo
452 1545 573 1577 Iehora.
624 1545 710 1584 Quia
732 1546 765 1576 in
792 1547 855 1576 fine
878 1556 993 1576 versus
1021 1544 1160 1584 proximi

196 1590 334 1621 iusserat
358 1593 485 1620 sanctos
508 1599 578 1619 esse
602 1589 680 1625 Deo,
716 1588 839 1619 ratione
863 1589 1045 1619 confirmat:

196 1633 317 1664 scilieet
341 1633 373 1662 in
401 1632 484 1662 hunc
507 1632 604 1662 finem
628 1642 682 1662 eos
705 1632 840 1662 redemit
863 1637 899 1661 ut
922 1637 1006 1662 esset
1028 1631 1104 1671 ipsis
1127 1632 1160 1659 in

198 1676 314 1711 Deum,
339 1675 398 1706 hoc
422 1680 480 1712 est,
504 1680 540 1705 ut
558 1679 669 1705 sancte
687 1674 855 1705 coleretur.
894 1675 949 1705 Ius
973 1684 1048 1713 ergo
1067 1683 1160 1704 5111101

197 1719 310 1749 11550111
334 1718 403 1748 1300
427 1728 467 1748 ex
492 1718 645 1748 beneficio
669 1716 883 1748 liberationis:
908 1716 991 1756 quod
1016 1717 1097 1746 male
1118 1716 1160 1745 lo-

198 1770 303 1792 catum
345 1761 472 1791 fuisset:
515 1761 577 1791 nisi
615 1761 683 1791 eius
717 1760 853 1799 imperio
899 1771 931 1790 se
968 1759 1162 1790 addicerent.

198 1804 361 1844 Repetitio
380 1814 461 1843 quae
480 1814 555 1835 mox
572 1802 702 1833 additur
720 1802 760 1833 ad
779 1802 1055 1833 confirmationem
1069 1801 1165 1833 valet.

284 1847 380 1877 Deut.
406 1847 433 1877 6.
458 1846 486 1877 G.
512 1846 617 1876 Erunt
638 1845 728 1876 verba
751 1846 832 1877 llaec.
867 1846 930 1876 His
943 1851 1078 1885 quatuor
1090 1854 1162 1884 pro-

199 1890 294 1921 ximis
327 1889 472 1920 versibus
496 1890 700 1920 commendat
730 1899 842 1919 rursus
865 1888 913 1929 (ut
937 1888 1051 1929 nuper)
1076 1888 1163 1918 Deus

198 1932 279 1973 legis
304 1943 380 1963 suae
404 1932 557 1963 studium.
605 1933 651 1963 Ac
681 1931 821 1972 primum
849 1931 977 1971 quidem
1002 1930 1069 1961 vult
1094 1940 1161 1960 eam

200 1975 349 2006 cordibus
373 1975 507 2005 infixam
537 1985 620 2011 esse,
651 1985 690 2005 00
716 1975 838 2006 scilicet
863 1984 1006 2013 unquam
1030 1973 1164 2012 obrepat

200 2018 327 2049 oblivio.

199 2061 325 2091 animae
355 2067 463 2100 partes
494 2060 659 2101 designat3
691 2070 727 2091 ac
756 2061 782 2090 51
814 2060 952 2097 diceret,
983 2060 1063 2090 tanti
1094 2069 1161 2089 esse

200 2103 284 2135 hunc
308 2103 505 2140 thesaurum,
529 2109 565 2133 ut
587 2103 702 2134 merito
721 2113 794 2133 eum
816 2102 988 2134 recondere
1007 2103 1040 2132 in
1061 2101 1162 2133 cordi-

201 2147 259 2177 bus
279 2147 344 2177 suis
364 2146 508 2184 debeant,
529 2146 580 2177 vel
595 2147 723 2186 penitus
736 2145 914 2176 doctrinam
930 2145 1011 2175 hanc
1025 2144 1163 2184 defigere

200 2190 233 2220 in
253 2190 368 2220 animis
388 2190 463 2225 suis,
483 2200 524 2220 ne
543 2199 688 2228 unquam
707 2187 827 2219 effluat.
852 2189 969 2219 Postea
987 2188 1075 2218 iubet
1093 2198 1164 2218 con-

200 2233 328 2263 tinuum
349 2232 386 2262 de
406 2232 461 2262 illa
481 2233 548 2262 fieri
568 2242 749 2262 sermonem
776 2231 860 2270 apud
884 2231 976 2267 filios,
998 2235 1034 2261 ut
1057 2235 1164 2269 patres

201 2274 311 2306 scdulo
342 2275 457 2305 attenti
488 2275 553 2305 sint
583 2280 616 2306 et
647 2275 837 2305 incumbant
866 2274 905 2304 ad
937 2273 1069 2304 docendi
1093 2272 1163 2302 offi-

202 2319 295 2349 cium
342 2318 486 2348 Veibum
521 2317 620 2358 22³¹)
656 2328 717 2356 quo
753 2318 857 2347 utitur
885 2317 1006 2352 Moses,
1036 2315 1163 2363 proprie

202 2361 364 2401 significat
394 2370 520 2390 acuere:
555 2360 749 2400 interpretes
777 2359 994 2399 metaphorice
1026 2359 1163 2398 positum

203 2388 389 2433 exvistimant
403 2403 599 2443 pioiterare,
624 2403 675 2433 vel
694 2403 813 2443 iugiter
836 2412 981 2432 narrare:
1002 2401 1075 2441 quia
1088 2400 1164 2431 dum

203 2446 381 2476 inculcatur
403 2446 548 2477 eoelestis
568 2446 723 2482 doctrina,
745 2446 801 2476 vix
826 2450 901 2476 tunc
921 2455 1045 2492 quoque
1068 2443 1166 2483 probe

202 2489 351 2519 cordibus
376 2488 504 2520 insidet.
553 2489 678 2519 Verum
702 2488 777 2528 quia
802 2488 852 2518 1110
874 2488 1013 2518 sumitur
1036 2487 1067 2517 in
1092 2497 1165 2518 con-

273 2600 299 2627 1)
320 2599 363 2623 Sic
389 2599 532 2630 eclm'ones,
554 2600 644 2624 neseio
663 2602 754 2624 ulrum
778 2599 857 2630 lapsa
883 2598 982 2623 calami
1008 2597 1112 2622 autoris
1130 2604 1166 2621 an

203 2633 258 2657 alia
278 2635 309 2657 ‹11ss
328 2642 419 2658 causa.
449 2633 483 2658 In
503 2634 614 2659 habram
634 2633 711 2658 alind
730 2636 816 2658 exstat
837 2633 950 2663 verbum,
971 2639 1018 2658 nec
1035 2638 1096 2663 :wi
1115 2639 1165 2656 un—

203 2676 279 2699 quam
300 2669 416 2693 acuendi
433 2668 514 2698 refert
532 2676 646 2693 sensum.

918 210 1181 241 PRAEFATIO
1205 210 1253 241 IN
1278 210 1369 241 LEG
1378 210 1449 241 EM.

674 1374 704 1405 N
1120 1373 1137 1403 d
1185 1363 1186 1382 i
1213 1336 1296 1367 sunt,
1326 1330 1479 1370 populum
1511 1329 1700 1360 exstimulat
1722 1330 1842 1360 Moses:

708 1385 759 1404 am
793 1384 874 1414 quae
903 1385 1010 1405 eoram
1040 1384 1114 1404 mun
1142 1383 1159 1403 0

1077 1587 1159 1627 quod
1185 1604 1187 1612 ⁴

1187 1929 1374 1959 lfrontibus
1409 1935 1440 1958 et
1476 1928 1612 1959 brachiis
1648 1934 1823 1968 gestarent.

373 2018 498 2057 Nempe
528 2017 633 2048 cordis
664 2018 793 2048 nomine
817 2017 1006 2047 memoriam
1031 2021 1061 2046 et
1084 2016 1163 2045 alias
1188 2024 1189 2033 ¹

2114 207 2175 238 228

1213 304 1377 344 iugatione
1411 303 1496 342 Piel,
1529 307 1635 343 posset
1669 302 1842 332 transitiva
1875 312 1944 332 esse
1973 302 2177 342 significatio,

1213 357 1328 387 nempe
1352 352 1386 377 ut
1421 357 1490 377 eam
1520 351 1691 385 penetrare
1713 345 1834 375 faciant
1857 344 1891 374 in
1915 345 2055 382 animos,
2090 356 2125 376 ae
2149 345 2176 376 si

1213 400 1265 420 eos
1296 395 1477 430 pungerent
1504 389 1653 419 acumine
1683 387 1791 427 gladii.
1845 387 1957 426 Neque
1986 387 2070 418 enim
2101 399 2175 419 con-

1212 438 1368 463 sentanea
1401 432 1531 462 videtur
1564 431 1619 461 illa
1644 430 1821 461 translatio.
1872 430 1920 460 Ne
1944 440 2037 469 quem
2067 436 2175 461 tamen

1213 474 1391 505 offenderet
1425 475 1559 511 novitas,
1595 473 1675 504 mihi
1709 474 1786 504 satis
1820 472 1879 503 fuit
1913 473 1987 512 quid
2022 474 2176 504 sentirem

1214 528 1384 557 exponere.
1414 517 1540 548 Deinde
1564 522 1599 548 ut
1622 516 1730 556 populi
1755 515 1926 554 segnitiem
1950 516 2076 551 excitet,
2102 516 2175 546 hor-

1213 566 1301 591 tatur
1324 566 1360 591 ut
1383 571 1415 591 50
1439 559 1567 599 publice
1591 564 1623 590 et
1642 559 1793 599 privatim
1814 559 1845 588 in
1874 558 1943 589 eius
1969 557 2176 589 meditatione

1213 608 1371 634 exerceat.
1413 603 1485 634 Etsi
1509 607 1616 633 autem
1642 601 1769 632 videtur
1799 600 2003 641 hyperbolice
2027 601 2126 640 loqui,
2150 601 2176 632 si

1213 647 1284 685 quis
1309 651 1417 676 tamen
1441 645 1616 686 prudenter
1639 643 1799 684 expendat
1821 654 1917 683 quam
1945 644 2026 674 tardi
2051 644 2118 674 sint
2141 654 2177 675 ac

1212 689 1323 728 frigidi
1348 689 1495 719 homines
1518 687 1556 718 ad
1581 687 1779 723 discendum,
1804 694 1834 716 et
1855 687 1908 717 ubi
1923 687 1981 716 visi
2000 691 2076 717 sunt
2096 698 2176 717 non-

1213 732 1294 762 nihil
1319 731 1501 771 profecisse,
1523 740 1617 770 quam
1642 731 1706 760 siut
1731 729 1887 765 obliviosi,
1911 729 2002 760 faeile
2025 734 2177 769 agnoscet

1214 774 1325 805 Mosen
1350 785 1415 805 non
1435 774 1490 804 abs
1510 784 1543 804 re
1563 778 1627 803 tam
1653 773 1768 803 acriter
1787 772 1953 803 insistere:
1977 772 2032 803 scd
2051 783 2178 803 summa

1213 818 1403 848 necessitate
1426 816 1523 847 fuisse
1547 815 1694 847 adactum
1721 822 1754 845 ut
1779 821 1842 845 tani
1867 815 1989 853 rigidus
2013 820 2097 845 essct
2120 826 2176 845 ex-

1213 866 1308 891 actor.
1344 860 1416 890 Hac
1435 860 1558 890 ratione
1578 858 1733 898 propheta
1748 858 1877 888 Psalmo
1898 858 1925 893 1,
1945 858 1964 888 2
1984 857 2089 888 felices
2108 869 2176 888 esse

1214 902 1376 942 praedicat
1399 902 1452 941 qui
1484 902 1515 932 in
1540 901 1609 941 lege
1635 902 1694 931 Dei
1718 901 1917 931 meditantur
1940 900 1990 931 die
2014 911 2049 931 ac
2076 907 2176 932 nocte.

1214 945 1347 976 Nullum
1372 955 1448 985 ergo
1472 950 1599 983 tempus
1624 954 1759 974 vacuum
1784 944 1936 983 relinquit
1961 954 1978 974 a
2009 944 2087 983 legis
2111 954 2175 974 nie-

1214 988 1383 1025 ditatione,
1413 988 1480 1018 sive
1503 988 1567 1017 sint
1591 987 1690 1024 domi,
1721 987 1789 1017 sive
1814 987 2079 1027 peregrinentur,
2109 987 2177 1017 sive

1213 1030 1288 1061 dum
1313 1031 1457 1062 cubitum
1482 1036 1568 1065 eunt,
1602 1030 1652 1060 vel
1676 1039 1770 1059 inane
1788 1036 1927 1069 surgunt
1950 1040 1966 1060 e
1986 1030 2077 1060 lecto.
2115 1033 2172 1060 At-

1213 1084 1273 1112 que
1296 1073 1336 1104 ad
1361 1073 1420 1103 1100
1445 1078 1649 1112 praeceptum
1685 1072 1814 1102 videtur
1847 1072 1990 1103 alludere
2015 1072 2173 1112 propheta.

1213 1116 1342 1147 Psalmo
1368 1116 1438 1151 119,
1462 1116 1502 1146 62
1526 1116 1578 1146 ubi
1604 1115 1693 1145 dicit:
1731 1116 1840 1146 Media
1864 1122 1956 1146 nocte
1979 1126 2108 1152 surgam
2133 1115 2171 1145 ad

1185 1187 1187 1192 .
1212 1159 1428 1190 confitendum
1455 1159 1511 1188 tibi
1536 1169 1632 1197 super
1655 1157 1780 1188 iudiciis
1805 1159 1877 1189 tuis.
1912 1158 2004 1194 Item,
2029 1158 2072 1200 (v.
2099 1158 2173 1199 148)

1185 1227 1187 1242 ,
1212 1206 1453 1241 praevenerunt
1466 1201 1548 1232 oculi
1562 1201 1623 1230 mei
1638 1201 1775 1240 vigilias,
1789 1207 1825 1231 ut
1839 1202 1986 1241 loquerer
1999 1201 2037 1232 de
2050 1212 2172 1232 5011110-

194 1247 279 1287 (111011
320 1231 395 1277 diim
437 1245 496 1277 sibi
538 1245 630 1277 valde
667 1245 796 1286 placent
836 1245 890 1285 qui
932 1245 1064 1276 arbitrio
1104 1255 1160 1275 5110
1185 1257 1187 1271 i

195 1291 300 1321 Deum
331 1289 449 1326 colunt,
483 1300 604 1328 suaque
637 1288 745 1319 studia
774 1288 895 1328 optima
929 1293 959 1318 et
983 1288 1160 1318 rectissima
1185 1307 1186 1324 ,

1211 1244 1308 1275 nibus
1331 1244 1403 1275 tuis.
1448 1244 1558 1283 Neque
1582 1244 1666 1274 enim
1693 1244 1840 1284 loquendi
1866 1245 1962 1275 verbo
1985 1243 2023 1275 ad
2056 1254 2172 1274 vanam

1212 1287 1450 1327 loquacitatem,
1483 1288 1521 1317 ad
1553 1297 1646 1325 quam
1671 1286 1744 1326 plus
1767 1297 1868 1326 aequo
1898 1288 1990 1317 multi
2014 1287 2173 1327 proclives

1876 1330 1931 1361 sed
1963 1337 1994 1360 ut
2027 1340 2060 1360 50
2088 1330 2173 1368 ipsos

1213 1373 1332 1412 singuli
1356 1373 1563 1409 confirment,
1594 1379 1623 1402 et
1655 1372 1706 1402 alii
1731 1374 1801 1403 aliis
1824 1373 1890 1403 sint
1913 1373 2068 1403 doctores.
2116 1373 2172 1402 Di-

1213 1426 1323 1446 versas
1346 1421 1452 1446 autem
1478 1415 1618 1446 actiones
1642 1421 1823 1453 enumerat,
1857 1427 1896 1446 ne
1928 1416 2006 1446 haee
2035 1415 2174 1445 varietas

1213 1469 1275 1498 qua
1298 1457 1433 1489 distrahi
1458 1458 1562 1489 solent
1585 1458 1722 1498 1110011111,
1757 1469 1774 1489 a
1798 1466 1884 1489 recto
1907 1469 2002 1489 cursu
2026 1458 2096 1498 pios
2119 1458 2174 1488 ab·

1213 1501 1322 1532 ducat:
1353 1511 1388 1532 ac
1418 1501 1444 1531 si
1474 1501 1612 1537 iuberet,
1643 1501 1796 1540 quidquid
1822 1502 2024 1542 negotiorum
2048 1507 2174 1540 gerant,

1211 1544 1244 1574 iu
1271 1544 1354 1574 hunc
1377 1554 1478 1573 uuum
1503 1554 1632 1582 scopum
1657 1546 1826 1585 praecipue
1849 1528 2026 1575 intendere
2051 1543 2174 1574 Eadem

1214 1588 1337 1617 ratione
1360 1587 1449 1617 iubet
1473 1586 1646 1617 brachialia
1670 1598 1707 1617 ex
1734 1587 1811 1628 leois
1835 1588 2015 1627 praeceptis
2038 1592 2070 1617 et
2093 1588 2176 1617 tron-

1214 1630 1290 1660 talia
1312 1630 1438 1660 confici:
1465 1629 1550 1659 haud
1575 1629 1670 1659 dubie
1694 1637 1842 1661 0110110111
1868 1631 1955 1661 111100
1973 1629 2174 1670 spiritualem

1214 1672 1321 1703 aureis
1351 1672 1524 1702 monilibus
1554 1682 1733 1711 opponens:
1766 1684 1801 1704 110
1832 1674 1858 1704 51
1888 1673 2022 1709 diceret,
2052 1683 2092 1703 ex
2122 1673 2175 1712 pia.

1215 1715 1293 1755 legis
1327 1715 1546 1745 recordatione
1586 1716 1704 1746 rectius
1742 1715 1985 1747 oblectationem
2027 1722 2176 1755 capturos

1214 1768 1308 1797 quam
1334 1769 1373 1788 ex
1398 1768 1586 1797 pomparum
1608 1758 1718 1797 nugis,
1751 1769 1831 1798 quae
1860 1759 2027 1789 hominum
2062 1769 2175 1789 sensus

1214 1801 1252 1831 ad
1277 1811 1310 1831 se
1333 1801 1470 1839 rapiunt.
1516 1800 1588 1831 Hoc
1611 1800 1686 1831 dum
1712 1810 1816 1832 crasse
1840 1802 2028 1841 intelligunt
2051 1801 2173 1837 Iudaei,

1187 1843 1445 1889 ³sanctimoniae
1479 1850 1600 1882 partein
1637 1843 1668 1872 in
1702 1850 1837 1875 externa
1873 1844 1926 1874 illa
1961 1844 2175 1874 ostentatione

1214 1886 1369 1922 locarunt,
1393 1891 1429 1916 ut
1452 1892 1603 1925 putarent
1625 1896 1659 1916 50
1684 1887 1747 1917 fere
1769 1887 1934 1918 defunctos
1957 1887 1984 1918 si
2008 1887 2111 1926 legem
2142 1887 2174 1917 in

1887 1929 2014 1960 Deinde
2047 1929 2177 1970 longius

1188 1988 1189 2009 l
1214 1972 1310 2002 etiam
1335 1982 1505 2011 progressa
1528 1978 1576 2002 est
1598 1972 1768 2008 cacozelia,
1801 1978 1835 2002 ut
1858 1983 1919 2012 quo
1943 1973 2078 2012 quisque
2101 1982 2175 2002 cen-

1215 2015 1276 2045 seri
1301 2014 1428 2044 volebat
1459 2014 1528 2044 aliis
1559 2015 1780 2054 praestantior,
1812 2016 1909 2046 latius
1940 2015 2089 2045 dilataret
2118 2025 2175 2045 sua

1215 2057 1425 2097 phylacteria.
1473 2056 1526 2087 Sic
1555 2058 1638 2087 enim
1671 2058 1812 2088 fimbrias
1844 2058 1983 2088 vestium
2008 2057 2174 2093 vocabant,

1188 2134 1189 2139 ¹
1215 2102 1247 2130 iu
1271 2100 1386 2139 quibus
1410 2099 1604 2139 perscriptae
1628 2106 1718 2130 erant
1741 2101 1921 2131 sententiae
1937 2100 2063 2139 aliquae
2086 2100 2177 2139 legis,

1215 2144 1304 2182 quasi
1327 2142 1498 2173 custodias.
1545 2142 1640 2181 Quod
1666 2142 1777 2172 vitium
1803 2143 1952 2174 Christus
1975 2153 2086 2173 severe
2119 2153 2173 2172 ex-

1189 2191 1190 2194 ’
1216 2186 1316 2225 agitat
1339 2186 1371 2215 in
1396 2184 1507 2215 scribis
1536 2191 1566 2215 et
1590 2185 1773 2216 Pharis-aeis
1803 2185 1933 2226 (Matth.
1956 2185 2005 2222 23,
2028 2184 2072 2226 5):
2103 2186 2178 2224 quia>

1216 2238 1341 2258 merum
1365 2232 1433 2258 erat
1456 2227 1630 2258 ludibrium
1652 2228 1748 2258 liuius
1771 2228 2017 2263 admonitionis,
2048 2234 2079 2258 et
2102 2229 2175 2259 doc-

1216 2272 1319 2301 trinae
1343 2270 1530 2310 profanatio.
1578 2271 1619 2300 Et
1642 2282 1680 2301 ex
1706 2271 1772 2301 loco
1798 2271 1900 2301 Exodi
1924 2281 2017 2310 quem
2047 2270 2177 2307 subieci,

1217 2314 1294 2344 satis
1317 2318 1407 2353 patet
1428 2313 1489 2343 Dei
1514 2313 1691 2349 consilium,
1724 2313 1776 2343 ubi
1801 2314 1990 2353 simpliciter
2011 2313 2178 2344 attendere

1217 2357 1369 2387 iubentur
1398 2356 1435 2385 ad
1468 2355 1546 2395 legis
1569 2356 1837 2386 observationem.
1883 2356 2047 2387 Sedulitas
2070 2361 2176 2387 autem

1218 2399 1331 2430 merito
1366 2398 1551 2438 requiritur,
1584 2409 1647 2429 non
1680 2404 1802 2428 tantum
1840 2404 1875 2429 ut
1908 2399 1940 2429 in
1973 2410 2006 2429 re
2037 2399 2179 2429 maxime

1191 2481 1192 2486 1
1218 2441 1310 2479 501111,
1335 2441 1388 2471 5011
1413 2441 1487 2480 quia
1511 2452 1568 2480 pro
1588 2447 1697 2471 nostra
1722 2441 1864 2471 vanitate
1887 2442 2027 2482 proclive
2050 2447 2099 2473 est
2118 2442 2181 2473 alio

1191 2494 1192 2525 j
1218 2484 1331 2519 delabi,
1357 2484 1415 2514 nisi
1441 2484 1598 2514 excitetur
1621 2490 1729 2514 nostra
1754 2485 1916 2521 segnities.

1192 2563 1193 2574 γ
1304 2527 1398 2557 Deut.
1428 2527 1475 2563 11,
1503 2527 1550 2557 18.
1600 2526 1704 2557 Ponite
1725 2526 1816 2557 ‘verba
1839 2538 1906 2558 mea
1927 2527 2008 2559 llaec.
2054 2527 2177 2558 Iterum

1192 2594 1193 2604 ,
1218 2570 1334 2601 seriani
1355 2569 1565 2599 attentionem
1591 2570 1733 2609 requirit,
1753 2581 1793 2599 110
1814 2571 1838 2600 51
1864 2570 1978 2600 leviter
2001 2575 2128 2600 tantum
2148 2576 2180 2600 et

1220 2613 1390 2652 neglectim
1422 2618 1555 2651 excepta
1585 2612 1681 2642 fuerit
1710 2623 1804 2651 quam
1840 2614 1990 2652 proponit
2023 2613 2180 2649 doctrina,

1191 2673 1193 2685 1
1220 2655 1314 2695 paulo
1339 2660 1410 2694 post
1433 2655 1551 2685 effluat.
1589 2656 1709 2685 Ponere
1733 2655 1817 2685 enim
1840 2656 1872 2686 in
1897 2655 1990 2687 corde
2011 2655 2060 2686 vel
2084 2666 2184 2695 super
