2304 3034
101 224 162 255 717

458 353 707 387 APPENDIX.

418 423 483 455 EX
505 422 637 454 DEU'P.
660 421 758 453 XIX.

192 519 241 550 16.
279 519 377 557 Quum
398 516 510 548 steterit
528 515 612 546 testis
633 515 767 546 mendax
791 517 896 546 contra
924 515 1069 553 aliquem,

107 565 142 593 ut
163 561 336 600 testificetur
352 562 457 590 contra
475 568 544 589 eum
555 557 679 589 verbum
694 567 891 596 perversum:
914 557 962 588 17.
984 557 1071 588 Tunc

105 604 229 636 stabunt
250 603 307 634 duo
328 601 378 633 illi
399 601 535 632 homiues
552 600 663 639 quibus
686 602 729 631 est
750 601 799 638 lis,
821 609 924 631 coram
947 599 1071 639 Ichova,

107 647 142 678 id
178 649 222 677 est
257 654 358 677 coram
386 643 593 675 sacerdotibus
623 645 650 673 et
679 643 833 674 iudicibus
868 643 922 682 qui
953 643 1072 681 fuerint

106 690 142 720 iu
167 687 273 720 diebus
297 686 370 717 illis.
417 686 465 717 18.
500 685 543 716 Et
570 685 727 724 inquirent
757 685 872 717 iudices
901 685 1069 725 diliyenter,

107 734 134 763 et
155 731 184 763 si
205 730 287 761 testis
308 729 362 760 ille
384 731 428 759 est
449 729 532 760 testis
549 728 692 763 mendax,
715 728 910 760 mendacium
931 727 1071 766 testifica-

107 777 156 805 tus
174 775 216 804 est
234 773 335 803 contra
352 771 483 810 fratrem
506 781 614 801 suum:
639 770 687 801 19.
712 770 849 802 Facietis
870 771 908 808 ei,
927 770 1072 809 quemad-

106 816 228 848 modum
248 814 388 854 coyilavit
409 813 508 852 facere
530 814 628 852 fratri
649 823 722 851 suo,
751 816 778 844 et
808 813 932 852 auferes
953 812 1071 843 malum

107 869 123 890 e
154 857 249 889 medio
270 856 326 887 tui.
371 856 421 887 20.
455 855 498 887 Et
531 856 585 895 qui
619 856 835 893 remanserint,
869 855 997 886 audient
1035 864 1071 885 ac

105 899 265 937 timebunt,
292 908 346 930 uec
373 898 484 929 addent
504 898 605 938 facere
629 898 713 929 ultra
737 898 855 929 malum
877 897 978 928 simile
1000 897 1071 928 huic

105 943 140 974 in
156 942 252 973 medio
270 941 325 972 tui.
371 941 421 972 21.
454 940 560 980 Neque
573 943 681 980 parcet
699 940 803 971 oculus
820 943 909 971 tuus.-
931 940 1071 971 animam

99 995 161 1026 pro
177 985 291 1020 anima,
311 984 431 1015 oculum
443 994 505 1022 pro
517 984 608 1020 oculo,
628 984 744 1014 dentem
757 993 819 1022 pro
832 982 926 1020 dente,
944 992 1071 1013 manum

98 1037 159 1068 pro
179 1036 282 1063 mauu,
303 1027 412 1066 pedem
429 1036 490 1066 pro
506 1026 592 1066 pede.

188 1120 237 1151 16.
265 1120 368 1159 Quum
385 1119 506 1151 steterit.
551 1118 638 1158 Quia
670 1129 734 1149 non
757 1119 804 1150 ita
833 1119 921 1159 viget
943 1118 976 1148 in
1003 1128 1070 1149 om-

103 1162 200 1194 nibus
221 1162 319 1194 timor
341 1162 403 1194 Dei
426 1166 464 1193 ut
486 1167 602 1202 sponte
632 1172 651 1193 a
678 1161 892 1193 maledicendi
920 1160 1071 1201 cupidine

812 218 1032 249 DEOIMUM
1055 217 1375 250 PRAEOEPTUM.

2031 219 2092 251 718

1096 355 1098 376 1
1123 354 1317 393 abstineant,
1336 353 1493 394 praecipit
1507 351 1597 383 Deus
1616 362 1753 392 poenam
1770 353 1808 384 de
1827 354 1980 393 periuriis
1998 355 2091 386 sumi.

1124 396 1208 427 Nam
1238 402 1351 428 contra
1380 396 1495 436 impios
1519 399 1552 426 et
1574 395 1799 436 immorigeros
1834 396 1985 427 feruntur
2003 396 2092 438 leges

1123 439 1285 479 politicae,
1316 444 1353 470 ut
1375 439 1429 478 qui
1452 438 1513 469 Dei
1537 437 1692 468 iudicium
1717 443 1891 478 spernunt,
1918 439 2093 471 trahantur

1124 481 1163 511 ad
1188 482 1355 512 hominum
1379 480 1530 512 tribunal.
1576 480 1751 511 Caeterum
1775 481 1834 512 etsi
1857 492 1922 512 non
1946 482 2039 513 aliter
2057 482 2092 513 in

1124 525 1342 564 cognitionem
1382 523 1524 555 iudicum
1558 527 1718 554 vocantur
1750 523 1901 563 periuria,
1936 535 2031 564 quam
2065 525 2092 556 si

1124 572 1229 597 exstet
1248 570 1413 598 accusator
1431 567 1484 606 qui
1504 575 1538 596 se
1557 565 1637 597 falso
1656 566 1840 597 testimonio
1860 566 1979 598 iniuste
1991 567 2091 599 fuisse

1125 613 1294 647 gravatum
1329 614 1498 649 queratur,
1531 608 1614 639 ratio
1647 613 1755 639 tamen
1785 608 1900 646 dictat,
1929 609 1955 640 si
1978 610 2049 649 quis
2072 620 2092 641 a

1124 651 1213 682 falsis
1243 651 1380 683 testibus
1407 655 1530 682 tractus
1561 654 1644 682 esset
1675 650 1714 682 ad
1745 656 1897 688 mortem,
1930 651 2091 683 iudicibus

1124 695 1258 725 minime
1273 695 1370 725 fuisse
1388 693 1589 730 cessandum,
1608 693 1684 733 quin
1701 703 1742 724 ex
1756 693 1861 725 officio
1878 693 2091 733 inquirerent.

1125 736 1287 775 Quoniam
1311 741 1419 767 tamen
1438 740 1475 767 ut
1497 736 1671 775 plurimum
1694 736 1811 767 attenti
1841 740 1918 767 sunt
1944 736 2091 769 homines

1124 779 1163 809 ad
1192 790 1284 810 suam
1318 778 1536 810 innocentiam
1577 779 1799 815 asserendam,
1845 779 1930 810 hanc
1963 784 2090 819 partem

1124 832 1250 853 sumere
1280 822 1358 853 satis
1392 821 1505 852 habuit
1528 820 1632 857 Deus,
1662 821 1689 851 si
1718 821 1825 852 delata
1859 821 1955 852 fuerit
1985 822 2090 861 queri-

1124 865 1245 901 monia,
1270 869 1307 895 ut
1325 864 1500 905 diligenter
1520 863 1718 904 investigent
1740 864 1876 902 iudices,
1896 875 1932 895 ac
1955 865 2091 895 crimine

1124 906 1332 946 deprehenso,
1357 917 1494 946 poenam
1513 906 1645 937 talionis
1664 906 1816 947 irrogent.
1846 906 1941 938 Unde
1958 910 2091 947 apparet

1124 949 1234 980 eodem
1264 949 1348 990 apud
1371 950 1480 980 Deum
1505 948 1574 980 loco
1605 948 1717 980 haberi
1748 950 1844 980 falsos
1867 953 1965 980 testes
1994 954 2091 989 atque

1124 991 1309 1023 homicidas.
1356 991 1451 1030 Quod
1475 996 1583 1022 autem
1607 1001 1746 1022 examen
1774 992 1844 1023 fieri
1867 992 2000 1023 mandat
2023 1002 2090 1023 non

1124 1039 1251 1065 tantum
1275 1045 1294 1065 a
1312 1034 1487 1072 iudicibus,
1518 1033 1574 1065 sed
1597 1034 1694 1065 etiam
1718 1044 1736 1064 a
1759 1034 1995 1072 sacerdotibus,
2018 1038 2089 1065 tan-

1125 1086 1220 1116 quam
1245 1078 1316 1108 Deo
1340 1080 1523 1117 praesente,
1548 1076 1608 1108 hac
1628 1077 1870 1109 circumstantia
1889 1077 2091 1118 diligentiam

1124 1120 1259 1159 requirit
1282 1120 1375 1150 solito
1399 1120 1568 1150 maiorem:
1591 1119 1668 1158 quia
1686 1120 1849 1151 occultum
1872 1120 2004 1158 crimen,
2027 1119 2090 1151 nisi

1125 1162 1333 1193 exactissima
1356 1172 1442 1198 cura,
1466 1172 1530 1193 non
1554 1161 1649 1193 facile
1672 1162 1843 1203 detegitur.

706 1603 1006 1651 DECIMUM
1034 1604 1479 1657 PRAECEPTUM.

415 1753 479 1785 EX
501 1753 651 1786 EXODI
672 1753 751 1786 XX.

188 1839 236 1870 17.
277 1838 348 1870 Nou
379 1839 572 1878 concupisces
607 1839 728 1871 domum
747 1840 887 1879 prozimi
916 1840 977 1878 tui,
1010 1851 1071 1871 uon

101 1882 290 1921 concupisces
320 1891 445 1912 uxorem
467 1883 608 1921 proximi
631 1883 691 1920 tui,
724 1892 819 1921 neque
844 1892 964 1913 servum
991 1884 1068 1920 eius,

101 1934 197 1963 neque
218 1923 365 1955 ancillam
389 1925 463 1962 eius,
486 1934 580 1964 neque
601 1925 703 1956 bovem
726 1925 801 1961 eius,
825 1935 918 1964 neque
944 1927 1069 1956 asinum

102 1967 183 2005 eius,
208 1976 302 2006 neque
331 1967 500 2006 quidquam
528 1977 632 1998 eorum
659 1977 736 2006 quae
764 1970 835 1998 suut
852 1969 992 2008 proximi
1014 1969 1068 2000 tui.

453 2171 710 2202 REPETITIO.

442 2229 506 2260 EX
529 2230 662 2262 DEUT.
687 2230 727 2262 V.

192 2311 241 2342 21.
277 2313 381 2353 Neque
399 2315 591 2353 concupisces
608 2325 732 2346 uxorem
745 2316 883 2355 proximi
901 2317 956 2355 tui,
976 2327 1070 2357 neque

107 2354 295 2393 concupisces
333 2356 455 2387 domum
482 2358 625 2396 prozimi
658 2359 717 2395 lui,
756 2369 866 2399 ayrum
899 2359 982 2397 eius,
1016 2363 1071 2391 aut

107 2406 227 2443 servum
259 2398 339 2435 eius,
372 2402 426 2430 aut
460 2399 607 2431 ancillam
640 2401 721 2438 eius,
762 2402 863 2432 bovem
895 2402 977 2439 eius,
1015 2405 1071 2433 aut

108 2448 234 2484 asinum
276 2440 356 2470 eius:
393 2451 487 2480 uequc
527 2442 697 2482 quidquam
740 2453 843 2475 corum
882 2454 959 2483 quac
998 2448 1070 2476 sunt

102 2490 247 2520 proximo
269 2484 326 2513 tuo.

192 2564 298 2596 Exodi
319 2565 368 2601 20,
387 2566 435 2598 17.
471 2568 541 2600 Nou
551 2571 748 2609 emicupi'sces.
774 2571 846 2602 Hoc
862 2576 1068 2611 praeceptum

108 2607 148 2638 ad
172 2607 235 2638 alia
258 2608 423 2647 superiora
446 2611 575 2642 extendi
601 2612 771 2644 obscurum
801 2624 867 2644 non
890 2618 947 2645 est.
983 2614 1069 2646 Satis

108 2654 205 2680 antea
234 2651 338 2681 vetuit
360 2649 450 2683 Deus
471 2652 595 2685 inhiare
619 2655 714 2687 rebus
738 2656 867 2696 alienis,
897 2657 1070 2689 sollicitare

1124 1756 1246 1787 alienas
1269 1767 1393 1793 uxores,
1417 1757 1466 1788 vel
1489 1767 1531 1788 ex
1553 1756 1659 1788 alieno
1680 1757 1881 1789 incommodo
1902 1761 1934 1787 et
1956 1757 2091 1796 iactura,

1126 1798 1253 1830 lucrum
1283 1804 1423 1839 captare.
1468 1799 1578 1837 Nunc,
1598 1799 1675 1831 dum
1706 1805 1772 1831 tam
1797 1801 1895 1831 boves
1918 1804 1949 1830 et
1972 1800 2080 1831 asinos

1126 1846 1158 1872 et
1181 1842 1243 1872 alia
1265 1842 1434 1881 quaelibet,
1458 1852 1551 1882 quam
1572 1853 1699 1881 uxores,
1722 1847 1753 1873 et
1774 1853 1884 1874 servos
1906 1847 1938 1873 et
1956 1842 2090 1873 ancillas

1125 1889 1308 1915 enumerat:
1339 1885 1425 1916 clare
1448 1884 1549 1925 liquet
1572 1884 1685 1916 iisdem
1710 1886 1748 1916 de
1771 1885 1867 1916 rebus
1896 1885 2090 1924 praecipere,

1123 1927 1178 1957 sed
1203 1927 1329 1958 diverso
1351 1927 1460 1958 modo:
1484 1938 1608 1967 nempe,
1633 1932 1670 1958 ut
1688 1927 1850 1968 improbas
1872 1937 1984 1958 omnes
2002 1927 2089 1967 cupi-

1122 1969 1239 2000 ditates
1260 1970 1309 2000 vel
1329 1969 1500 2008 scortandi,
1524 1971 1575 2001 vel
1594 1971 1722 2001 furandi
1747 1976 1897 2002 coerceat.
1927 1969 2090 2001 Obiicitur

1122 2017 1229 2043 tamen
1256 2013 1417 2052 quaestio,
1452 2023 1550 2052 quum
1581 2017 1679 2044 antea
1710 2013 1828 2045 dietum
1849 2013 1890 2044 sit
1912 2022 1970 2052 pro
1992 2013 2089 2053 legis-

1122 2055 1233 2086 latoris
1256 2060 1374 2086 natura
1397 2055 1513 2095 ubique
1535 2056 1655 2096 requiri
1678 2056 1840 2087 interioris
1870 2055 1975 2086 cordis
1998 2055 2087 2095 puri-

1122 2103 1239 2134 tatem,
1270 2097 1404 2138 ideoque
1437 2098 1497 2130 sub
1531 2098 1690 2129 adulterio
1724 2099 1827 2130 notari
1862 2108 1925 2128 non
1958 2101 2087 2129 tantum

1122 2151 1234 2172 omnes
1257 2140 1417 2179 lascivias,
1435 2140 1491 2172 sed
1509 2141 1667 2173 occultam
1691 2151 1817 2181 quoque
1838 2139 2086 2180 impudicitiam:

1122 2184 1181 2215 sub
1199 2182 1294 2220 furto,
1313 2183 1440 2215 illicitos
1458 2183 1605 2215 lucrandi
1625 2184 1802 2224 appetitus:
1825 2193 1976 2223 quorsum
2000 2193 2087 2214 nunc

1123 2227 1213 2257 Deus
1235 2237 1308 2257 suos
1332 2237 1350 2257 a
1373 2226 1502 2257 furandi
1526 2232 1558 2257 et
1587 2226 1749 2258 scortandi
1778 2225 1951 2266 cupiditate
1977 2226 2087 2265 prohi-

1122 2269 1218 2301 beat?
1271 2268 1410 2300 Videtur
1455 2269 1541 2300 enim
1584 2279 1785 2309 supervacua
1819 2278 1888 2299 esse
1922 2268 2085 2308 repetitio:

1122 2312 1208 2352 quod
1232 2311 1322 2342 valde
1346 2311 1522 2342 absurdum
1541 2317 1625 2343 esset
1644 2312 1678 2342 in
1697 2311 1806 2343 decem
1829 2310 1947 2348 verbis,
1970 2311 2087 2350 quibus

1123 2359 1221 2386 totam
1244 2353 1372 2385 vivendi
1396 2354 1542 2394 regulam
1566 2355 1753 2394 complexus
1776 2357 1825 2384 est
1838 2354 1936 2391 Deus,
1959 2357 1996 2384 ut
2017 2354 2087 2394 ipsa

1122 2397 1263 2429 brevitas
1294 2396 1429 2427 lectores
1457 2407 1515 2427 sua
1543 2397 1697 2428 facilitate
1726 2396 1842 2427 melius
1872 2396 2015 2427 alliceret
2045 2396 2086 2428 ad

1122 2440 1321 2472 discendum.
1368 2439 1492 2470 Verum
1524 2440 1621 2471 simul
1655 2450 1696 2470 ex
1727 2439 1874 2479 opposito
1907 2438 2086 2470 tenendum

1123 2488 1181 2520 est,
1205 2483 1353 2522 quamvis
1369 2481 1431 2513 Dei
1456 2482 1626 2513 consilium
1644 2482 1758 2519 fuerit,
1782 2491 1893 2512 omnes
1914 2481 2085 2512 hominum

1122 2536 1235 2557 sensus
1253 2528 1320 2555 tota
1342 2525 1412 2565 lege
1435 2525 1573 2556 formare
1599 2524 1639 2556 ad
1664 2525 1821 2556 sinceram
1844 2524 1914 2554 eius
1935 2524 2085 2556 obedien-

1122 2570 1215 2600 tiam:
1239 2577 1321 2607 quae
1343 2571 1451 2598 tamen
1475 2571 1523 2598 est
1546 2567 1714 2598 hominum
1738 2566 1917 2607 hypocrisis
1940 2571 1971 2597 et
1994 2577 2085 2598 secu-

1122 2612 1212 2648 ritas,
1232 2610 1339 2641 acrius
1357 2610 1455 2641 fuisse
1473 2609 1696 2648 stimulandos,
1715 2612 1746 2640 et
1764 2609 1896 2649 propius
1915 2609 2084 2650 urgendos,

1123 2665 1163 2686 ne
1186 2653 1245 2685 sub
1275 2653 1390 2684 umbra
1413 2653 1607 2684 obscurioris
1637 2652 1800 2684 doctrinae
1825 2651 1965 2683 latebras
1988 2662 2084 2692 quae-
