2304 3034
238 185 300 216 399

240 278 384 312 ciuilium,
406 279 430 306 cl
443 284 631 314 purpuram,
655 277 680 305 et
700 273 901 304 vermiculum
920 275 1006 312 cocci,
1025 277 1050 305 et
1071 274 1203 314 byssum,

239 324 265 353 et
295 328 461 359 caprariam
485 317 585 356 pilos:
620 316 647 346 7.
674 316 714 346 Et
739 316 837 355 pelles
864 317 997 347 arietum
1020 317 1205 357 rubricatas,

241 367 267 394 et
290 362 384 402 pelles
403 364 560 396 tamarum,
593 362 620 389 et
642 359 729 399 Ziqua
751 359 857 389 sittim.
908 359 926 390 8
967 359 1010 390 Et
1032 359 1129 391 oleum
1146 371 1206 400 pro

240 405 405 440 luminari,
437 405 464 434 et
492 404 631 433 aromata
649 412 710 440 pro
731 401 792 432 oleo
815 401 982 439 unctionis,
1005 405 1030 433 ct
1053 403 1094 434 ad
1116 404 1206 443 Suffi-

241 450 370 479 mentum
395 445 608 476 aromaticum.
644 445 672 475 9.
698 444 740 474 Et
764 444 886 483 Iapides
909 444 1086 484 onychinos,
1110 449 1137 477 et
1160 447 1206 478 la-

234 490 327 530 pide.»-
352 499 411 528 pro
434 487 531 526 ephod
553 490 579 518 et
596 497 656 526 pro
681 487 843 526 pectorali.
895 487 942 519 10.
967 487 1009 518 Et
1031 498 1134 519 omnes
1154 500 1206 521 sa·

236 533 352 572 pientes
382 531 470 562 corde
498 531 530 560 in
559 530 643 561 vobis
672 530 804 570 venient,
834 532 859 560 et
879 530 993 570 facient
1015 541 1207 571 quaecunque

234 574 394 615 praecepit
418 573 547 604 Ielzova:
589 573 637 603 11.
667 573 920 609 Tabcrnaculum,
945 574 1106 604 tentorium
1129 575 1205 613 etus,

238 621 266 649 et
287 617 507 656 operimentum
530 616 611 653 eius,
637 618 664 646 et
686 616 817 647 circulos
838 616 915 653 eius,
939 618 965 647 et
987 615 1107 647 tabulas
1130 618 1206 654 eius,

240 663 330 692 vectes
360 660 444 694 eius.
473 659 630 690 columnas
658 659 725 690 eius
748 661 775 689 et
798 658 885 689 bases
907 659 992 690 eius:
1016 659 1063 690 12.
1088 661 1206 691 Arcam

239 706 265 734 et
280 705 369 733 vectes
380 703 455 739 eius,
465 702 729 740 propitiatorium,
748 703 775 732 et
788 701 885 732 velum
898 702 1028 732 tentorii.
1054 702 1102 733 13.
1119 702 1205 734 Mcu-

239 756 323 783 sam,
355 748 380 776 et
404 747 496 775 vectes
519 745 637 784 ipsius,
662 746 688 774 et
711 745 815 775 omnia
836 754 914 775 vasa
934 745 1017 784 eius,
1049 748 1075 775 et
1092 756 1207 785 panem

238 789 406 828 facierum.-
430 787 477 818 14.
494 786 535 817 Et
555 787 771 818 candelabrum
793 787 962 819 lzmzinaris
984 790 1011 817 et
1032 798 1108 819 vasa
1131 789 1205 827 eius,

241 834 267 862 et
297 831 439 862 lucernas
467 830 550 866 eius,
582 832 608 860 el
631 829 729 861 oleum
751 830 936 861 luminaris:
972 830 1020 861 15.
1045 830 1087 861 Et
1109 831 1206 862 altare

240 873 408 913 suffimenti
439 875 465 904 et
493 875 586 904 vectes
608 873 690 911 eius,
715 875 741 903 et
765 873 863 904 oleum
886 873 1048 909 unctionis,
1072 875 1097 904 et
1119 874 1207 914 suffi-

239 919 373 948 mentum
394 917 606 953 aromaticum,
629 918 655 946 et
676 915 821 946 aulaeum
843 917 915 947 ostii
934 926 992 955 pro
1015 916 1091 947 ostio
1112 917 1207 948 taber-

240 959 360 990 naculi:
387 959 434 989 16.
448 958 560 990 Altare
578 958 753 998 holocausti,
775 961 801 990 et
823 959 960 990 cribrum
983 959 1049 990 eius
1071 969 1205 997 aeneum,

240 1005 266 1034 et
286 1004 377 1033 vectes
395 1002 470 1038 eius,
490 1004 517 1031 et
534 1002 639 1032 omnia
661 1011 735 1032 casa
754 1002 830 1038 eius,
855 1004 881 1032 et
898 1001 1050 1039 concham,
1074 1005 1100 1033 et
1118 1002 1208 1033 basin

240 1046 320 1076 eius:
347 1044 394 1075 17.
416 1044 560 1075 Cortmas
579 1044 683 1083 ipsius
701 1045 786 1082 atrii,
805 1044 964 1076 columnas
983 1045 1058 1081 eius,
1078 1047 1105 1076 et
1122 1045 1207 1076 bases

240 1089 323 1123 eius,
354 1090 380 1118 et
403 1086 547 1118 aulaeum
571 1089 680 1126 portae
700 1087 794 1118 atrii:
829 1087 877 1119 18.
905 1087 1047 1119 Paoeillos
1070 1088 1207 1119 taberna-

239 1131 311 1167 culi,
335 1133 361 1160 et
377 1130 518 1169 paxillos
541 1130 626 1166 atrii,
651 1132 677 1160 et
697 1130 856 1169 funiculos
878 1141 997 1162 eorum:
1026 1130 1074 1162 19.
1106 1130 1208 1162 Vestes

239 1173 409 1204 ministerii
437 1173 478 1204 ad
505 1173 752 1203 mini-§tramitum
781 1173 814 1203 in
843 1174 1038 1210 sanctuario,
1067 1176 1094 1204 et
1114 1176 1207 1205 vestes

239 1218 363 1247 sanetas
393 1215 553 1246 Almonis
583 1215 767 1253 sacerdotis,
797 1219 824 1247 et
854 1219 947 1248 vestes
974 1216 1113 1255 filiorum
1141 1217 1208 1248 eius

240 1259 282 1290 asl
302 1259 494 1299 funyendum
517 1258 697 1290 sacerdotio.

326 1343 432 1375 Exodi
456 1344 505 1382 25,
530 1344 558 1375 2.
606 1344 772 1383 Alloquere
800 1344 885 1382 filios
909 1343 1012 1375 Israel
1038 1347 1071 1375 ut
1093 1344 1204 1376 tollant.

242 1386 278 1419 Si
299 1387 370 1427 quis
390 1387 512 1417 rixator
532 1387 570 1418 de
592 1392 745 1427 tempore,
770 1387 860 1418 cuius
881 1386 1047 1418 historiam
1072 1387 1134 1419 hue
1157 1388 1204 1418 in-

242 1441 349 1461 serere
375 1431 477 1460 visum
499 1436 566 1467 est,
587 1430 807 1469 quaestionem
829 1434 966 1468 moveat,
986 1430 1044 1461 etsi
1064 1430 1204 1470 pertina-

242 1473 310 1504 cius
330 1483 394 1503 non
414 1473 616 1509 contendam,
637 1483 702 1503 non
722 1472 897 1512 probabilis
917 1472 1019 1511 modo,
1039 1473 1093 1504 sed
1114 1474 1206 1504 firma

242 1516 422 1547 sententiae
458 1526 548 1547 meae
581 1515 663 1546 ratio
692 1515 773 1545 mihi
804 1520 938 1547 constat.
993 1515 1089 1547 Certo
1120 1516 1204 1547 enim

243 1570 282 1589 cx
317 1558 357 1589 33
393 1559 496 1598 capite
528 1558 636 1589 Exodi
664 1558 815 1599 colligere
846 1558 925 1589 mihi
957 1558 1081 1596 videor,
1116 1564 1205 1590 ante-

243 1612 339 1642 quam
359 1602 482 1642 priores
502 1601 629 1632 tabulas
649 1601 780 1632 afferret
794 1602 902 1632 Moses
924 1611 941 1632 e
960 1607 1078 1640 monte,
1102 1602 1204 1632 taber-

244 1645 397 1676 naculum
411 1645 474 1675 iam
489 1645 585 1675 fuisse
597 1649 808 1676 exstructum.
839 1644 911 1676 Illic
931 1645 1061 1676 enimin
1076 1645 1204 1686 signum

244 1687 390 1724 divortii,
416 1694 449 1718 ut
473 1692 683 1727 cognosceret
705 1687 843 1727 populus
867 1699 900 1719 se
923 1698 941 1718 a
965 1688 1035 1719 Deo
1058 1687 1205 1728 repudia—

245 1736 312 1762 tum
343 1741 428 1767 esse,
461 1730 578 1762 dieitur
608 1730 717 1761 Moses
747 1731 860 1762 tulisse
885 1730 1144 1767 tabernaculum,
1175 1735 1206 1761 et

242 1773 301 1804 sibi
327 1774 479 1813 privatim
504 1773 676 1804 tetendisse
700 1780 794 1804 extra
817 1781 937 1804 castra:
963 1784 1026 1804 non
1055 1774 1090 1804 in
1113 1783 1205 1804 suum

242 1817 438 1857 peculiarem
459 1827 563 1854 usum,
588 1817 664 1856 quia
683 1815 801 1847 diserte
822 1817 1024 1856 exprimitur,
1047 1827 1119 1847 eum
1143 1826 1205 1846 non

244 1859 310 1890 illic
331 1859 500 1896 habitasse,
525 1859 580 1890 sed
602 1870 769 1900 egressum
791 1859 889 1890 fuisse
912 1870 928 1890 e
948 1859 1061 1891 castris
1084 1859 1207 1899 quoties

244 1902 372 1933 volebat
397 1903 503 1933 Deum
535 1903 716 1933 consulere:
742 1902 837 1933 Iosuc
868 1913 942 1933 vero
973 1903 1070 1933 fuisse
1100 1906 1204 1933 custo-

244 1945 316 1975 dem
352 1945 401 1975 vel
432 1945 608 1977 aedituum.
654 1945 692 1975 Id
717 1955 793 1976 vero
817 1945 939 1976 factum
962 1956 1031 1976 esse
1055 1956 1117 1976 non
1140 1954 1205 1975 am·

244 1988 381 2028 bigitur,
411 1994 585 2028 antequam
616 1987 757 2019 seeundo
788 1998 923 2020 ascensu
954 1998 1053 2019 novas
1083 1987 1207 2019 tabulas

245 2042 262 2061 a
298 2030 367 2061 Deo
404 2031 544 2062 afferret.
591 2031 711 2071 Liquet
744 2041 820 2071 ergo
855 2038 933 2062 tunc
966 2031 1030 2062 iam
1065 2035 1207 2062 erectum

244 2073 342 2104 fuisse
366 2074 622 2106 tabernaculum.
658 2074 695 2105 Si
726 2074 797 2114 quis
819 2074 956 2112 obiiciat,
978 2085 1041 2105 non
1065 2079 1206 2105 erectum

243 2117 342 2147 fuisse
362 2117 422 2148 nisi
442 2118 599 2158 principio
622 2117 700 2148 anni
722 2117 865 2155 secundi,
889 2117 989 2148 facilis
1013 2120 1061 2147 est
1083 2116 1207 2153 solutio,

245 2165 321 2191 tunc
335 2159 372 2190 de
385 2160 511 2200 integro
530 2160 563 2190 in
584 2161 721 2190 statione
741 2159 886 2200 legitima
906 2161 1004 2191 fuisse
1023 2159 1207 2200 repositum,

246 2208 282 2232 ut
296 2202 438 2242 undiquc
452 2202 686 2234 circumdatum
701 2215 718 2233 a
732 2203 807 2234 filiis
819 2203 929 2239 Israel,
951 2213 1062 2234 omnes
1076 2202 1206 2233 haberet

245 2245 408 2283 custodes,
448 2246 623 2276 secundum
664 2245 831 2277 duodecim
868 2245 972 2277 tribus
1005 2245 1117 2276 ordine
1151 2254 1207 2275 suo

246 2287 401 2328 digestas:
427 2287 540 2319 deinde
565 2294 639 2320 tunc
664 2288 793 2319 demum
818 2289 937 2319 locatas
961 2288 1059 2319 fuisse
1083 2286 1207 2318 tabulas

246 2330 277 2360 in
303 2341 375 2361 arca
400 2330 544 2368 foederis,
569 2332 601 2362 iu
626 2332 743 2371 quibus
767 2342 800 2361 so
825 2331 915 2362 Deus
939 2330 1207 2371 repraesentabat,

247 2378 280 2403 ut
311 2374 380 2404 siue
405 2374 469 2404 illis
495 2385 632 2405 vacuum
656 2374 890 2414 quodammodo
915 2379 997 2405 esset
1021 2374 1206 2404 tabernacu-

246 2416 328 2446 lum:
350 2423 510 2457 postremo
531 2417 568 2447 dc
588 2417 713 2447 solenni
733 2417 933 2448 dedicatione
953 2417 1017 2447 illic
1036 2417 1096 2456 agi,
1117 2416 1207 2446 cuius

247 2459 388 2490 noudum
414 2460 590 2490 advenerat
614 2467 778 2491 maturum
801 2466 938 2500 tempus,
962 2460 1062 2490 donec
1086 2459 1124 2489 ad
1145 2464 1207 2489 tes-

246 2501 376 2532 tandam
403 2502 462 2533 Dei
493 2503 724 2542 praesentiam,
757 2503 869 2534 foedus
900 2503 930 2533 in
966 2513 1039 2533 arca
1064 2501 1207 2532 recondi-

246 2551 312 2574 tum
346 2552 426 2575 esset
457 2545 600 2585 pignoris
625 2546 701 2577 loco.
749 2545 821 2585 Quo
845 2545 960 2576 melius
984 2545 1117 2576 tollatur
1141 2554 1207 2574 om-

247 2587 294 2616 ni<
326 2588 535 2627 ambiguitas,
571 2588 711 2619 breviter
742 2588 946 2629 supputanda
977 2594 1025 2619 est
1056 2586 1207 2627 temporis

246 2630 336 2660 ratio.
383 2631 491 2660 Tertio
522 2642 630 2662 mense
663 2644 680 2661 a.
709 2642 766 2662 suo
798 2632 885 2662 exitu
916 2630 1042 2671 appulit
1071 2630 1206 2670 populus

934 180 1185 214 SECUNDUM
1210 183 1530 216 PRAECEPTUM.

2161 183 2225 215 400

1258 278 1297 309 ad
1326 282 1470 308 montem
1503 277 1604 309 Sinai.
1652 277 1761 315 Quoto
1793 276 1844 307 die
1868 276 1920 307 lex
1942 276 2004 306 fuit
2027 276 2117 316 data,
2147 288 2224 309 nus-

1257 331 1352 360 quam
1377 320 1509 357 dieitur,
1542 320 1601 350 nisi
1627 318 1710 359 quod
1734 319 1891 359 probabili
1915 319 2043 350 ratione
2065 321 2223 351 coniicere

1257 363 1345 399 lieet,
1370 363 1496 394 circiter
1520 364 1617 393 finem
1642 362 1727 392 illius
1752 361 1872 392 mensis
1896 361 1994 391 latam
2018 362 2124 394 fuisse.
2171 363 2223 394 Ita

1258 405 1450 436 numerandi
1481 412 1573 436 eruut
1606 410 1677 435 octo
1705 414 1834 435 menses
1864 414 1964 444 usque
1993 403 2032 434 ad
2054 404 2136 436 diem
2162 416 2223 445 quo

1258 448 1441 479 dedicatum
1478 448 1538 478 fuit
1566 447 1827 484 tabernaculum,
1866 452 1897 477 et
1929 447 2056 478 tabulae
2086 448 2120 478 in
2149 458 2223 480 arca

1258 491 1396 522 foederis
1427 490 1605 530 depositae;
1636 490 1729 521 sicuti
1762 489 1952 520 nominatim
1984 489 2084 520 refert
2114 490 2223 522 Moses

1259 534 1372 565 ultimo
1404 535 1508 573 eapite
1532 532 1648 565 Exodi.
1694 532 1795 563 Libro
1826 536 1932 563 autem
1964 538 2078 572 quarto
2101 537 2222 571 narrat,

1258 576 1398 608 secundo
1427 586 1537 607 mense
1561 575 1648 606 illius
1672 575 1750 606 anni
1775 574 1931 614 populum
1956 580 2061 606 eastra
2085 576 2222 608 movisse

1258 631 1297 650 ex
1327 619 1382 650 illo
1413 619 1495 657 loeo,
1526 622 1557 649 et
1581 618 1738 658 migrasse
1762 617 1801 648 ad
1825 618 1971 657 sepulcra
1994 618 2222 658 concupiscen-

1259 663 1330 693 tiae.
1370 662 1439 693 Iam
1466 672 1565 701 quum
1589 661 1675 691 inter
1698 660 1934 691 dedicationem
1958 660 2167 699 tabernaculi,
2192 665 2224 692 et

1258 705 1486 745 profectionem
1511 715 1595 735 unus
1620 707 1747 734 tantum
1771 703 1890 734 mensis
1913 703 2147 741 intercesserit,
2177 705 2223 735 fa·-

1258 748 1319 779 teri
1343 757 1473 779 neccsse
1496 752 1544 777 est
1567 745 1647 777 duos
1670 746 1703 776 in
1728 751 1869 777 montem
1895 757 2045 777 ascensus
2069 747 2223 787 temporis

1258 790 1372 822 ordine
1408 789 1609 830 praecedere.
1666 789 1762 819 Nunc
1799 789 1980 828 quaeritur,
2022 789 2223 829 principione

1259 834 1365 874 quarti
1395 832 1514 864 mensis
1545 835 1679 863 vocatus
1708 831 1804 862 fuerit
1834 831 1873 862 ad
1904 831 2077 863 sumendas
2100 833 2223 872 priores

1258 876 1394 907 tabulas.
1441 875 1476 907 Si
1507 875 1567 906 hoc
1598 875 1766 914 recipitur,
1796 875 1853 905 vix
1883 882 1958 905 ante
1989 875 2086 905 finem
2118 876 2222 907 octavi

1259 919 1378 950 mensis
1419 918 1521 958 potuit
1560 917 1599 948 de
1639 917 1815 948 sanctuarii
1849 916 1993 948 aedificio
2027 917 2222 958 praecipere.

1257 962 1342 993 Nam
1371 962 1456 992 inter
1479 960 1559 992 duos
1584 970 1739 991 ascensus
1762 959 1937 991 absurdum
1963 960 2074 991 fuisset
2096 961 2223 992 tabulas

1259 1005 1335 1035 dare
1365 1004 1490 1044 paterni
1514 1003 1651 1041 favoris,
1682 1013 1781 1042 quum
1805 1002 1929 1034 dissidii
1953 1003 2044 1034 testis
2067 1008 2153 1035 esset
2175 1014 2223 1035 se-

1259 1048 1382 1087 paratio
1408 1046 1616 1078 tabernaeuli.
1663 1045 1716 1077 Sic
1740 1045 1841 1086 igitur
1863 1046 2041 1084 constituo,
2070 1046 2104 1076 in
2128 1046 2224 1087 longo

1259 1096 1291 1121 et
1324 1089 1449 1121 difficili
1483 1100 1578 1129 opere
1605 1093 1813 1129 consumptos
1844 1088 1944 1120 fuisse
1974 1093 2055 1120 totos
2086 1094 2223 1129 quatuor

1259 1143 1395 1164 menses.
1442 1133 1490 1164 Ac
1519 1136 1604 1163 certe
1635 1132 1753 1162 mirum
1783 1131 1846 1162 fuit
1873 1136 1939 1162 tam
1963 1131 2118 1172 exiguum
2142 1136 2224 1163 tem-

1259 1186 1320 1216 pus
1344 1176 1507 1207 sufficere:
1533 1174 1596 1205 nisi
1620 1174 1703 1214 quod
1728 1174 1929 1205 incredibilis
1954 1175 2131 1206 strenuitas
2155 1185 2223 1206 om-

1260 1219 1349 1249 nium
1374 1218 1559 1258 opinionem
1587 1218 1671 1255 vicit,
1695 1228 1794 1258 quum
1818 1217 1966 1249 certatim
1991 1217 2110 1258 singuli
2135 1218 2224 1249 inde-

1261 1261 1344 1292 fesso
1379 1261 1486 1292 labore
1521 1260 1560 1291 ad
1595 1270 1676 1300 opus
1710 1260 1955 1291 accelerandum
1990 1260 2223 1292 incumberent.

1262 1305 1304 1335 Et
1327 1304 1491 1344 probabile
1515 1309 1571 1340 est,
1596 1314 1634 1334 ex
1659 1313 1722 1343 quo
1735 1303 1825 1334 Deus
1849 1302 1958 1334 foedus
1981 1313 2074 1334 suum
2095 1304 2225 1344 pepige-

1261 1351 1326 1383 rat,
1364 1347 1474 1378 statim
1506 1347 1544 1377 de
1571 1346 1793 1382 tabernaculo,
1830 1345 1960 1385 eiusque
1991 1345 2224 1386 appendicibus

1260 1394 1431 1430 praecepta
1444 1389 1582 1420 dedisse:
1609 1400 1648 1419 ne
1661 1396 1798 1419 externa
1813 1388 1942 1429 pietatis
1961 1389 2123 1427 exercitia,
2142 1399 2224 1429 quae

1261 1432 1401 1463 vidimus
1424 1432 1523 1463 fuisse
1547 1431 1720 1463 admodum
1744 1431 1942 1468 necessaria,
1965 1431 2122 1471 populum
2146 1431 2224 1463 defi-

1259 1482 1378 1507 cerent.
1427 1474 1534 1515 Opere
1565 1481 1673 1506 autem
1703 1474 1864 1514 completo
1895 1474 2004 1505 iussus
2035 1479 2083 1505 est
2114 1479 2225 1514 postea

1259 1529 1370 1549 rursus
1385 1518 1491 1549 Moses
1514 1517 1666 1549 accedere
1688 1516 1727 1547 ad
1742 1517 1858 1557 Deum,
1882 1527 1954 1549 cum
1979 1516 2080 1547 fratre
2100 1517 2224 1556 Nadab,

1259 1561 1344 1592 Abiu
1375 1566 1407 1591 et
1437 1561 1647 1601 septuaginta
1671 1560 1866 1591 senioribus:
1898 1564 1929 1590 et
1953 1565 2024 1600 post
2042 1560 2150 1591 oblata
2173 1571 2224 1591 sa·

1258 1604 1393 1642 crificia,
1418 1603 1503 1634 nube
1526 1604 1649 1635 obiecta
1672 1608 1820 1643 receptus
1843 1608 1891 1634 cst
1914 1602 1954 1633 ad
1978 1602 2137 1634 familiare
2160 1603 2223 1634 col-

1259 1647 1402 1686 loquium
1427 1646 1505 1683 Dei,
1538 1646 1589 1677 ubi
1621 1646 1747 1677 circiter
1777 1645 2030 1686 sesquimensem
2055 1646 2222 1686 transegit.

1259 1690 1434 1727 Reversus,
1455 1689 1634 1720 defectione
1648 1688 1756 1729 populi
1770 1689 1908 1729 cognita,
1933 1692 2004 1728 post
2027 1688 2146 1719 editam
2167 1689 2223 1720 tri-

1258 1743 1313 1763 um
1333 1732 1469 1763 millium
1490 1737 1641 1772 stragem,
1667 1732 1788 1762 luctum
1810 1731 1926 1771 populo
1953 1731 2080 1762 indixit.
2115 1731 2223 1771 Quam

1259 1775 1445 1806 diuturnam
1478 1775 1615 1805 traxerit
1644 1785 1767 1805 moram
1799 1775 1959 1806 nescitur:
1992 1773 2155 1814 probabile
2178 1779 2225 1805 ta-

1259 1828 1333 1848 men
1358 1823 1406 1848 est
1430 1818 1544 1848 saltem
1568 1828 1668 1848 unum
1695 1828 1837 1848 mensem
1863 1817 2027 1848 effluxisse
2050 1822 2223 1857 antequam

1259 1866 1474 1891 revocaretur.
1521 1860 1590 1891 Iam
1616 1860 1771 1891 habemus
1806 1870 1904 1899 supra
1929 1870 2044 1890 novem
2079 1869 2224 1892 menses:

1260 1903 1390 1935 accedat
1423 1903 1654 1943 sesquimensis
1683 1913 1745 1942 quo
1775 1907 1922 1933 retentus
1952 1903 2014 1933 fuit
2044 1903 2077 1933 in
2105 1909 2224 1941 monte,

1259 1956 1323 1977 non
1354 1946 1466 1986 procul
1497 1946 1619 1977 erimus
1642 1956 1660 1976 a
1683 1946 1746 1976 fine
1769 1946 1854 1976 anni.
1901 1946 1993 1976 Tunc
2018 1956 2092 1976 vero
2111 1956 2145 1977 se
2168 1956 2224 1986 po-

1259 1989 1336 2029 pulo
1368 1989 1509 2019 restituit
1532 1989 1636 2019 Deus:
1662 1994 1757 2027 atque
1781 1988 1826 2019 ita
1850 1998 1925 2018 mox
1949 1994 2085 2028 sequuta
2108 1993 2156 2020 est
2179 1989 2224 2020 le-

1260 2032 1375 2071 gitima
1402 2031 1603 2063 tabernaculi
1634 2030 1807 2065 dedicatio,
1840 2041 1921 2070 quae
1951 2031 2037 2062 facta
2065 2036 2114 2062 est
2137 2041 2223 2063 anno

1259 2074 1414 2111 secundo,
1447 2075 1536 2105 initio
1567 2074 1663 2114 primi
1691 2074 1821 2104 mensis.
1869 2073 2038 2104 Celebrate
2062 2074 2224 2113 paschate,

1260 2117 1389 2157 signum
1420 2116 1627 2157 profectionis
1658 2116 1790 2146 taudem
1820 2116 1930 2146 datum
1961 2120 2024 2153 est,
2055 2115 2152 2156 idque
2174 2127 2224 2148 se-

1260 2159 1364 2191 eundo
1396 2169 1516 2190 mense.
1564 2158 1793 2198 Respondeant
1824 2168 1911 2189 nunc
1934 2158 2047 2196 velim,
2079 2159 2105 2189 si
2129 2160 2182 2198 qui
2206 2170 2224 2190 a

1260 2213 1310 2233 me
1335 2202 1540 2240 dissentiunt,
1564 2202 1618 2241 qui
1641 2202 1814 2232 conveniat
1836 2201 1962 2232 detecta
1985 2201 2094 2241 populi
2118 2208 2223 2234 trans—

1260 2245 1442 2286 gressione,
1482 2245 1592 2275 Mosen
1623 2243 1752 2274 demum
1784 2244 1926 2283 coepisse
1956 2244 1995 2274 ad
2024 2249 2224 2276 structuram

1260 2298 1313 2318 eos
1332 2287 1463 2325 hortari,
1488 2298 1585 2327 quum
1607 2287 1637 2317 iu
1663 2290 1729 2317 toto
1748 2287 1817 2318 eius
1841 2297 1991 2317 sermone
2011 2286 2100 2317 nulla
2123 2287 2224 2319 idolo-

1260 2330 1373 2361 latriae
1397 2331 1453 2361 fiat
1477 2330 1605 2360 mentio.
1648 2329 1745 2360 Certe
1767 2329 1917 2360 omnibus
1942 2329 2040 2369 probe
2063 2332 2223 2370 expensis,

1260 2383 1435 2413 agnoscere
1470 2378 1654 2412 promptum
1689 2372 1762 2408 erit,
1799 2373 1961 2412 integrum
1992 2372 2097 2404 adhuc
2126 2373 2225 2405 fuisse

1260 2416 1432 2455 populum,
1473 2415 1526 2445 ubi
1570 2420 1634 2445 tam
1671 2414 1819 2445 alacriter
1852 2425 1910 2445 sua
1943 2415 2012 2446 Deo
2047 2422 2222 2447 consecrat.

1261 2458 1324 2490 Sed
1354 2459 1409 2489 illo
1435 2458 1518 2498 quod
1543 2457 1639 2488 citavi
1664 2458 1764 2488 Mosis
1794 2458 1993 2495 testimonio,
2025 2463 2092 2489 tota
2115 2469 2226 2499 quaes-

1260 2502 1304 2532 tio
1328 2502 1406 2531 satis
1429 2500 1614 2541 expeditur,
1639 2505 1809 2540 autequam
1835 2501 1943 2531 Moses
1967 2512 2038 2532 cum
2063 2501 2223 2542 prioribus

1261 2544 1377 2575 tabulis
1401 2543 1627 2580 descenderet,
1652 2543 1748 2573 fuisso
1771 2544 2030 2574 tabernaculum:
2057 2544 2117 2575 nisi
2141 2545 2223 2575 forte

1261 2587 1433 2626 excipiant,
1454 2585 1543 2617 aliud
1563 2586 1660 2617 fuisse
1680 2591 1711 2615 et
1726 2585 1888 2616 diversum
1903 2586 1943 2617 ab
1960 2597 1996 2617 co
2016 2586 2099 2627 quod
2113 2592 2224 2627 postea

1261 2641 1299 2660 ex
1346 2629 1404 2659 Dei
1448 2628 1599 2659 mandato
1637 2629 1850 2668 compositum
1898 2629 1966 2660 fuit.
2031 2629 2102 2661 Hoc
2147 2641 2223 2662 vero
