2304 3034
96 171 157 202 189

96 264 232 295 tendunt
255 264 294 295 ad
319 264 550 304 corrumpenda
571 264 697 301 iudicia,
721 264 903 304 opponitur.
938 263 1060 294 Ultimo

97 307 239 347 exigitur
262 307 368 337 odium
393 307 562 338 avaritiae:
598 307 673 346 quia
702 306 783 336 nihil
816 306 918 345 magis
950 306 1059 344 aequi-

95 350 155 380 tati
189 351 384 380 contrarium
420 359 514 389 quam
548 349 628 379 lucri
666 348 833 388 cupiditas.
897 347 1059 386 Quoniam

96 398 202 423 autem
238 400 273 422 ut
305 392 481 431 plurimum
516 391 695 422 tenduntur
729 391 864 420 insidiae
888 390 1058 426 iudicibus,

95 436 200 466 oblato
224 442 368 474 quaestu,
403 445 465 465 non
488 435 567 464 satis
590 434 705 463 muniti
730 441 837 463 essent
860 440 972 463 contra
1001 433 1059 463 hoc

96 488 199 519 genus
233 477 436 516 corruptelae
463 477 524 507 nisi
559 476 729 506 avaritiam
761 486 799 505 ex
832 475 974 515 professo
1006 475 1059 505 de-

95 526 299 552 testarentur.

181 563 231 593 23.
269 562 304 592 Si
337 561 389 592 hoc
421 561 538 598 feceris
595 559 690 598 Quod
725 561 869 599 proxime
903 560 1058 599 sequitur,

96 605 303 645 Praeceperit
326 603 381 633 tibi
405 603 509 639 Deus,
541 603 748 633 coniunctum
774 603 835 642 legi
860 608 965 642 potest
986 612 1058 632 cum

96 649 187 679 initio
211 656 332 679 versus.
356 645 450 685 idque
468 645 539 676 vice
558 645 780 676 correctionis:
805 647 895 685 quasi
915 645 1058 676 modeste

98 691 206 722 [ethre
235 689 409 728 exciperet,
433 698 496 717 non
528 687 620 718 aliter
643 698 676 718 se
707 698 821 727 cupere
845 688 1058 727 obtemperari

96 744 153 764 suo
183 732 314 764 consilio
340 730 402 760 nisi
428 730 498 760 Deo
522 729 683 768 probetur.
729 730 794 760 Alii
821 731 917 761 latius
946 738 1057 761 exten-

96 775 190 806 dunt:
212 774 246 806 Si
260 774 368 804 Moses
381 773 465 803 iussa
480 773 540 803 Dei
554 773 585 802 iu
600 772 748 803 omnibus
761 779 924 812 sequatur,
940 779 1059 812 tempe-

95 824 278 849 ramentum
311 816 370 846 hoc
398 816 465 845 fore
489 815 575 846 utile.
622 815 754 846 Utrovis
785 816 879 846 modo
910 816 1057 855 accipias,

95 861 236 892 declarat
247 858 358 889 Iethro
381 857 463 888 nihil
488 857 569 888 velle
593 858 653 889 sibi
677 859 805 889 concedi
829 858 912 898 quod
933 868 1058 889 summo

95 904 156 934 Dei
178 902 311 941 imperio
336 901 479 940 deroget:
504 911 618 931 verum
643 901 723 931 nihil
748 901 874 931 obstare
887 902 1058 940 quominus

95 947 203 977 Moses
223 944 269 986 (ut
289 949 382 973 antea
405 944 517 973 solitus
530 943 611 984 erat)
631 944 737 974 Deum
762 950 916 983 sequatur
935 944 1056 981 ducem,

95 994 127 1019 et
149 994 255 1019 tamen
280 986 442 1026 proposita
465 986 525 1016 sibi
549 987 673 1016 ratione
697 993 816 1017 utatur.
862 987 956 1017 Hanc
983 997 1057 1016 vero

95 1030 301 1070 temporalem
336 1039 405 1059 esse
438 1029 615 1068 significat,
651 1039 750 1068 quum
785 1028 873 1059 addit
902 1029 1056 1068 populum

94 1075 126 1104 in
151 1083 225 1113 pace
249 1071 299 1101 vel
323 1081 472 1110 prospere
492 1077 666 1102 venturum
690 1083 759 1102 esse
783 1072 815 1101 in
840 1078 959 1102 terram
974 1071 1058 1102 Cha-

95 1126 187 1146 naan.
238 1114 348 1145 Noluit
379 1114 479 1153 igitur
509 1114 618 1145 Iethro
649 1115 752 1154 legem
784 1116 917 1154 posteris
942 1115 1055 1154 figere:

94 1158 148 1190 sed
167 1157 268 1197 quoad
289 1157 429 1196 quietam
450 1157 621 1187 stationem
646 1157 779 1196 adeptus
804 1164 888 1188 esset
908 1157 1056 1196 populus,

91 1200 267 1232 remedium
289 1199 513 1239 praesentibus
532 1200 754 1236 incommodis,
775 1206 869 1239 atque
890 1200 938 1240 (ut
958 1199 1056 1239 vulgo

91 1242 279 1283 loquuntur)
302 1241 432 1272 modum
453 1243 673 1281 promissionis
693 1243 842 1273 ostendit.

176 1286 223 1316 24.
254 1285 391 1315 Obedivit
405 1284 514 1315 Moses.
552 1285 725 1325 Singulare
745 1285 921 1315 modestiae
945 1295 1055 1315 exem-

91 1329 190 1369 plum,
214 1328 297 1367 quod
313 1328 420 1358 Moses
444 1328 545 1358 soceri
569 1328 702 1358 consilio
727 1328 916 1358 submittere
941 1338 974 1358 sc
991 1338 1054 1358 non

92 1378 256 1412 gravatur.
314 1371 384 1401 Etsi
425 1371 510 1400 enim
548 1376 652 1401 aetate
686 1377 717 1401 et
751 1371 918 1401 affinitatis
952 1371 1056 1409 gradu

92 1415 235 1454 superior
265 1419 334 1443 erat
356 1413 484 1449 Iethro,
517 1413 588 1444 aliis
612 1420 719 1443 tamen
750 1413 929 1444 rationibus
960 1413 1054 1453 longe

91 1462 161 1488 erat
183 1456 324 1487 inferior.
360 1454 454 1494 Quod
473 1466 548 1496 ergo
568 1456 636 1486 eius
655 1456 820 1486 autoritati
840 1456 922 1487 cedit
936 1456 1053 1492 Moses,

91 1500 225 1531 summis
259 1499 436 1538 quibusque
474 1503 506 1529 et
546 1499 833 1538 praestantissimis
874 1498 1055 1530 doctoribus

92 1542 195 1582 legem
215 1542 413 1581 praeseribit,
438 1552 476 1571 ne
495 1552 609 1581 parere
629 1544 809 1572 detrectent
828 1552 936 1572 eorum
952 1542 1052 1571 moni-

92 1584 233 1616 tionibus
257 1595 334 1624 quos
358 1590 445 1614 recta
469 1585 653 1623 praecipere
684 1590 875 1623 agnoscunt:
907 1584 1054 1623 quamvis

91 1638 156 1658 non
175 1632 265 1657 tanta
284 1627 443 1667 dignitate
461 1628 526 1657 sint
544 1626 690 1666 praediti.
718 1627 804 1657 Vere
817 1628 901 1657 enim
917 1627 1053 1667 Cypria-

92 1680 153 1701 nus
187 1670 348 1700 neminem
390 1669 508 1700 bonum
549 1679 618 1700 esse
659 1669 820 1700 doctorem
863 1670 1055 1709 pronunciat

93 1713 147 1752 qui
180 1723 243 1743 non
278 1712 361 1743 idem
396 1713 439 1743 sit
472 1712 593 1743 docilis.
650 1712 743 1750 Quod
780 1713 909 1743 domum
945 1713 1053 1743 statim

91 1755 186 1786 rediit
205 1765 314 1791 senex,
335 1766 398 1785 non
417 1760 614 1794 contemptu,
633 1755 683 1785 vel
704 1755 821 1785 laboris
841 1762 871 1785 et
887 1755 1054 1785 molestiae

92 1798 206 1833 taedio,
230 1798 285 1828 sed
310 1798 424 1829 aetatis
447 1799 653 1828 excusatione
677 1798 796 1828 factum
817 1808 886 1829 csse
905 1797 1055 1829 credibile

93 1848 149 1871 est.
188 1840 307 1871 Filium
332 1846 441 1871 tamen
464 1841 497 1870 in
521 1841 635 1872 castris
658 1840 831 1878 mansisse,
865 1846 975 1881 postea
998 1851 1055 1871 suo

91 1883 159 1914 loco
182 1883 371 1914 videbimus.

311 2028 374 2059 EX
397 2028 593 2059 DEUTER.
617 2028 783 2059 CAPITE
808 2028 832 2058 I.

191 2096 436 2127 REPE'PITIO
460 2095 669 2128 EIUSDEM
693 2095 957 2128 HISTORIAE.

178 2180 206 2211 9.
240 2180 320 2211 Dim
353 2181 436 2212 vobis
469 2182 499 2212 in
534 2184 666 2221 tempore
697 2182 766 2219 illo,
807 2182 949 2213 diceudo:
985 2181 1055 2212 Non

91 2231 219 2260 possum
251 2223 333 2254 solus
368 2224 448 2261 ferre
479 2235 540 2255 vos.
598 2225 645 2255 lo.
689 2224 802 2255 Iehova
835 2224 923 2255 Deus
960 2227 1056 2255 vester

96 2263 307 2302 multiplicavit
328 2276 393 2304 vos,
423 2268 467 2297 ita
498 2270 531 2297 ut
552 2267 624 2297 sitis
646 2267 733 2298 hodie
755 2268 833 2297 sicut
854 2267 959 2297 stellae
982 2267 1054 2298 coeli

97 2306 130 2336 iu
157 2306 355 2339 multitudiue.
403 2309 449 2339 11.
481 2308 594 2340 Zeliova
617 2309 706 2341 Deus
731 2313 860 2348 patrum
886 2313 1055 2340 vestrorum

98 2348 193 2379 addat
216 2358 305 2387 super
326 2360 379 2381 vos
400 2352 477 2382 sicut
495 2353 576 2387 estis
600 2352 683 2382 mille
706 2352 830 2389 vicibus,
854 2355 880 2383 ct
902 2352 1056 2383 benedicat

98 2390 180 2421 vobis
202 2392 451 2429 quemadmodum
472 2395 615 2433 loquutus
637 2398 680 2425 est
696 2395 787 2425 vobis.
831 2395 878 2425 12.
902 2395 1054 2434 inomodo

97 2432 198 2472 feram
220 2432 302 2463 solus
320 2434 450 2466 laborem
471 2440 611 2470 vestrum.
637 2441 663 2467 et
681 2448 758 2469 auus
778 2440 917 2474 restrum,
942 2440 968 2468 ct
987 2437 1055 2468 lites

98 2478 226 2505 vestras.
273 2475 320 2506 13.
345 2476 426 2508 Date
448 2488 483 2508 ez
504 2479 587 2510 vobis
609 2480 691 2510 viros
720 2481 874 2518 sapientes
897 2483 922 2511 et
945 2480 1055 2511 intelli-

97 2520 212 2557 9eutes,
242 2520 269 2547 et
292 2519 408 2556 peritos
427 2519 447 2560 ¹)
469 2531 483 2551 e
504 2522 641 2553 tribubus
665 2523 785 2561 vestris,
815 2525 849 2553 ut
870 2522 1054 2561 praeficiam

168 2609 195 2642 1)
216 2610 357 2643 Princeps.-
375 2615 459 2638 notos.

643 169 1009 202 COMMENTARIUS
1034 169 1083 200 IN
1106 169 1255 200 EXODI
1279 170 1376 202 CAP.
1401 170 1531 202 XVIII.

2016 171 2077 202 190

1112 263 1181 294 ‘illos
1203 263 1294 295 robis.
1343 264 1390 294 14.
1418 263 1460 294 Et
1488 264 1688 302 respondistis
1714 263 1791 294 φηίῖιιῖ
1820 265 1909 302 atque
1933 263 2077 294 diri-stis.-

1084 303 1086 314 ’
1111 305 1206 336 Bona
1228 317 1276 336 ros
1299 310 1341 337 est
1364 317 1456 345 quam
1479 306 1588 336 dia-isa·
1608 309 1640 336 ut
1661 306 1826 345 faciamus.
1870 305 1917 336 15.
1945 305 2077 344 'salique

1085 370 1086 373 η
1106 349 1264 387 principes
1286 349 1418 379 trilmmn
1442 351 1622 385 reslrarmn,
1646 349 1728 379 viros
1746 349 1899 386 sapientes
1916 351 1941 378 ct
1958 349 2077 386 peritos

1112 401 1147 421 ac
1165 392 1304 421 consumi·
1324 402 1372 422 cos
1385 392 1544 430 principes
1563 402 1656 430 super
1675 401 1735 427 vos,
1758 391 1904 425 tribmzos.
1928 394 1953 421 et
1976 394 2076 422 centu-

1111 433 1221 464 riones.
1245 437 1271 464 ct
1292 434 1582 473 q11i12q21c1510na1-ins‚
1606 437 1632 464 et
1650 434 1836 466 decuriones.
1860 436 1888 464 et
1904 434 2076 472 praefectos

1111 475 1248 506 tribubus
1270 478 1387 507 restris.
1432 477 1478 507 16.
1504 477 1604 514 Atque
1621 476 1768 515 praecepi
1792 475 1944 506 iudicibus
1967 477 2076 508 vestris

1110 520 1243 556 tempore
1267 519 1334 555 illo,
1358 519 1497 549 diceudo:
1522 519 1636 549 Audite
1659 519 1739 549 inter
1760 519 1875 557 fratres
1897 521 2026 556 vestros,
2048 521 2076 549 et

1111 561 1244 590 'indicam
1267 561 1346 591 'iuste
1370 562 1447 591 inter
1473 562 1575 591 virum
1599 564 1624 591 ct
1652 562 1782 600 fratrem
1809 570 1915 596 suum,
1944 564 1970 591 et
1997 562 2075 592 inter

1105 604 1303 642 peregyrinum
1326 604 1400 634 cius.
1450 604 1496 634 17.
1530 604 1600 634 Nou
1623 604 1789 643 aynoscetis
1815 603 1927 642 faciem
1952 604 1984 633 in
2006 604 2075 642 ‘ipso

1112 645 1242 675 iudicio:
1272 646 1349 676 siem
1367 656 1518 684 parrum,
1552 647 1595 676 sic
1625 650 1653 676 et
1674 655 1820 685 maynum
1841 646 1991 676 audietz’s:
2013 656 2073 677 uon

1110 688 1252 718 timebitis
1275 698 1294 718 a
1313 689 1392 726 facie
1420 690 1617 727 cuiusquam,
1646 689 1721 727 qaia
1751 688 1902 719 iudicium
1926 688 1989 719 Dei·
2012 692 2073 719 cst:

1110 740 1171 760 rem
1196 733 1297 760 crutam
1320 741 1398 769 «prae
1417 732 1543 769 ⁴qrarz'or
1564 732 1621 762 erit
1641 730 1735 768 vobis,
1759 730 1895 769 referetis
1910 731 1952 761 ad
1969 741 2023 767 mc,
2047 733 2074 762 et

1110 773 1239 803 audiam
1266 774 1360 803 illam.
1416 773 1462 803 18.
1501 773 1706 813 Praeccpiwe
1740 772 1823 804 vobis
1857 775 1987 813 tempore
2020 774 2073 804 illo

1110 816 1212 846 omnia
1237 826 1314 854 quae
1335 817 1436 854 fascem
1458 816 1611 846 deberetis.

1195 901 1223 931 9.
1245 900 1325 930 Diri
1338 900 1419 930 vobis
1431 901 1461 930 in
1475 903 1613 939 tempore.
1644 900 1707 932 Hic
1727 911 1789 930 non
1809 900 1922 931 recitat
1942 900 2072 930 aliunde

1110 950 1298 983 suggestum
1324 943 1382 974 sibi
1407 942 1506 973 fuisse
1530 943 1696 974 consilium
1721 943 1760 973 de
1783 942 1940 973 iudicibus
1963 953 2074 973 crean-

1110 986 1173 1017 dis:
1198 986 1334 1016 fortassc
1358 987 1433 1025 quia
1452 986 1537 1025 apud
1558 985 1711 1024 superbos
1730 991 1761 1016 et
1784 986 1980 1025 praefractos
2005 985 2075 1015 nul-

1109 1029 1175 1059 lum
1195 1028 1337 1068 proferre
1359 1039 1476 1058 nomen
1495 1039 1592 1058 ausus
1612 1034 1669 1063 est,
1694 1038 1733 1058 ne
1757 1039 1822 1058 rem
1848 1028 1967 1067 alioqui
1990 1028 2072 1067 opti-

1107 1082 1194 1101 mam
1218 1070 1289 1101 odio
1313 1072 1514 1111 alienigenae
1538 1072 1658 1101 autoris
1678 1075 1874 1110 respuerent.
1909 1071 1976 1101 Nec
1995 1081 2072 1101 vero

1109 1113 1242 1144 dubium
1267 1120 1315 1144 est
1338 1115 1414 1153 quin
1439 1124 1522 1144 nunc
1548 1120 1710 1144 recenseat
1738 1113 1820 1152 quod
1851 1113 1939 1152 prius
1967 1113 2072 1144 fuerat

1081 1160 1083 1195 ξ
1108 1163 1245 1197 gestum.
1283 1157 1381 1196 Ergo.
1406 1161 1559 1195 tanquam
1583 1167 1622 1186 cx
1646 1156 1774 1195 proprio
1798 1166 1903 1192 sensu,
1928 1160 2070 1192 excusat,

1109 1200 1199 1230 oneri
1223 1209 1256 1229 se
1280 1210 1349 1229 esse
1372 1199 1529 1238 imparem
1553 1199 1578 1228 si
1603 1198 1689 1229 solus
1713 1199 1833 1238 praesit
1856 1198 1915 1228 toti
1943 1198 2069 1237 populo.

1110 1241 1250 1273 Causam
1285 1241 1415 1272 adducit
1444 1241 1527 1280 quod
1559 1241 1717 1271 immensa
1744 1241 1785 1271 sit
1815 1240 2003 1277 multitudo,
2036 1241 2070 1271 in

1109 1295 1171 1324 qua
1195 1295 1324 1316 necesse
1348 1285 1389 1314 sit
1412 1283 1546 1314 subinde
1570 1284 1644 1314 oriri
1666 1283 1784 1314 multas
1800 1283 1873 1314 lites
1892 1287 1924 1313 et
1942 1288 2070 1314 contro-

1110 1328 1240 1358 versias.
1285 1327 1379 1365 Quod
1404 1332 1510 1357 autem
1535 1326 1611 1357 dicit
1634 1332 1744 1356 auctos
1768 1337 1851 1363 esse,
1880 1336 1946 1356 non
1976 1325 2071 1356 debet

1109 1370 1236 1400 initium
1269 1370 1423 1409 temporis
1453 1369 1535 1400 sumi
1565 1370 1603 1399 ab
1634 1379 1778 1407 egressu,
1814 1368 1868 1399 sed
1900 1378 2008 1398 raram
2038 1373 2070 1398 et

1109 1413 1330 1443 incredibilem
1366 1412 1428 1443 Dei
1462 1412 1599 1451 gratiam
1634 1411 1852 1447 commendat,
1893 1411 1976 1450 quod
2010 1411 2069 1442 sub

1109 1466 1206 1486 saeva
1231 1455 1420 1495 tyrannide,
1448 1465 1545 1494 quum
1570 1453 1782 1484 internecioni
1812 1453 1929 1483 addicti
1952 1457 2069 1491 essent,

1108 1504 1276 1538 tantopere
1300 1503 1519 1528 excreverant.
1556 1497 1596 1527 Et
1616 1496 1832 1536 precationem
1857 1495 2012 1535 adiungit,
2032 1501 2069 1526 ut

1107 1541 1140 1571 in
1164 1541 1309 1571 futurum
1334 1550 1458 1579 quoque
1478 1545 1604 1579 tempus
1623 1539 1732 1569 eadem
1753 1538 1932 1569 benedictio
1952 1539 2067 1578 vigeat.

1107 1583 1236 1622 Quibus
1260 1590 1369 1614 tamen
1393 1582 1500 1613 verbis
1531 1583 1696 1619 admonet,
1720 1581 1834 1611 molem
1865 1580 2068 1621 gubernandi

1106 1627 1139 1656 in
1160 1626 1227 1656 dies
1247 1626 1350 1665 magis
1370 1625 1501 1656 arduam
1522 1626 1589 1655 fore
1610 1630 1641 1654 ct
1661 1634 1845 1654 onerosam:
1865 1633 1926 1662 quo
1945 1623 2068 1654 facilius

1107 1668 1312 1708 persuadeat,
1345 1675 1470 1698 mature
1501 1666 1737 1698 decernendum
1772 1677 1840 1697 esse
1864 1665 1948 1705 quod
1972 1666 2068 1697 vitari

1106 1711 1235 1742 taudem
1259 1722 1324 1742 non
1344 1715 1458 1750 posset.

1193 1754 1241 1785 13.
1267 1754 1349 1784 Date
1371 1764 1408 1784 ca:
1430 1752 1521 1783 robis.
1568 1752 1653 1782 Hinc
1682 1751 1800 1782 clarius
1830 1756 1979 1790 apparet,
2003 1761 2067 1782 non

1107 1798 1205 1828 unius
1240 1797 1340 1827 Mos-is
1375 1796 1507 1827 arbitrio
1553 1802 1676 1825 creatos
1716 1795 1827 1831 fuisse,
1868 1793 1923 1824 sed
1957 1794 2068 1833 populi

1107 1840 1270 1880 suffragiis
1311 1839 1427 1870 electos
1467 1837 1520 1877 qui
1555 1836 1680 1867 iudiciis
1713 1841 1906 1876 praeessent.
1961 1837 2069 1876 Atque

1107 1883 1186 1913 haec
1209 1883 1349 1912 maxime
1372 1881 1522 1921 optabilis
1545 1886 1592 1911 est
1617 1880 1755 1913 libertas,
1779 1890 1841 1909 non
1861 1879 1930 1918 cogi
1949 1889 2008 1909 nos
2027 1879 2067 1909 ad

1108 1925 1287 1965 parendum
1311 1924 1524 1964 quibuslibet,
1558 1923 1584 1953 si
1608 1933 1665 1962 per
1695 1922 1758 1952 vim
1782 1921 1923 1961 impositi
1946 1921 2068 1952 fuerint

1109 1969 1226 1999 nostris
1245 1967 1420 2007 capitibus:
1445 1966 1499 1996 sed
1519 1965 1707 1996 electionem
1727 1964 1894 2004 permittit,
1919 1968 1955 1993 ut
1972 1974 2067 1995 nemo

1108 2011 1291 2041 dominetur
1317 2010 1376 2040 nisi
1401 2010 1454 2048 qui
1479 2008 1630 2048 probatus
1652 2008 1757 2038 fuerit.
1804 2006 1896 2044 Quod
1920 2007 2067 2046 sequenti

1108 2065 1203 2084 versu
1238 2053 1352 2083 melius
1392 2052 1613 2087 confirmatur,
1655 2050 1706 2080 ubi
1748 2054 1858 2079 narrat
1891 2049 1998 2079 Moses
2032 2060 2066 2080 se

1108 2101 1310 2135 exspectasse
1329 2095 1436 2134 populi
1455 2104 1655 2129 eonsensum,
1676 2102 1733 2122 nec
1749 2091 1921 2131 quidquam
1935 2102 2065 2131 aggres-

1107 2149 1177 2169 sum
1202 2149 1271 2169 esse
1294 2138 1376 2177 quod
1407 2148 1470 2167 non
1501 2136 1647 2167 omnibus
1676 2135 1824 2174 placeret.
1870 2134 1971 2164 Porro
2001 2144 2066 2164 non

1108 2183 1235 2212 easdem
1260 2185 1405 2212 recenset
1428 2180 1579 2216 virtutes,
1613 2188 1747 2217 quarum
1771 2177 1852 2207 facta
1874 2180 1923 2206 est
1945 2176 2066 2206 mentio

1108 2224 1213 2255 Exodi
1239 2224 1286 2254 18.
1311 2223 1366 2254 sed
1391 2222 1493 2253 tribus
1517 2221 1620 2252 solum
1644 2220 1754 2259 elogiis
1777 2218 1897 2249 iudices
1921 2218 2064 2258 insignit,

1107 2278 1222 2306 nempe
1246 2272 1279 2297 ut
1303 2267 1368 2297 sint
1391 2264 1572 2304 prudentes,
1597 2269 1627 2294 ct
1650 2262 1875 2301 intelligentes,
1900 2266 1931 2291 et
1953 2261 2064 2300 periti:

1106 2321 1187 2349 quae
1217 2310 1325 2339 omnia
1353 2309 1386 2338 in
1416 2318 1516 2338 unum
1547 2311 1643 2345 caput
1673 2306 1833 2341 recidunt,
1866 2308 1900 2333 ut
1924 2303 2065 2342 polleant

1106 2353 1229 2392 ingenii
1260 2352 1424 2387 acumine,
1455 2356 1486 2380 et
1513 2348 1682 2388 prudentia
1704 2358 1785 2387 quae
1806 2356 1865 2376 usu
1889 2350 1919 2376 et
1943 2347 2064 2377 exerci-

1107 2395 1228 2425 tatione
1266 2395 1456 2424 confirmata
1489 2392 1539 2422 sit.
1595 2391 1705 2429 Neque
1739 2390 1822 2419 enim
1857 2387 1897 2419 ad
1931 2388 2064 2428 regendi

1106 2448 1225 2467 munus
1249 2437 1409 2468 sufficeret
1426 2434 1476 2465 vel
1496 2444 1622 2465 summa
1640 2432 1789 2471 probitas,
1814 2431 1865 2461 vel
1888 2430 2063 2471 diligentia,

1106 2481 1131 2511 si
1152 2481 1278 2511 abesset
1296 2478 1424 2509 solertia
1443 2482 1473 2507 et
1493 2476 1656 2516 sagacitas.
1686 2474 1832 2505 Primum
1853 2484 1927 2504 vero
1946 2484 2065 2504 nomen

1107 2522 1189 2562 quod
1210 2522 1352 2552 Hebraei
1376 2531 1469 2559 saepe
1492 2520 1525 2549 in
1549 2518 1665 2548 malam
1690 2522 1811 2556 partem
1836 2526 1892 2555 pro
1914 2516 2015 2546 vafris
2032 2522 2064 2547 et

1107 2565 1223 2595 astutis
1235 2565 1406 2604 accipiunt,
1427 2563 1477 2593 hic
1497 2566 1606 2592 acutos
1625 2564 1658 2590 et
1676 2560 1874 2599 perspicaces
1893 2558 2062 2598 significat.

1080 2620 1082 2645 1
1109 2607 1259 2639 Secundo
1283 2606 1456 2646 prudentes
1480 2604 1531 2635 vel
1565 2608 1650 2634 recto
1678 2602 1796 2633 iudicio
1818 2607 1851 2632 et>
1872 2600 2064 2632 discretione
