2304 3034
172 184 231 215 131

171 278 234 310 ciat
260 277 349 307 Deus
380 278 540 305 mutatum
575 274 613 304 iri
643 283 698 304 cor
729 272 919 310 Pharaonis,
955 283 994 303 ne
1029 272 1139 313 populi

175 321 297 352 exitum
327 317 496 356 impediat,
532 316 587 347 sed
621 315 690 347 eius
720 316 766 347 rei
800 326 897 356 quam
933 315 1140 355 pertinaciter

176 366 364 403 negaverat,
400 359 484 390 ultro
519 359 585 389 fore
619 357 781 398 cupidum.
834 358 872 389 Id
904 359 990 388 enim
1024 362 1141 389 sonant

176 405 286 437 verba:
311 403 384 433 Non
407 401 502 432 modo
515 412 572 432 vos
596 401 747 439 dimittet,
767 401 822 432 sed
847 401 978 432 omnino
991 400 1140 440 expellet.

175 448 258 479 Nam
283 456 395 476 eorum
415 444 631 484 praesentiam
651 443 831 475 exhorrens
850 443 962 474 sedulo
982 454 999 474 e
1017 454 1076 474 sua
1094 443 1141 473 di-

177 490 263 521 tione
287 488 403 528 abegit.

262 532 290 562 2.
323 531 458 569 Loquere
486 539 565 560 nunc
594 531 626 560 in
651 529 780 560 auribus
797 528 918 569 populi.
971 528 1074 559 Iterat
1104 528 1142 559 de

175 573 354 615 spoliandis
378 572 550 613 Aegyptiis
576 572 777 609 mandatum,
809 572 899 602 cuius
923 572 1016 602 tertio
1040 572 1143 611 eapite

176 618 260 648 faeta
284 616 344 647 fuit
368 617 499 646 mentio.
544 615 657 654 Neque
680 615 766 645 enim
790 615 869 645 satis
892 614 962 645 Deo
986 614 1048 644 fuit
1071 625 1143 645 suos

178 660 302 700 eripere
337 669 354 689 a
387 669 482 689 saeva
511 657 700 698 tyrannide,
735 658 793 689 snb
824 667 886 697 qua
917 657 970 687 vix
994 657 1143 696 spiritum

177 703 294 734 misere
319 701 493 732 trahebant
516 701 546 731 in
569 711 687 740 magna
708 700 844 740 penuria
861 704 893 730 et
912 704 1064 740 egestate,
1083 700 1145 730 nisi

179 756 232 777 eos
257 745 368 785 opibus
392 744 482 784 large
507 743 640 774 ditaret:
664 753 700 773 ac
723 743 750 774 si
774 753 813 773 ex
837 742 983 773 hostibus
1006 742 1145 773 subactis

180 788 338 820 referrent
363 787 540 826 praemium
566 787 728 817 victoriae.
774 786 888 825 Itaque
912 785 950 815 ad
982 785 1146 825 singulare

181 832 299 871 alioqui
324 830 513 861 beneficium
535 829 586 859 hic
605 829 756 861 cumulus
776 829 919 865 accessit,
940 828 1024 867 quod
1044 828 1146 867 splen-

182 874 254 904 dide
278 873 384 904 ornati
408 878 440 903 et
464 872 605 912 pretiosa
632 872 833 912 supellectile
856 871 965 902 onusti
989 871 1146 901 abierunt.

183 916 352 956 Quomodo
383 920 490 946 autem
522 915 679 945 Israelitis
710 914 852 952 licuerit,
883 913 943 944 sub
980 919 1148 953 praetextu

183 959 384 991 commodato
413 958 552 998 petendi,
578 968 654 988 vasa
685 968 783 988 aurea
807 962 839 988 et
862 962 1017 997 argentea
1040 967 1147 988 secum

183 1002 324 1039 auferre,
360 1008 434 1032 ante
464 1001 683 1040 exposuimus.
739 1000 813 1032 Una
847 1006 933 1031 certo
964 998 1027 1029 Dei
1058 1005 1147 1030 auto-

182 1046 261 1076 ritas
288 1055 305 1075 a
337 1044 414 1074 furti
438 1049 469 1074 et
495 1044 558 1074 doli
582 1043 658 1073 mali
682 1043 816 1074 erimine
841 1053 894 1074 eos
918 1041 1064 1073 absolvit.
1109 1041 1148 1072 In

181 1088 243 1119 Dei
273 1092 380 1118 autem
410 1087 498 1117 iussu
533 1086 706 1126 quidquam
736 1096 869 1125 carpere
899 1085 950 1116 Vel
976 1084 1147 1124 reprehen-

181 1130 274 1167 dere,
309 1130 432 1160 nemini
461 1129 645 1160 mortalium
679 1129 726 1159 fas
755 1130 833 1159 erit:
868 1139 931 1159 non
957 1128 1051 1158 modo
1074 1128 1149 1167 quia

181 1184 279 1213 supra
302 1183 414 1203 omnes
438 1172 525 1213 leges
544 1178 591 1203 est
611 1173 680 1202 eius
700 1171 883 1211 imperium,
908 1170 963 1201 sed
988 1171 1061 1210 quia
1080 1171 1148 1201 eius

180 1217 330 1247 voluntas
363 1215 594 1255 perfectissima
624 1221 671 1245 est
702 1214 810 1255 legum
845 1214 990 1245 omnium
1027 1224 1146 1244 norma.

180 1260 292 1299 Neque
321 1259 405 1289 enim
438 1257 508 1288 ideo
540 1268 556 1287 a
589 1258 657 1297 lege
682 1258 836 1288 immunis
865 1262 912 1288 est
945 1257 1032 1287 Deus
1064 1256 1147 1296 quod

182 1313 255 1333 eum
280 1301 415 1332 delectet
440 1300 589 1331 effraenis
614 1304 768 1340 potestas:
794 1299 848 1331 sed
873 1299 947 1339 quia
971 1300 1003 1329 10
1028 1300 1147 1339 perfec—

183 1345 269 1375 tione
294 1353 402 1374 tantae
426 1344 569 1374 iustitia<¹
593 1343 682 1374 nulla
705 1343 776 1383 lege
800 1354 880 1382 opus
904 1348 960 1373 est.
997 1342 1069 1373 Etsi
1093 1353 1148 1373 au·

182 1394 247 1419 tem
267 1387 434 1418 excusatio
447 1398 542 1426 quam
564 1387 703 1417 afferunt
719 1385 876 1423 nonnulli,
898 1385 1032 1415 rationis
1045 1385 1148 1416 colore

183 1442 246 1461 000
268 1440 399 1469 prorsus
416 1436 511 1467 earet,
537 1428 725 1459 durissimos
744 1428 870 1459 labores
890 1439 968 1468 quos
982 1427 1149 1469 tyrannice

184 1480 359 1512 exegerant
380 1472 534 1513 Aegyptii
558 1472 665 1512 aliqua
689 1471 836 1503 mercede
856 1471 955 1502 fuisse
975 1470 1098 1511 dignos,
1119 1475 1150 1501 et

184 1516 255 1547 ideo
280 1517 348 1545 iure
372 1515 479 1546 Deum
502 1515 568 1546 suis
593 1515 776 1555 permisisse
800 1520 832 1545 ut
854 1513 1150 1554 compensationem

185 1560 361 1599 exigerent,
381 1569 443 1598 qua
462 1558 582 1589 iniuste
602 1557 719 1597 alioqui
740 1562 847 1588 essent
860 1557 1019 1587 fraudati:
1039 1556 1077 1587 ad
1092 1556 1150 1587 has

184 1607 292 1632 tamen
313 1603 456 1641 argutias
476 1601 650 1641 confugere
670 1610 800 1631 necesse
821 1611 882 1631 non
903 1604 965 1630 est:
990 1599 1067 1639 quia
1085 1599 1150 1630 suf-

186 1646 280 1676 ficere
312 1644 404 1675 debet
432 1644 626 1683 principium
656 1643 735 1673 illud
764 1643 848 1683 quod
874 1642 950 1673 alibi
976 1643 1151 1682 posuimus,

186 1688 292 1718 Deum
318 1687 352 1717 in
376 1687 467 1718 cuius
492 1697 591 1717 manu
615 1691 690 1717 sunt
714 1687 794 1717 fines
814 1691 929 1721 terrac,
954 1696 1011 1725 pro
1031 1696 1088 1716 suo
1105 1695 1152 1715 ar-

184 1730 281 1761 bitrio
295 1729 451 1769 dissipare
471 1736 501 1760 et
522 1738 666 1760 evertere
686 1739 794 1769 regna,
816 1734 846 1759 et
866 1732 993 1759 mutare
1007 1728 1152 1768 gentium

185 1773 340 1809 ditiones,
372 1771 488 1803 nedum
521 1772 662 1812 privatas
683 1771 815 1803 divitias
845 1777 875 1801 ot
899 1771 1153 1811 suppellectilem

185 1816 230 1847 ita
254 1816 368 1855 partiri
393 1821 427 1845 ut
447 1815 526 1845 alios
546 1815 727 1854 locupletet,
752 1815 831 1845 alios
850 1814 888 1844 ad
909 1814 1049 1854 inopiam
1070 1813 1152 1844 redi-

187 1864 250 1899 gat.
275 1858 378 1889 Dives
405 1864 435 1888 et
462 1868 585 1898 pauper
611 1857 728 1899 (iuquit
757 1857 898 1893 Solonio,
925 1857 1022 1888 PrOV.
1042 1857 1091 1894 22,
1111 1855 1152 1897 2),

187 1906 300 1932 mutuo
322 1900 381 1931 sibi
401 1905 588 1932 occurrunt:
619 1906 790 1940 utrumque
809 1899 899 1930 Deus
919 1900 1048 1930 creavit.
1073 1899 1153 1938 Qui-

187 1945 247 1975 bus
272 1944 379 1975 verbis
402 1943 571 1984 significat,
598 1943 631 1973 10
653 1942 781 1973 diversa
801 1943 1016 1982 permixtione
1035 1953 1154 1982 paupe-

188 1998 261 2018 rum
282 1993 313 2017 et
333 1986 471 2017 divitum
496 1996 631 2026 regnare
651 1985 712 2016 Dei
734 1985 979 2025 providentiam.
1015 1984 1109 2024 Quod
1128 1984 1155 2016 si

188 2029 313 2060 furtum
335 2029 452 2059 ablatio
471 2036 519 2060 est
538 2029 584 2059 rei
603 2028 744 2065 alienae,
771 2039 852 2068 quae
878 2028 947 2058 Deo
973 2027 1092 2068 placuit
1116 2026 1155 2058 ad

190 2084 264 2103 suos
287 2072 472 2109 transferre,
494 2072 599 2103 aliena
619 2071 743 2102 censeri
763 2082 827 2102 0οο
847 2070 973 2102 debent.
1016 2070 1109 2110 Quod
1129 2070 1156 2101 si

191 2116 260 2146 iure
281 2115 355 2146 belli
370 2114 545 2146 victoribus
564 2114 638 2145 lieet
651 2114 753 2154 spolia
766 2124 806 2144 ex
826 2113 974 2145 hostibus
995 2113 1155 2154 colligere,

191 2168 248 2188 cur
267 2159 374 2188 011005
395 2158 521 2189 licuisse
535 2157 604 2188 Deo
618 2157 801 2197 putabimus
815 2157 846 2187 in
867 2156 1055 2197 Aegyptios,
1078 2167 1157 2195 quos

192 2201 301 2231 decem
322 2200 505 2241 insignibus
519 2200 647 2240 praeliis
667 2200 797 2236 vicerat,
818 2204 990 2239 antequam
1010 2198 1049 2229 ad
1069 2199 1156 2230 dedi-

192 2244 313 2274 tionem
354 2243 505 2284 eogeret‘?
562 2243 631 2273 Iam
673 2242 711 2273 de
752 2246 922 2282 praetextu
957 2241 1156 2273 commodato

191 2286 321 2326 petendi
340 2287 442 2317 facilis
465 2292 513 2317 est
537 2286 712 2325 responsio.
758 2285 870 2325 Neque
896 2285 980 2315 enim
1003 2285 1156 2315 mentitae

192 2335 268 2360 sunt
292 2329 489 2360 Israelitieae
513 2329 660 2367 feminae,
685 2339 761 2359 vasa
785 2328 816 2358 in
840 2339 934 2358 usum
957 2327 1157 2359 sacrificandi

193 2372 352 2411 rogando:
383 2372 533 2411 quoniam
566 2372 609 2402 510
634 2376 841 2411 praeceperat
864 2370 969 2407 Deus,
1004 2371 1037 2400 in
1067 2370 1156 2401 cuius

193 2421 353 2454 potestate
378 2415 436 2445 fuit
460 2415 515 2445 illa
535 2413 649 2445 deinde
670 2414 701 2444 in
722 2415 800 2444 alios
820 2424 897 2444 usus
918 2413 1088 2444 destinare.
1114 2413 1157 2443 Et

193 2463 302 2488 tamen
326 2468 401 2497 pars
424 2457 607 2489 sanctuario
631 2456 736 2487 dicata
760 2457 834 2494 fuit,
868 2461 902 2486 ut
928 2455 1001 2487 alibi
1037 2454 1156 2487 videbi-

193 2510 274 2530 mus.
319 2500 403 2531 Nam
427 2506 557 2540 praeter
580 2500 696 2538 altare,
727 2499 926 2530 thuribulum
951 2503 984 2530 et
1013 2498 1158 2529 candela-

194 2542 304 2580 brum,
338 2543 462 2583 aliaque
499 2554 574 2573 vasa.
606 2543 673 2573 eius
697 2542 844 2582 generis,
879 2541 1025 2582 singulae
1054 2541 1158 2571 tribus

195 2585 320 2624 phialas
345 2592 374 2616 et
399 2593 526 2626 pateras
550 2586 659 2625 magni
684 2586 777 2625 pretii
798 2584 994 2615 obtulerunt.
1041 2583 1157 2615 Memi-

195 2629 340 2659 nerimus
371 2634 478 2660 tamen
513 2629 678 2669 singulare
712 2627 896 2667 exemplum
934 2627 984 2659 hie
1020 2626 1155 2663 narrari,

756 178 1119 211 COMMENTARIUS
1142 178 1190 209 IN
1218 177 1365 208 EXODI
1389 176 1487 208 OAP.
1512 176 1573 207 XI.

2094 175 2155 206 132

1191 272 1283 303 cuius
1308 271 1424 310 absque
1449 270 1580 310 speciali
1602 270 1663 300 Dei
1687 269 1848 307 mandato,
1873 280 2025 310 perversa
2048 270 2155 300 imita-

1193 316 1235 345 tio
1259 320 1351 345 esset.

1277 357 1306 388 3.
1331 356 1373 387 Et
1394 355 1479 386 dabit
1501 354 1613 386 selloca
1633 355 1777 395 qratiam.
1801 355 1885 394 Quia
1903 365 2066 394 nunquam
2087 365 2157 395 spe-

1193 404 1320 431 rassent
1333 398 1499 429 Israelitae
1514 403 1577 428 tam
1598 398 1706 429 faciles
1726 408 1803 438 erga
1821 408 1854 428 se
1874 403 1905 428 et
1924 397 2078 438 benignos
2091 398 2157 429 fore

1196 442 1389 482 Aegyptios,
1422 451 1555 479 quorum
1581 441 1671 480 prius
1694 440 1817 480 rapinis
1841 440 1996 471 exinaniti
2019 440 2157 480 fuerant,

1195 485 1388 526 pronunciat
1410 483 1520 514 Moses
1543 483 1606 514 1100
1636 488 1668 514 et
1697 483 1774 514 illuc
1807 493 1823 514 a
1849 483 1917 514 Deo
1941 483 2026 514 flecti
2054 483 2158 514 homi-

1195 539 1272 559 num
1297 527 1400 558 corda.
1454 526 1536 556 Nam
1562 526 1657 557 sicuti
1681 530 1816 557 testatur
1840 525 1991 556 Psalmus
2014 525 2083 563 105,
2107 525 2158 564 25,

1195 570 1349 610 impulsos
1372 569 1470 599 fuisse
1483 569 1662 609 Aegyptios
1686 579 1703 598 a
1717 568 1786 599 Deo
1800 568 1833 598 in
1853 567 1961 599 odium
1980 568 2099 609 populi,
2123 573 2160 600 ut

1195 614 1283 644 viam
1304 612 1493 652 magnificae
1516 611 1699 642 liberationi
1721 615 1863 651 pararet:
1899 612 1943 641 ita
1962 621 2091 642 rursum
2111 621 2163 651 po-

1197 657 1258 687 tuit
1276 656 1308 686 in
1329 655 1524 686 contrariam
1545 659 1668 693 partem
1682 654 1847 691 inclinare,
1867 658 1902 685 ut
1914 654 2048 685 comiter
2059 655 2163 694 porri-

1197 703 1308 739 gerent
1323 708 1402 737 quae
1422 697 1510 737 prius
1524 707 1637 736 aspere
1658 703 1839 737 negassent,
1859 707 1922 728 non
1936 697 2006 728 sine
2025 697 2120 728 minis
2133 701 2165 728 et

1199 741 1394 772 verberibus.
1441 740 1598 771 Doctrina
1629 740 1773 780 apprime
1797 740 1927 780 cognitu
1953 739 2057 777 utilis,
2089 739 2165 779 quia

1198 785 1251 815 ubi
1276 784 1398 814 duriter
1418 782 1450 812 in
1471 794 1529 813 005
1548 783 1698 813 saeviunt
1718 782 1875 822 homines,
1899 781 1938 812 ad
1960 782 2163 813 tolerantiam

1199 838 1255 858 nos
1290 826 1408 863 erudit,
1449 825 1525 856 dum
1560 826 1679 856 5010105
1724 824 1887 855 libidinem
1928 825 2164 865 improbrorum

1200 880 1262 900 non
1289 870 1332 900 ita
1355 869 1494 909 grassari
1518 868 1595 908 quin
1621 878 1676 907 per
1695 868 1781 908 ipsos
1797 868 1884 899 Deus
1904 874 2035 908 peccata
2053 871 2165 899 nostra

1200 912 1343 951 castiget,
1379 922 1497 950 nosque
1532 916 1700 947 exerceat,
1739 911 1790 942 vel
1827 911 1984 941 humiliet.
2041 910 2163 941 Eadem

1200 965 1325 995 quoque
1357 964 1418 984 non
1454 964 1554 993 parvo
1585 953 1698 985 solatio
1722 954 1850 993 mitigat
1872 953 1997 985 dolores
2027 957 2164 991 nostros,

1200 1003 1231 1028 et
1259 997 1296 1028 arl
1322 997 1427 1027 Deum
1460 996 1676 1027 invocandum
1707 1002 1887 1036 opportune
1917 1006 1974 1027 nos
2004 996 2164 1034 sollicitat,

1199 1045 1236 1071 ut
1266 1050 1283 1070 a
1307 1040 1434 1070 feritate
1457 1046 1487 1069 et
1512 1039 1648 1071 saevitia
1671 1039 1812 1070 hostium
1836 1042 2017 1069 nostrorum
2042 1041 2166 1070 animos

1200 1082 1240 1114 ad
1265 1083 1498 1113 humanitatem
1524 1087 1699 1113 convertat.
1734 1082 1806 1112 Hoc
1829 1082 1890 1121 piis
1914 1082 2063 1113 omnibus
2082 1093 2165 1113 sem-

1199 1137 1257 1167 per
1280 1125 1378 1156 fuisse
1401 1136 1603 1164 persuasum,
1628 1136 1667 1156 ex
1688 1124 1833 1165 pluribus
1857 1125 1934 1156 locis
1947 1129 2081 1156 constat.
2106 1126 2166 1156 At-

1200 1179 1260 1208 que
1284 1179 1322 1198 ex
1347 1169 1510 1199 communi
1535 1178 1622 1199 more
1647 1168 1731 1198 haud
1757 1168 1851 1198 dubie
1875 1167 1929 1198 ille
1948 1178 2051 1198 sermo
2071 1167 2165 1199 Iacob

1200 1211 1238 1242 ad
1253 1211 1347 1242 filios:
1369 1210 1467 1241 Dabit
1489 1211 1578 1242 vobis
1592 1211 1680 1242 Deus
1697 1212 1834 1251 gratiam
1846 1211 1879 1241 in
1893 1211 1993 1242 oculis
2007 1211 2066 1241 viri
2080 1211 2165 1242 111105

1200 1254 1296 1295 (Gen.
1317 1254 1366 1289 43,
1396 1254 1456 1294 14).
1503 1253 1567 1285 Sed
1592 1254 1665 1293 quia
1690 1254 1807 1284 talibus
1831 1253 2025 1284 testimoniis
2048 1254 2167 1284 referta

1201 1302 1247 1328 est
1267 1297 1433 1336 scriptura,
1454 1307 1554 1327 unum
1576 1296 1653 1327 illud
1675 1296 1789 1328 citasse
1810 1296 1959 1327 sufficiat.
1992 1295 2166 1327 Caeterum

1200 1350 1264 1370 non
1286 1350 1412 1378 semper
1432 1339 1521 1369 Deus
1541 1340 1658 1379 spiritu
1683 1339 1934 1379 regenerationis
1958 1339 1995 1369 ad
2017 1349 2166 1369 mansue-

1201 1382 1345 1413 tudinem
1370 1383 1485 1412 format
1509 1382 1670 1420 homines,
1701 1389 1736 1412 ut
1759 1393 1799 1412 ex
1823 1381 1907 1422 lupis
1930 1382 2004 1422 agni
2030 1381 2166 1412 reddan-

1203 1431 1267 1456 tur:
1297 1425 1351 1456 sed
1382 1425 1542 1455 interdum
1576 1425 1757 1456 nescientes
1787 1425 1911 1456 occulto
1939 1424 2095 1456 instinctu
2127 1424 2167 1455 ad

1202 1468 1298 1499 breve
1324 1474 1449 1507 ternpus
1474 1467 1608 1498 emollit:
1637 1468 1729 1499 sicuti
1754 1467 1792 1498 de
1817 1466 1988 1508 Aegyptiis
2012 1467 2065 1498 hic
2086 1467 2167 1508 legi-

1202 1522 1282 1542 mus.
1339 1510 1378 1540 In
1420 1511 1558 1541 secundo
1593 1511 1738 1542 membro
1779 1521 1904 1547 versus,
1948 1510 1998 1541 ubi
2034 1509 2166 1541 dicitur:

1201 1554 1311 1584 Etiam
1335 1553 1384 1584 vir
1406 1553 1461 1583 ille
1481 1554 1604 1591 Moses,
1633 1557 1701 1591 ete„
1730 1557 1861 1584 notatur
1891 1552 2026 1584 inferior
2051 1557 2083 1583 et
2108 1552 2168 1584 sub

1203 1597 1327 1627 alterna
1346 1606 1450 1634 causa,
1472 1607 1552 1636 qnae
1572 1600 1638 1627 tam
1658 1596 1697 1627 ad
1717 1596 1892 1628 flectendos
1912 1596 2091 1636 Aegyptios
2112 1605 2168 1628 va-

1202 1639 1262 1670 luit
1291 1649 1386 1678 quam
1418 1639 1456 1670 ad
1487 1639 1652 1670 Israelitas
1682 1639 1885 1676 animandos,
1916 1642 1953 1670 ut
1983 1644 2169 1670 reverenter

1203 1682 1330 1721 utrique
1350 1681 1436 1712 illius
1456 1682 1549 1713 dietis
1569 1692 1691 1713 morem
1711 1687 1870 1723 gererent.
1902 1682 1974 1713 Etsi
1994 1682 2081 1712 enim
2101 1681 2169 1713 sola

1204 1725 1265 1756 Dei
1286 1725 1406 1755 virtute
1427 1730 1492 1755 tota
1512 1725 1590 1756 haec
1610 1736 1659 1756 res
1679 1725 1859 1765 gubernata
1883 1725 1954 1763 fuit,
1977 1735 2040 1755 non
2061 1729 2170 1755 tamen

1203 1767 1394 1807 simpliciter
1418 1768 1480 1808 egit
1505 1779 1561 1807 per
1584 1779 1617 1798 se.
1641 1768 1762 1808 ipsum:
1787 1768 1841 1799 sed
1867 1769 1941 1807 quia
1965 1768 2079 1798 Mosen
2103 1766 2168 1798 ele-

1203 1815 1294 1850 gerat
1318 1810 1518 1847 ministrum,
1550 1811 1672 1850 aliquas
1696 1812 1723 1842 ei
1747 1816 1855 1851 partes
1878 1810 2035 1841 attribuit.
2080 1809 2169 1841 Hine

1204 1853 1368 1884 veneratio
1393 1864 1472 1892 quae
1501 1858 1565 1884 tam
1591 1855 1769 1894 Aegyptios
1791 1864 1886 1894 quam
1910 1853 2073 1884 Israelitas
2096 1852 2169 1883 red-

1205 1895 1284 1926 didit
1307 1895 1534 1935 obsequentes,
1572 1907 1611 1927 ne
1646 1908 1751 1927 vanus
1774 1902 1859 1927 esset
1882 1897 1951 1927 eius
1975 1895 2072 1926 labor.
2118 1894 2169 1926 De

1205 1938 1272 1970 sola
1302 1937 1428 1977 quidem
1461 1944 1556 1979 gente
1578 1940 1778 1980 Aegyptiaea
1803 1939 1960 1979 loquitur:
1984 1937 2169 1979 (postquam

1205 1982 1289 2012 enim
1315 1982 1421 2020 posuit
1452 1985 1569 2012 terram
1601 1982 1718 2022 ipsam,
1748 1982 1911 2013 subnectit
1941 1981 2020 2012 duas
2051 1984 2170 2020 partes,

1206 2035 1314 2055 servos
1328 2024 1516 2063 Pharaonis,
1540 2025 1598 2056 hoc
1618 2030 1665 2056 est
1686 2036 1832 2065 proceres
1851 2030 1882 2055 et
1901 2023 2028 2062 aulicos,
2053 2022 2170 2054 deinde

1207 2067 1324 2107 vulgus
1359 2067 1591 2106 promiscuum,
1623 2067 1680 2109 (sic
1714 2068 1799 2098 enim
1834 2068 2028 2106 interpretor
2059 2066 2170 2105 populi

1207 2120 1322 2141 nomen
1358 2111 1520 2149 praesenti
1555 2110 1635 2152 1000)
1669 2110 1724 2141 sed
1759 2109 1853 2149 paulo
1887 2113 1958 2149 post
1979 2108 2170 2147 videbimus,

1207 2152 1292 2193 apud
1316 2152 1479 2183 Israelitas
1502 2163 1625 2193 quoque
1648 2153 1805 2192 profuisse
1829 2151 1993 2190 miracula,
2016 2155 2054 2182 ut
2071 2151 2172 2182 liben-

1208 2196 1270 2226 tius
1293 2194 1459 2226 crederent
1484 2200 1515 2226 et
1538 2200 1697 2235 parerent.
1744 2196 1846 2226 Docet
1867 2199 1976 2226 autem
2000 2194 2052 2225 hic
2071 2193 2170 2232 locus,

1208 2248 1303 2278 saepe
1338 2238 1370 2268 in
1406 2238 1528 2269 honore
1569 2243 1600 2269 et
1635 2238 1735 2278 pretio
1770 2249 1840 2269 esse
1868 2238 1931 2268 Dei
1961 2247 2080 2274 servos,
2116 2237 2171 2268 ubi

1208 2286 1314 2312 tamen
1337 2280 1414 2311 fides
1434 2292 1497 2311 non
1517 2280 1655 2312 habetur
1673 2291 1783 2312 eorum
1808 2280 1980 2311 doetrinae.
2011 2279 2171 2318 Quamvis

1208 2324 1292 2355 enim
1317 2324 1430 2354 Mosen
1460 2328 1673 2355 revereantur
1696 2329 1727 2354 et
1746 2323 1982 2364 magnifaciant
2007 2323 2170 2363 Aegyptii,

1207 2378 1272 2398 non
1296 2366 1367 2397 ideo
1391 2367 1428 2397 ad
1449 2366 1590 2398 studium
1611 2366 1739 2407 pietatis
1758 2367 1925 2398 inclinant.
1949 2365 2001 2396 Ita
2019 2369 2051 2396 et
2065 2366 2171 2397 Deum

1207 2410 1310 2450 ipsum
1331 2410 1516 2448 particulari
1536 2410 1652 2441 affectu
1671 2413 1928 2449 saepemetuunt
1946 2408 2046 2449 impii,
2067 2417 2172 2448 neque

1208 2457 1314 2484 tamen
1339 2462 1372 2482 se
1395 2452 1463 2483 eius
1487 2453 1621 2492 imperio
1646 2452 1808 2483 addicunt.

1293 2495 1321 2526 5.
1347 2494 1387 2525 Et
1410 2495 1489 2526 disit
1513 2495 1631 2527 Moses:
1656 2495 1707 2526 Sic
1729 2495 1803 2526 dicit
1826 2494 1949 2525 Iekova.
1974 2493 2053 2524 Dixi
2067 2503 2171 2533 nuper

1209 2549 1271 2569 non
1298 2542 1373 2569 ante
1397 2538 1577 2576 digressum
1597 2539 1694 2569 fuisse
1710 2538 1825 2568 Mosen
1846 2548 1864 2569 a
1878 2536 2049 2568 Pharaone
2070 2535 2170 2567 donec

1209 2582 1342 2612 ultimae
1366 2580 1464 2612 eladis
1489 2582 1640 2612 nuncium
1661 2580 1854 2621 pertulisset.
1890 2580 1981 2611 Haec
1999 2578 2099 2619 igitur
2118 2578 2170 2610 de·

1209 2623 1373 2655 nunciatio
1389 2634 1460 2655 cum
1478 2625 1641 2663 superiore
1657 2633 1805 2655 sermone
1818 2633 1881 2654 uno
1897 2626 2002 2653 tractu
2018 2626 2173 2652 contexta.
