2294 3008
127 126 167 157 13
721 120 1088 153 COMMENTARIUS
1112 119 1161 151 IN
1183 119 1330 152 EXODI
1354 120 1452 151 OAP.
1476 121 1502 152 Ι.
2064 122 2103 153 14

126 217 246 249 malam
281 226 407 256 semper
445 213 623 246 mercedem
658 214 696 244 ab
730 213 914 243 hominibus
954 212 1086 252 rependi

126 260 312 296 benefactis,
335 263 372 289 ut
395 258 553 289 discamus
575 256 609 286 in
632 256 745 287 officiis
764 255 966 295 praestandis
981 255 1085 285 Deum
1112 290 1114 298 ‚

126 313 227 334 unum
258 301 430 341 respicere:
461 299 536 339 quia
563 298 681 337 alioqui
705 298 754 328 vel
779 298 818 328 ad
849 297 1085 328 conciliandum

126 345 218 376 nobis
236 345 377 375 favorem
396 348 427 373 et
445 342 603 381 plausum,
622 340 675 371 vel
695 340 734 370 ad
755 341 929 380 captandas
943 346 1086 371 terrenas

126 388 283 419 utilitates
305 386 378 426 plus
397 394 496 424 aequo
514 393 624 414 sumus
644 382 771 413 addicti.
808 382 1000 421 Quanquam
1021 392 1085 412 non

126 430 263 470 vulgare
295 429 356 459 fuit
388 426 565 466 praemium
597 425 678 464 quod
710 425 796 455 ultra
822 430 950 456 centum
985 435 1086 455 annos

127 472 302 503 liberaliter
325 470 424 501 habiti
447 473 524 499 sunt
546 469 579 497 in
604 468 741 507 gratiam
765 468 883 507 Ioseph
906 467 1085 503 Israelitae,

127 521 163 546 ut
193 516 225 545 in
261 520 356 554 gente
392 510 544 550 superba,
580 520 677 540 avara
707 515 738 540 et
768 511 889 541 crudeli
920 510 1086 541 commode

128 558 284 588 viverent.
315 556 494 590 Caeterum,
513 551 669 592 quidquid
688 553 821 589 accidat,
842 560 878 583 ut
897 563 961 582 non
981 552 1084 583 solum

127 598 382 639 compensatione
411 595 498 626 omni
526 595 724 631 fraudemur,
753 595 808 625 sed
840 595 1027 634 conspirent
1051 595 1084 624 in

127 648 267 673 nostram
301 638 473 679 perniciem
510 637 604 667 multi
641 638 679 668 de
708 638 823 677 quibus
863 638 943 668 bene
976 637 1084 668 meriti

127 685 253 720 erimus,
271 691 435 720 nunquam
454 685 540 711 recte
552 680 664 710 fecisse
678 690 737 710 nos
749 681 920 720 poeniteat.
955 680 1085 710 Interea

126 727 285 758 discamus
298 724 378 754 1111111
391 723 550 754 efficacius
570 733 638 753 esse
658 722 697 753 ad
717 723 928 754 cohibendam
948 721 1084 753 nocendi

125 769 289 800 libidinem
320 765 553 797 coniunctionis
583 765 740 802 vinculis,
775 765 890 805 quibus
913 776 971 796 nos
994 764 1084 796 Deus

125 817 236 842 mutuo
248 808 428 848 adstringit.
460 807 532 838 Etsi
545 812 651 838 autem
673 808 758 848 apud
779 819 890 839 omnes
909 812 1085 838 evanuerat

125 853 228 894 gratia
250 851 375 890 Ioseph,
398 850 550 890 probrum
575 855 682 881 tamen
707 861 742 881 ac
765 851 885 881 crimen
910 850 1083 891 ingratitu-

123 896 206 927 dinis
228 894 394 934 praecipue
416 893 449 923 in
474 903 581 933 regem
605 893 784 924 confertur:
816 894 866 924 cui
890 893 963 933 plus
986 903 1082 932 quam

124 944 215 978 turpe
247 938 308 968 fuit
340 937 487 975 ignorare
520 936 611 966 6111115
640 936 801 967 industria
831 942 862 966 et
890 946 988 976 opera
1017 940 1081 966 tam

122 980 251 1012 uberem
298 978 468 1018 quotannis
512 983 704 1017 proventum
750 979 936 1018 perciperet.
998 978 1081 1009 Nam

122 1034 220 1064 quum
249 1031 395 1062 agrorum
426 1019 541 1050 fundos
573 1021 704 1052 emisset
732 1027 861 1052 sanctus
890 1021 1081 1061 patriarcha,

123 1065 197 1097 inde
236 1064 305 1104 regi
338 1074 481 1093 annuum
516 1063 671 1094 tributum
709 1064 901 1103 acquisierat
936 1065 1081 1103 quintam

122 1107 276 1139 frumenti
306 1112 439 1145 partem.
486 1105 608 1136 Verum
640 1108 682 1136 ita
710 1107 813 1137 solent
838 1107 966 1146 tyranni
990 1106 1082 1146 quid-

122 1150 197 1190 quid
227 1149 290 1180 illis
320 1148 472 1187 penditur
503 1149 717 1189 ingurgitare,
748 1149 893 1189 neglecta
920 1149 1000 1180 iuris
1032 1149 1081 1179 sui

119 1192 334 1232 inquisitione.

206 1235 234 1266 9.
258 1234 410 1272 Dixitque
439 1234 480 1263 (ιᾶ
504 1233 664 1273 populum.

121 1277 260 1315 solenni,
295 1276 404 1316 quales
437 1288 454 1306 a
489 1277 619 1316 regibus
654 1277 764 1307 haberi
799 1277 918 1314 solent,
954 1277 1009 1308 ubi
1043 1277 1081 1307 de

120 1320 245 1361 publico
285 1324 371 1350 statu
410 1319 657 1349 consultandum
698 1325 755 1350 est.
819 1319 920 1358 Quasi
961 1319 1082 1351 diceret

120 1363 228 1394 Moses
249 1366 343 1401 caput
366 1361 424 1392 hoc
448 1361 686 1392 deliberationis
709 1362 795 1402 apud
818 1362 946 1393 ordines
964 1373 1080 1403 propo-

120 1406 216 1436 situm
241 1415 259 1435 a
282 1415 356 1444 rege
379 1404 489 1435 fuisse:
514 1415 646 1444 nempe,
673 1405 748 1445 quia
772 1405 950 1436 timendum
974 1405 1016 1436 sit
1039 1416 1079 1436 ne

120 1448 179 1479 filii
190 1447 290 1478 Israel
310 1446 515 1478 multitudine
535 1457 592 1478 sua
611 1452 643 1478 et
666 1448 778 1478 robore
801 1448 876 1478 freti
898 1449 1078 1488 insurgant,

120 1501 171 1521 res
188 1500 288 1521 novas
306 1489 490 1525 moliantur,
503 1499 539 1520 ac
558 1490 585 1521 si
604 1490 679 1529 quid
699 1491 864 1522 turbatum
884 1491 926 1522 sit
945 1502 1079 1522 excusso

120 1534 195 1573 iugo
216 1535 402 1572 Aegyptum
426 1533 627 1571 relinquant,
658 1532 913 1573 praeveniendos
935 1544 1018 1571 esse,
1042 1544 1078 1565 ac

117 1575 309 1616 premendos
332 1574 419 1605 duris
443 1575 602 1613 oneribus,
627 1586 666 1606 ne
685 1575 760 1615 quid
780 1580 904 1607 tentare
928 1576 1077 1607 audeant.

118 1618 190 1649 Hoc
212 1622 304 1649 vocat
321 1617 457 1655 Pharao,
482 1617 658 1657 prudenter
681 1629 714 1650 se
735 1629 856 1659 gerere.
894 1619 967 1650 Etsi
990 1619 1077 1650 enim

119 1660 254 1692 verbum
279 1666 343 1692 :217
367 1670 460 1700 saepe
483 1660 517 1690 in
546 1661 665 1692 malam
695 1667 820 1701 partem
851 1662 990 1693 sumitur
1019 1672 1078 1702 pro

119 1702 243 1735 Callide
255 1702 501 1734 circumvenire:
522 1702 573 1734 hic
594 1708 701 1735 tamen
720 1704 854 1735 honesto
873 1704 966 1735 titulo
981 1715 1078 1744 quam

119 1746 231 1777 statuit
252 1745 370 1776 inferre
393 1745 543 1776 iniuriam
571 1747 747 1786 praetexit:
778 1747 955 1787 prudenter
979 1747 1076 1787 dispi-

117 1788 266 1819 ciendum
279 1798 356 1825 6556,
376 1798 416 1818 ne
435 1799 493 1819 sua
512 1790 644 1829 ignavia
663 1790 715 1821 vel
734 1791 910 1821 cessatione
923 1790 1077 1831 Aegyptii

118 1841 218 1871 grave
248 1830 307 1862 sibi
338 1831 492 1861 damnum
523 1837 699 1863 accersant.
752 1833 831 1863 Fuit
859 1832 986 1872 quidem
1018 1833 1077 1863 hoc

117 1874 251 1914 vulgare
273 1873 355 1913 apud
379 1874 526 1913 profanas
550 1880 672 1914 gentes,
696 1875 728 1906 in
752 1875 915 1916 capiendis
934 1875 1076 1907 consiliis

116 1916 219 1956 pluris
242 1926 310 1947 esse
333 1916 504 1947 honestum
534 1928 629 1956 quam
659 1918 754 1948 utile:
785 1918 839 1949 sed
866 1918 920 1950 ubi
944 1918 983 1949 ad
1007 1929 1074 1949 rem

114 1963 248 1991 ventum
272 1962 336 1995 est,
366 1969 476 1990 omnes
505 1959 572 1990 fere
601 1960 645 1991 ita
675 1967 825 1992 excaecat
852 1961 1010 2000 cupiditas
1040 1968 1075 1991 ut

114 2001 286 2041 praeterito
310 2001 436 2032 honesti
459 2007 615 2041 respectu,
639 2003 676 2033 ad
701 2014 758 2034 sua
781 2004 948 2034 commoda
971 2004 1075 2034 feran-

114 2049 167 2074 tur
189 2043 387 2083 praecipites.
433 2044 526 2075 Adde
549 2045 632 2085 quod
656 2057 696 2076 ex
719 2046 791 2076 utili
819 2047 941 2077 faciunt
963 2057 1073 2078 neees-

115 2086 250 2117 sarium:
270 2085 385 2117 deinde
403 2087 461 2118 sibi
481 2088 676 2127 persuadent
695 2094 818 2120 rectum
838 2100 906 2120 esse
919 2089 1072 2129 quidquid

117 2129 277 2168 suscipere
300 2134 466 2169 coguntur.
512 2130 551 2160 In
582 2138 734 2171 promptu
765 2132 850 2162 enim
880 2132 1018 2163 occurrit
1042 2136 1074 2162 et

118 2171 208 2201 facile
238 2171 353 2211 decipit
389 2173 553 2212 speciosus
590 2173 643 2204 1116
672 2174 727 2204 sed
758 2174 855 2205 fallax
885 2175 986 2211 color,
1018 2175 1072 2206 ubi

119 2213 236 2252 aliquid
276 2214 424 2245 imminet
463 2215 613 2254 periculi,
647 2216 774 2247 obviam
811 2217 953 2248 eundum
992 2228 1071 2248 esse.

120 2254 268 2286 Scelestis
291 2256 416 2295 quidem
441 2262 473 2288 et
495 2258 668 2297 deploratis
692 2259 847 2290 tribuitur
865 2260 951 2299 apud
975 2260 1072 2300 tragi-

119 2308 171 2329 cos
195 2304 302 2337 poetas
324 2310 387 2330 vox
416 2300 478 2330 ista
508 2300 721 2338 detestabilis,
752 2302 973 2342 occupandum
1004 2313 1073 2333 esse

117 2339 235 2371 scelus:
259 2341 332 2379 quia
353 2346 468 2372 natura
486 2342 585 2374 dietat
607 2344 639 2374 id
658 2344 814 2375 iniustum
837 2356 906 2376 esse
930 2355 965 2376 ac
985 2355 1073 2383 prae-

118 2389 292 2422 posterum.
346 2383 411 2414 Sed
444 2384 523 2416 haee
557 2386 653 2426 vulgo
686 2387 808 2426 optima
840 2388 970 2419 videtur
1003 2398 1073 2418 esse

119 2424 254 2472 carendi
276 2425 365 2471 ratio,
388 2432 423 2457 ut
446 2428 605 2459 neminem
629 2430 798 2468 providum
821 2436 986 2467 censeant,
1011 2431 1073 2461 nisi

120 2477 173 2506 qui
186 2468 347 2498 securitati
360 2470 505 2509 propriae
524 2481 595 2501 cum
616 2472 748 2503 alterius
767 2472 893 2511 damno,
913 2474 938 2503 si
958 2474 1002 2503 ita
1021 2483 1073 2503 res

118 2509 215 2547 ferat,
245 2510 389 2542 consulit.
439 2512 489 2543 Ex
520 2513 578 2544 hoe
611 2514 697 2545 fonte
728 2522 861 2546 manant
892 2516 957 2546 fere
991 2515 1073 2545 bella

118 2552 241 2582 omnia:
264 2552 346 2591 quia,
371 2552 445 2584 dum
467 2555 600 2595 quisque
623 2557 805 2597 principum
835 2558 894 2589 sibi
918 2569 937 2589 a
960 2558 1072 2590 vicinis

710 1234 834 1274 Nempe
863 1235 895 1264 in
919 1239 1081 1266 conventu

1141 213 1272 248 metuit,
1297 213 1375 244 haec
1405 214 1575 254 trepidatio
1605 214 1742 254 impellit
1765 225 1838 246 611111
1868 215 1900 245 111
1929 214 2103 253 horrorem,

1142 260 1178 284 ut
1209 261 1327 286 terram
1359 256 1502 287 humano
1535 258 1693 297 sanguine
1723 258 1847 297 operire
1877 267 1940 287 non
1971 257 2102 288 dubitet.

1140 296 1225 327 Hinc
1245 304 1277 327 et
1296 299 1380 328 inter
1399 300 1544 338 privatos
1562 300 1741 337 fraudandi,
1761 300 1922 337 6116ἀ611111,
1946 300 2100 339 rapiendi,

1139 340 1315 370 mentiendi
1340 341 1480 372 licentia:
1506 342 1582 382 quia
1611 342 1706 372 nimis
1730 353 1800 373 sero
1824 342 1937 382 repelli
1966 343 2101 373 iniurias

1138 388 1270 421 putant,
1302 383 1363 413 nisi
1396 384 1471 414 dum
1502 386 1637 424 quisque
1666 385 1849 415 antevertit.
1899 384 1996 424 Atqui
2024 385 2101 415 haee

1139 424 1234 454 nimis
1248 425 1392 464 improba
1405 432 1453 457 est
1471 427 1629 458 calliditas
1647 426 1734 467 (licet
1753 428 1860 458 fucosa
1880 427 2101 467 providentiae

1138 468 1242 506 specie
1267 468 1410 509 tegatur)
1434 475 1468 499 ut
1490 469 1580 500 nobis
1610 469 1690 500 bene
1721 470 1778 505 sit,
1809 470 1917 509 inique
1941 470 2012 500 aliis
2034 481 2100 501 mo-

1138 509 1235 539 lestos
1255 521 1332 541 esse.
1367 511 1465 542 Hunc
1485 512 1533 542 vel
1558 512 1648 542 illum
1674 518 1793 546 metuo,
1818 513 1891 551 quia
1914 518 1944 543 et
1965 512 2100 544 facultas

1137 552 1272 582 nocendi
1296 554 1451 592 suppetit,
1483 560 1515 584 et
1545 554 1583 585 de
1608 555 1676 585 eius
1704 555 1811 585 animo
1841 565 1911 585 sum
1942 555 2098 586 incertus:

1137 595 1244 633 itaque
1274 600 1310 624 ut
1339 605 1471 627 securus
1498 598 1557 627 sim
1587 597 1625 627 ab
1655 598 1741 627 0111111
1777 607 1876 634 noxa,
1908 607 2099 637 quacunque

1137 642 1247 676 potero
1271 642 1338 668 arte
1362 639 1451 668 illum
1476 640 1656 678 opprimere
1683 640 1830 670 conabor.
1876 639 1999 679 Nempe
2022 651 2097 671 con-

1137 680 1368 719 temptissimus
1392 681 1487 711 etiam
1511 682 1643 721 quisque
1667 689 1696 712 et
1716 683 1856 712 maxime
1875 682 2051 720 imbecillis,
2071 683 2098 714 si

1137 722 1175 752 ad
1211 722 1403 753 malefic-ium
1439 724 1587 761 inclinet,
1623 725 1682 754 erit
1716 733 1859 755 armatus
1890 726 1922 754 111
1952 732 2097 755 nostram

1136 765 1326 804 pernicicm:
1362 776 1397 796 ac
1433 767 1565 805 proinde
1595 767 1632 797 de
1666 768 1779 798 maiori
1808 767 1976 798 hominum
2007 774 2098 807 parte

1136 806 1363 838 dubitabimus.
1410 807 1445 839 Si
1468 809 1512 838 ita
1535 819 1611 840 suae
1635 809 1834 841 diffidentiae
1859 820 1969 841 omnes
1992 810 2097 840 indul-

1136 855 1246 889 geant,
1282 850 1357 880 dum
1392 861 1450 890 pro
1484 862 1517 882 56
1555 852 1687 891 quisque
1722 852 1960 884 machinabitur
1994 852 2098 884 dubiis

1136 891 1282 923 hostibus
1295 893 1414 932 aliquid
1427 893 1571 930 iniuriae,
1591 894 1698 925 nullus
1718 895 1779 925 erit
1798 895 1953 926 scelerum
1972 895 2096 926 modus.

1136 934 1436 973 Quareiinmodicis
1449 938 1534 967 curis
1547 941 1577 967 et
1596 937 1820 972 anxietatibus,
1834 948 1916 977 quac
1935 937 1973 968 ab
1992 938 2098 977 aequi-

1135 978 1211 1007 tatis
1245 978 1352 1008 studio
1392 988 1450 1008 nos
1491 978 1697 1017 abstrahunt,
1731 979 1922 1020 opponenda
1955 984 2004 1011 est
2037 981 2098 1011 Dei

1134 1020 1351 1060 providentia:
1372 1021 1404 1050 in
1424 1031 1518 1060 quam
1538 1022 1565 1051 si
1581 1022 1805 1059 recumbimus,
1830 1022 1937 1053 nullus
1956 1033 2096 1063 unquam

1134 1063 1270 1102 periculi
1297 1063 1392 1093 timor
1412 1063 1450 1094 ad
1475 1064 1620 1103 iniquum
1645 1064 1771 1096 facinus
1797 1070 1852 1095 aut
1876 1066 2000 1096 vafram
2023 1076 2097 1096 con-

1135 1105 1344 1136 sultationem
1386 1116 1444 1136 nos
1484 1106 1636 1146 impellet.
1692 1107 1730 1138 In
1772 1107 1878 1138 verbis
1916 1108 2096 1139 Pharaonis

1135 1148 1242 1178 omnia
1266 1149 1441 1181 contraria:
1472 1159 1547 1179 nam
1577 1150 1629 1179 ubi
1653 1149 1834 1188 admonuit,
1858 1150 2038 1189 Israelitas‚
2069 1151 2095 1181 si

1136 1190 1253 1228 velint,
1283 1201 1377 1230 posse
1397 1191 1550 1222 damnum
1573 1192 1708 1230 inferre,
1739 1192 1853 1223 suadet
1875 1193 1962 1224 vires
1985 1203 2095 1224 eorum

1135 1233 1248 1272 quovis
1262 1233 1355 1264 modo
1374 1244 1443 1264 6556
1462 1233 1666 1274 frangendas,
1701 1235 1813 1274 Neque
1826 1235 1910 1266 enim
1931 1236 2096 1275 quaeritur

1134 1276 1182 1306 fas
1213 1276 1255 1306 sit
1286 1286 1401 1313 necne,
1433 1277 1485 1307 ubi
1516 1277 1613 1307 semel
1645 1281 1801 1308 statutum
1826 1282 1889 1315 est,
1913 1279 2095 1318 prospicere

1135 1318 1200 1349 suis
1223 1319 1407 1355 commodis,
1434 1319 1482 1349 vel
1506 1320 1578 1357 otio,
1603 1319 1653 1350 vel
1678 1320 1782 1351 saluti.

1224 1361 1271 1392 10.
1307 1361 1385 1392 Ecce
1422 1362 1563 1400 populus.
1620 1362 1691 1393 Non
1726 1372 1800 1393 raro
1840 1363 1998 1404 contingit
2031 1363 2094 1394 Dei

1134 1403 1408 1435 benedictionibus
1427 1405 1518 1444 quasi
1538 1405 1654 1435 aculeis
1674 1405 1775 1444 pungi
1794 1405 1832 1435 ad
1845 1406 2092 1436 aemulationem

1132 1446 1352 1486 improborum
1393 1448 1532 1484 animos,
1569 1447 1633 1478 imo
1674 1448 1763 1487 quasi
1804 1448 1941 1479 flabellis
1981 1458 2092 1479 eorum

1134 1489 1255 1520 rabiem
1280 1489 1418 1520 accendi.
1465 1490 1576 1529 Neque
1599 1494 1707 1520 tamen
1734 1490 1804 1521 ideo
1836 1491 1885 1520 vel
1921 1491 2092 1522 minimum

1134 1532 1233 1562 divini
1259 1532 1376 1563 favoris
1394 1533 1612 1563 testimonium
1633 1533 1738 1563 minus
1758 1533 1894 1563 amabile
1914 1533 2004 1565 nobis
2022 1544 2093 1565 esse

1133 1574 1242 1613 debet,
1277 1576 1352 1614 quia
1385 1575 1507 1606 occasio
1541 1575 1583 1606 sit
1614 1575 1769 1615 improbis
1803 1576 1836 1606 111
1871 1586 1928 1606 1105
1960 1576 2093 1615 gravius

1131 1617 1304 1649 saeviendi.
1358 1619 1466 1657 Atque
1493 1617 1539 1648 ita
1568 1618 1713 1648 consulto
1743 1628 1834 1649 suam
1863 1617 2092 1650 liberalitatem

1131 1660 1220 1691 Deus
1265 1665 1438 1700 temperat,
1479 1671 1518 1690 ne
1558 1660 1659 1690 simus
1698 1663 1845 1691 terrenae
1885 1661 2091 1701 prosperitati

1130 1703 1267 1734 nimium
1287 1703 1387 1734 affixi.
1432 1703 1483 1733 Ita
1506 1702 1600 1734 Iacob
1623 1713 1661 1733 ex
1685 1702 1777 1734 domo
1800 1703 1901 1742 patris
1924 1707 1956 1734 et
1978 1703 2091 1735 haere-

1130 1745 1229 1776 ditate
1253 1746 1409 1786 promissa
1428 1747 1459 1776 in
1479 1745 1629 1776 exsilium
1649 1745 1741 1777 eiecit
1765 1745 1950 1783 benedictio,
1970 1756 2009 1777 ex
2028 1757 2091 1786 qua

1129 1788 1289 1828 pendebat
1326 1793 1394 1819 tota
1429 1789 1497 1818 61115
1523 1788 1676 1819 felicitas:
1707 1787 1762 1819 sed
1793 1788 1852 1819 1106
1881 1798 1946 1818 uno
1978 1788 2090 1820 solatio

1130 1831 1245 1862 lenivit
1279 1842 1352 1862 suos
1387 1831 1525 1867 dolores,
1557 1830 1639 1870 quod
1668 1830 1763 1861 sciret
1792 1830 1897 1861 Deum
1928 1830 1989 1861 sibi
2019 1841 2089 1862 esse

1129 1874 1313 1914 propitium.
1359 1874 1410 1904 Ita
1430 1877 1462 1903 et
1485 1873 1618 1913 posteri,
1649 1883 1712 1912 quo
1736 1873 1840 1903 Deum
1865 1873 1968 1913 magis
1992 1874 2087 1905 bene-

1128 1918 1223 1948 ficum
1248 1917 1372 1956 experti
1396 1920 1480 1953 sunt,
1505 1926 1541 1947 eo
1565 1916 1745 1946 infestiores
1768 1920 1939 1946 senserunt
1957 1916 2087 1957 Aegyp-

1128 1960 1199 1990 tios.
1240 1959 1369 1990 Pharao
1393 1963 1511 1995 autem,
1535 1963 1570 1988 ut
1594 1968 1646 1989 eos
1670 1958 1783 1988 reddat
1805 1968 1919 1989 exosos
1943 1958 1993 1989 vel
2016 1969 2087 1989 sus-

1127 2007 1252 2042 966105,
1289 2012 1400 2033 eorum
1437 2001 1615 2042 potentiam
1654 2000 1688 2030 in
1727 2000 1869 2031 medium
1909 2001 2086 2040 proferens,

1127 2055 1180 2076 eos
1220 2044 1386 2075 insimulat
1426 2044 1627 2081 defectionis,
1667 2043 1758 2074 cuius
1792 2043 1917 2073 nullum
1958 2044 2086 2084 signum

1127 2087 1290 2118 dederant.
1335 2087 1450 2126 Neque
1474 2091 1579 2117 tamen
1603 2096 1655 2116 eos
1678 2085 1753 2115 dicit
1776 2086 1842 2116 fore
1872 2085 2022 2123 rebelles,
2050 2091 2088 2117 ut

1126 2131 1298 2170 imperium
1333 2130 1432 2161 armis
1464 2134 1632 2168 occupent:
1669 2127 1724 2159 sed
1765 2133 1801 2158 ut
1835 2128 1896 2158 alio
1934 2129 2085 2168 migrent.

1126 2172 1221 2204 Unde
1245 2173 1402 2204 coniicere
1426 2172 1515 2209 licet,
1540 2182 1627 2211 spem
1657 2180 1752 2210 quam
1776 2170 1814 2201 de
1838 2170 1943 2201 reditu
1966 2171 2086 2202 fecerat

1126 2216 1215 2246 Deus
1237 2225 1302 2246 non
1327 2215 1553 2246 dissimulasse.
1591 2213 1680 2244 Haec
1702 2219 1807 2243 autem
1833 2213 1901 2243 visa
1922 2218 1970 2244 est
1993 2213 2084 2253 plau-

1126 2258 1227 2289 sibilis
1246 2258 1419 2295 excusatio,
1440 2258 1570 2288 minime
1589 2266 1724 2295 aequum
1744 2265 1821 2292 esse,
1841 2260 1877 2285 ut
1896 2255 1949 2295 qui
1972 2260 2084 2295 sponte

1126 2305 1352 2333 concesserant
1382 2300 1415 2331 in
1448 2299 1543 2330 fidem
1578 2299 1678 2338 regis,
1708 2298 1798 2328 liberi
1828 2297 2083 2330 dimitterentur:

1126 2344 1220 2375 sicuti
1244 2343 1342 2374 etiam
1367 2345 1595 2374 commemorat
1617 2340 1717 2371 Isaias
1740 2340 1789 2377 52,
1812 2340 1840 2370 4.

1213 2386 1261 2416 11.
1280 2385 1506 2417 Constituerunt
1519 2385 1620 2424 iyitur.
1655 2383 1725 2413 Hoc
1738 2383 1915 2413 remedium
1928 2383 2084 2423 Aegyptii

1125 2429 1352 2469 excogitarunt
1364 2427 1540 2458 atter-endis
1554 2425 1707 2466 paulatim
1720 2425 1795 2455 filiis
1808 2425 1918 2456 Israel.
1954 2424 2083 2456 Subditi

1126 2476 1217 2509 sunt,
1246 2471 1320 2502 licet
1342 2471 1440 2511 igitur
1464 2468 1665 2509 vectigalium
1687 2467 1837 2499 oneribus
1861 2478 1913 2498 605
1935 2477 2082 2507 gravare,

1126 2525 1167 2545 ne
1190 2518 1287 2554 caput
1310 2513 1473 2545 attollant:
1505 2512 1582 2542 haec
1612 2510 1748 2541 servitus
1772 2520 1824 2541 eos
1851 2509 2029 2541 debilitabit
2051 2514 2083 2541 et

1125 2557 1305 2587 imminuet.
1341 2556 1463 2586 Verum
1483 2553 1637 2586 subiectio
1661 2563 1723 2584 non
1748 2563 1784 2583 eo
1806 2563 1905 2592 usque
1924 2552 2083 2583 trahenda
