2304 3034
147 154 205 184 177

145 246 209 277 Dei
233 247 413 286 potentiae,
448 257 550 286 neque
572 256 718 276 veracem
742 245 775 275 in
799 245 864 275 suis
886 243 1105 283 promissioni-

146 290 206 320 bus
229 300 297 320 esse
321 289 497 320 crederent.
531 288 722 327 Susceperat
745 287 830 317 enim
854 297 964 317 eorum
985 296 1106 322 curam,

146 339 176 362 et
199 332 362 371 pollicitus
385 332 488 361 fuerat
511 341 544 361 se
563 340 725 369 nunquam
745 329 809 359 illis
829 328 1028 359 defuturum:
1050 338 1108 358 cur

147 385 222 415 ergo
245 384 340 412 nunc,
364 384 463 413 quum
486 383 537 403 res
556 373 600 402 ita
627 372 736 412 exigit.
762 382 825 401 non
847 375 995 401 statuunt
1014 381 1106 410 prae-

147 423 196 448 sto
225 417 284 447 sibi
314 417 397 453 fore,
428 416 491 446 nisi
513 415 597 454 quod
627 420 690 444 tam
721 413 788 444 eius
819 414 980 453 potentiae
1011 424 1105 453 quan]

148 459 276 490 veritati
295 459 434 498 maligne
453 456 629 496 derogant?

231 502 259 532 4.
285 501 327 532 Et
349 501 491 532 clamavit
513 499 625 530 Moses.
660 497 800 528 Videtur
822 497 874 529 hic
898 497 1019 528 elamor
1041 508 1106 528 non

148 545 244 575 fuisse
267 544 461 583 compositus
484 542 522 572 ad
546 551 656 572 veram
680 540 832 579 precandi
857 551 1020 577 normam,
1052 540 1106 571 sed

148 587 279 618 confusa
305 585 505 625 querimonia
534 584 631 614 fuisse
651 583 782 621 mixtus,
813 582 852 613 ad
876 593 969 622 quam
990 583 1108 622 impul-

148 641 202 660 sus
235 630 295 659 fuit
330 628 435 658 Moses
469 627 557 664 gravi
592 626 691 656 animi
726 625 983 665 perturbatione:
1014 626 1106 656 sicuti

148 672 309 702 interdum
329 677 453 701 sanctos
476 669 595 708 abripit
617 668 807 699 immodicus
831 667 934 704 ardor,
958 672 993 698 ut
1017 679 1110 699 oran-

149 715 188 745 do
211 714 316 754 potius
339 713 477 743 fremant
499 721 594 751 quam
619 716 691 741 vota
716 711 775 741 rite
799 716 830 740 et.
849 710 1012 741 moderate
1038 721 1109 741 con-

148 757 277 797 cipiant.
322 754 558 785 Tul-bulentum
592 754 675 784 enim
712 753 762 783 vel
796 753 1020 792 obstreperum
1055 753 1111 783 ali-

148 800 222 840 quid
247 803 361 830 sonant
384 797 462 827 baec
481 795 588 826 verba.
620 795 706 834 Quid
732 796 844 826 faciam
870 795 985 835 populo
1010 795 1108 826 huie?

149 852 184 873 ac
204 842 229 872 si
254 841 359 871 Moses
378 839 598 879 indignatione
621 839 762 877 percitus
786 839 895 877 iniquo
918 849 1013 869 onere
1036 849 1109 878 gra-

149 885 218 915 vari
242 894 275 914 se
295 887 446 922 queratur
470 881 552 921 quod
578 881 714 912 libenter
737 886 911 917 excuteret,
935 881 961 911 si
982 882 1109 911 veniam

150 935 180 957 et
202 925 483 956 manumissionem
507 925 682 963 impetrare
712 929 820 963 posset
848 933 866 953 a
890 924 968 954 Deo.
1014 923 1110 962 Quod

147 970 290 1009 sequitur
320 968 409 998 varie
438 973 604 1005 exponunt
632 967 834 1005 interpretes.
889 965 1029 1004 Quidam
1065 966 1109 996 ita

145 1011 328 1042 resolvunt:
360 1010 429 1040 Nisi
454 1020 527 1039 mox
552 1014 721 1040 succurrat
745 1009 842 1045 Deus,
865 1009 920 1039 scd
945 1009 1110 1049 paulisper

145 1054 250 1085 adhuc
274 1053 470 1088 dissimulet,
495 1051 607 1082 Mosen
632 1051 807 1091 lapidatum
829 1052 878 1082 iri.
923 1051 989 1082 Alii
1019 1061 1107 1088 vero,

145 1106 255 1137 parum
297 1095 387 1125 abest
436 1095 511 1134 quin
562 1094 734 1134 prosiliant
778 1094 816 1124 ad
866 1105 916 1124 me
961 1094 1107 1134 lapidan-

145 1139 231 1170 dum.
298 1137 382 1169 Sunt
427 1137 523 1167 etiam
569 1137 621 1176 qui
667 1137 699 1167 in
746 1137 919 1176 praeterito
965 1143 1108 1177 tempore

143 1181 270 1221 legunt,
312 1180 428 1220 quibus
463 1180 646 1219 refragatur
679 1179 836 1218 particula
869 1186 921 1215 *my
960 1190 1040 1219 quae
1075 1180 1106 1209 in

144 1224 290 1254 futurum
319 1222 459 1262 respicit.
507 1222 587 1252 Mihi
623 1222 700 1252 illud
737 1223 841 1262 magis
870 1222 1040 1262 probatur:
1071 1222 1107 1252 Si

143 1266 234 1297 Deus
265 1266 421 1296 auxilium
452 1275 544 1295 suum
577 1265 624 1295 vel
654 1265 771 1304 exiguo
795 1270 941 1304 tempore
972 1265 1108 1302 differat,

144 1318 209 1339 non
251 1319 343 1348 posse
383 1307 516 1338 retineri
558 1307 669 1347 populi
704 1309 845 1338 furorem
883 1308 959 1347 quin
994 1308 1108 1338 Mosen

144 1351 272 1391 lapidet.

231 1394 259 1424 ἶ).
283 1392 324 1424 Et
347 1394 391 1423 ait
412 1393 523 1423 Ieltora
547 1393 587 1423 ad
611 1392 730 1423 Illosen.
755 1392 888 1423 Prodire
909 1393 939 1422 in
967 1392 1107 1422 medium
1135 1402 1136 1411 ¹

146 1437 241 1474 iubet,
263 1447 298 1467 ac
318 1435 343 1466 si
364 1446 435 1465 eum
461 1436 609 1466 obiiceret
636 1436 796 1474 praesenti
822 1435 934 1465 mortis
955 1436 1107 1474 periculo,

146 1479 199 1510 sed
225 1479 299 1519 quia
324 1488 496 1517 persuasus
520 1478 709 1508 eratlSloses
733 1479 763 1508 in
790 1478 858 1509 eius
878 1478 1010 1508 arbitrio
1029 1489 1107 1515 esse,

146 1533 209 1553 non
243 1522 347 1552 minus
379 1521 489 1550 sedare
521 1520 695 1559 quamlibet
720 1531 831 1551 saevos
856 1521 1022 1551 hominum
1048 1521 1107 1550 im-

146 1571 237 1605 petus
260 1575 354 1603 quan]
379 1564 496 1594 fluctus
521 1570 551 1592 vt
575 1570 782 1602 tempestates
806 1564 918 1597 maris,
950 1574 1011 1593 non
1044 1570 1106 1592 tre-

147 1607 233 1647 pidat
257 1617 359 1646 neque
384 1607 509 1645 refugit.
556 1608 727 1635 Caeterum
748 1607 792 1636 ita
816 1606 992 1645 potentiam
1017 1616 1107 1636 suam

146 1651 320 1681 illustravit
344 1648 443 1683 Deus,
463 1655 497 1679 ut
522 1655 629 1678 tamen
655 1649 805 1688 populum
826 1659 843 1678 a
863 1649 1010 1688 propiore
1033 1658 1108 1678 con-

146 1701 254 1732 spectu
278 1692 470 1722 sulunovens
495 1691 668 1731 ignominia
694 1696 827 1722 notaret.
885 1692 1016 1721 Transit
1039 1692 1108 1730 qui-

148 1735 217 1766 dem
244 1735 349 1765 Moses
379 1744 484 1764 eoram
516 1734 680 1769 omnibus,
711 1734 795 1764 solos
829 1740 936 1763 tamen
967 1735 1109 1763 seniores

147 1788 254 1814 seeum
278 1777 374 1809 ducit,
404 1787 510 1807 eoram
535 1777 649 1816 quibus
680 1787 795 1815 aquam
828 1788 865 1806 ex
890 1787 969 1816 rupe
993 1777 1108 1811 eliciat,

148 1829 179 1851 ut
211 1820 329 1851 oculati
356 1820 420 1849 sint
451 1825 548 1849 testes
580 1820 736 1850 miraculi.
782 1819 871 1849 Haec
901 1818 1004 1849 media
1027 1820 1108 1849 ratio

149 1874 250 1902 neque
269 1863 437 1893 obscuram
458 1872 527 1892 esse
547 1864 668 1901 patitur
687 1861 833 1892 beneficii
849 1862 910 1892 Dei
929 1862 1065 1901 gloriam
1079 1867 1110 1891 et

149 1913 255 1936 tamen
284 1904 455 1944 indignum
486 1915 554 1935 esse
586 1905 701 1944 vulgus
736 1904 877 1934 ostendit
906 1904 987 1943 quod
1020 1905 1109 1935 Deus

148 1949 186 1978 ad
218 1947 423 1988 spectandam
456 1958 545 1978 suani
576 1948 729 1977 virtutem
761 1947 918 1977 admittat.
972 1947 1017 1978 Ut.
1041 1958 1110 1986 per-

149 1990 281 2021 suadeat
304 1990 451 2021 baculum
476 2001 541 2020 non
564 1990 631 2020 fore
664 2000 799 2020 vacuum
831 1990 988 2027 efficacia,
1022 2000 1110 2020 revo-

150 2039 200 2064 cat
222 2034 255 2063 in
280 2033 465 2063 memoriam
492 2033 573 2072 quod
606 2033 667 2062 iam
699 2040 852 2071 expertus
876 2038 954 2062 erat.
1000 2032 1110 2071 Neque

149 2083 258 2106 tamen
280 2081 423 2106 recenset
447 2076 554 2106 omnia
578 2075 747 2105 miracula:
779 2075 832 2105 sed
867 2080 992 2105 tantum
1018 2076 1111 2105 attin-

151 2119 195 2157 git
219 2118 301 2157 quod
325 2118 480 2158 principio
505 2118 659 2151 vidimus.
685 2124 770 2148 tactu
802 2117 887 2147 illius
922 2118 988 2147 Nili
1013 2128 1110 2156 aquas

152 2171 320 2191 conversas
344 2160 442 2191 fuisse
466 2161 497 2190 in
523 2161 723 2199 sanguinem.
770 2160 862 2198 Quod
890 2161 977 2191 Deus
1008 2165 1110 2190 statu-

151 2213 221 2232 rum
245 2213 277 2233 se
295 2214 389 2242 super
409 2214 518 2243 rupem
541 2204 742 2243 pronunciat,
767 2203 804 2233 ad
827 2203 1000 2237 tollendam
1021 2203 1109 2233 dubi-

153 2245 303 2275 tationem
335 2245 448 2281 teudit,
484 2257 523 2276 ne
555 2247 660 2276 Moses·
691 2245 728 2276 de
759 2253 876 2276 eventu
910 2246 1027 2275 anxius
1059 2246 1109 2279 sit,

154 2286 204 2316 vel
227 2286 354 2317 dubius:
380 2289 453 2327 quia
476 2289 594 2327 alioqui
619 2289 708 2318 irrita
732 2289 843 2319 fuisset
864 2300 900 2319 ae
920 2288 1040 2318 lusoria
1060 2299 1110 2318 ru-

155 2328 202 2367 pis
224 2331 393 2368 percussio.
440 2332 612 2361 Animatur
642 2342 718 2371 ergo
742 2332 850 2361 Moses
879 2331 917 2360 ad
943 2330 1109 2361 fiduciam:

155 2371 230 2408 quia
254 2371 355 2407 Deus,
386 2383 478 2411 quem
510 2374 583 2404 fidei
607 2374 786 2404 obedientia
814 2374 925 2403 dueem
956 2374 1110 2412 sequitur,

156 2423 212 2452 per
236 2423 366 2443 manum
397 2416 463 2445 eius
494 2417 644 2447 virtutem
675 2427 765 2446 suam
791 2422 934 2452 exseret,
958 2426 998 2445 ne
1021 2416 1109 2455 quid-

157 2465 249 2494 quam
271 2455 389 2486 frustra
407 2458 455 2487 vel
475 2459 592 2498 absque
611 2460 727 2490 effectu
741 2458 957 2499 aggrediatur.
982 2458 1111 2489 Interea

157 2497 302 2536 quamvis
325 2498 507 2538 interponat
524 2502 608 2532 servi
632 2503 679 2532 sui
704 2511 834 2541 operam
855 2501 980 2531 laudem
1004 2506 1110 2531 tamen

158 2539 263 2579 operis
286 2540 343 2570 sibi
366 2541 520 2574 vendicat.

245 2582 272 2612 7.
305 2582 482 2622 Vocavitque
503 2596 608 2616 nomen
637 2587 702 2617 Ioci.

255 2631 364 2658 Calvini
378 2640 470 2666 opera.
493 2635 549 2661 Vol.
569 2636 682 2663 XXIV.

754 2587 864 2617 Potest
887 2586 1014 2626 quidem
1040 2596 1112 2617 ver-

703 150 1069 184 COMMENTARIUS
1092 150 1140 180 IN
1164 149 1312 182 EXODI
1336 150 1432 182 CAP.
1456 150 1568 182 XVII.

2063 153 2122 184 178

1158 243 1234 273 bum
1259 243 1318 274 hoe
1341 244 1507 275 indefinite
1527 245 1634 284 accipi,
1659 255 1694 276 ac
1714 245 1740 275 si
1760 245 1895 276 dixisset
1913 255 2031 276 nomen
2054 246 2122 277 loco

1159 285 1258 316 fuisse
1271 286 1472 326 impositum:
1494 287 1547 318 sed
1566 288 1666 327 magis
1685 288 1848 327 probabile
1860 292 1908 319 est
1922 288 2045 324 Mosen,
2061 288 2122 318 Dei

1159 328 1310 358 mandato
1337 330 1382 359 sic
1408 330 1510 360 locum
1538 340 1677 366 vocasse,
1701 329 1784 369 quod
1809 331 1976 361 Israelitae
2000 331 2122 361 crimen

1158 381 1251 400 snum
1284 371 1402 411 duplici
1433 378 1507 402 nota
1538 372 1727 412 insignitum
1759 373 1874 403 melius
1898 378 2121 413 agnoscerent..

1160 412 1352 453 Quanquam
1378 425 1440 444 non
1464 419 1590 445 tantum
1615 415 1684 446 eius
1707 426 1837 446 sensum
1861 416 1996 455 infigere
2020 416 2122 446 voluit

1160 466 1269 485 eorum
1302 457 1433 493 animis,
1463 457 1519 487 sed
1547 458 1734 488 memoriam
1766 468 1891 497 quoque
1915 457 1954 489 ad
1978 462 2122 498 posteros

1160 498 1294 529 tradere.
1352 498 1472 529 Eadem
1518 506 1628 538 postea
1662 500 1865 539 exprobratio
1900 501 2039 539 repetita
2074 504 2122 531 est

1161 541 1190 570 in
1216 541 1330 578 Gades,
1365 547 1399 571 ut
1433 541 1626 572 videbimus:
1663 543 1739 582 quia
1772 544 1858 582 prior
1892 544 2007 574 notitia
2037 543 2122 580 apud

1161 583 1307 613 socordes
1331 583 1490 615 oblivione
1521 585 1646 624 sepulta
1676 591 1753 616 erat.
1799 586 1900 616 Porro
1930 585 2122 616 tantundem

1162 625 1264 656 valuit
1287 626 1346 656 loci
1370 627 1541 666 appellatio
1565 638 1601 658 ac
1625 629 1649 658 si
1674 633 1760 659 terra.
1779 628 1848 668 ipsa
1867 628 2046 665 clamasset,
2071 638 2123 667 po—

1161 668 1281 706 pulum,
1306 679 1362 707 pro
1386 669 1506 709 ingenii
1530 671 1579 700 sui
1601 671 1771 709 pravitate,
1795 671 2028 701 tumultuosum
2053 681 2123 701 esse

1162 716 1193 740 et
1222 711 1440 741 incredulitati
1470 712 1622 743 deditum.
1668 713 1819 744 Tentatio
1850 718 1956 744 autem
1989 717 2122 744 conten-

1162 753 1284 783 tionum
1317 758 1420 784 mater
1443 759 1505 785 est:
1538 756 1612 794 quia
1635 756 1778 795 quisquis
1802 756 1872 786 Deo
1895 755 2020 792 diffidit,
2044 766 2122 795 quo-

1162 796 1222 825 ties
1245 806 1294 826 res
1314 806 1378 826 non
1398 796 1546 827 accidunt
1566 808 1604 827 ex
1632 803 1722 833 voto,
1747 798 1785 828 ad
1810 798 2011 828 fremendum
2035 803 2066 828 et
2088 798 2125 828 li-

1162 838 1328 877 tigandum
1354 839 1539 879 impellitur.
1575 840 1653 875 Iam,
1674 840 1748 870 dum
1770 842 1868 871 refert-
1892 841 1999 872 Moses
2018 840 2122 871 Israe-

1162 881 1236 911 litas
1260 887 1399 912 tentasse
1420 881 1535 916 Deum,
1559 882 1708 913 dicendo:
1734 884 1834 913 Estne
1854 884 1944 913 Deus
1964 885 1994 913 in
2017 883 2123 914 medio

1162 923 1285 954 nostri?
1319 934 1380 954 non
1404 924 1556 964 intelligit
1580 925 1684 964 palam
1709 926 1754 956 sic
1777 926 1925 965 loquutos
1949 936 2033 957 esse:
2067 925 2123 957 sed

1161 966 1235 1005 quia
1272 967 1332 997 huc
1379 967 1553 997 tendebant
1588 978 1697 998 eorum
1743 968 1907 1005 fremitus,
1950 979 2048 1008 quum
2083 968 2123 999 ob

1162 1019 1263 1048 aquae
1287 1009 1445 1039 defectum
1470 1015 1580 1040 contra
1604 1011 1715 1040 Mosen
1738 1011 1959 1051 insurgerent,
1995 1022 2030 1042 ae
2059 1011 2123 1042 cla-

1162 1058 1291 1082 marent
1314 1062 1347 1081 sc
1371 1051 1409 1082 ab
1432 1063 1468 1082 eo
1491 1052 1588 1082 fuisse
1611 1053 1772 1093 deceptos:
1797 1064 1833 1084 ac
1857 1054 1882 1083 si
1907 1064 2003 1092 penes
2017 1053 2123 1084 Deum

1163 1094 1252 1124 nulla
1277 1100 1360 1124 esset
1383 1094 1558 1125 auxiliandi
1582 1096 1724 1126 facultas.
1753 1096 1825 1126 Etsi
1850 1101 1956 1126 autem
1981 1096 2124 1136 maligno

1163 1141 1194 1166 et
1214 1147 1367 1176 perverso
1392 1138 1508 1176 populo
1532 1145 1696 1168 aeternam
1719 1139 1917 1178 ignominiae
1941 1144 2049 1169 notam
2073 1140 2123 1169 in-

1163 1180 1241 1210 ussit
1267 1180 1370 1214 Dens,
1400 1180 1588 1210 admirabile
1612 1186 1718 1211 tamen
1744 1180 1893 1211 bonitatis
1917 1192 1993 1211 suae
2022 1181 2123 1220 speei-

1163 1232 1236 1252 men
1267 1222 1298 1252 in
1328 1232 1364 1253 eo
1388 1222 1488 1253 edidit
1516 1223 1597 1262 quod
1628 1234 1688 1253 non
1723 1228 1848 1253 tantum
1884 1230 1994 1263 potum
2029 1223 2126 1264 largi-

1163 1271 1215 1295 tus
1238 1269 1285 1295 est
1311 1265 1492 1296 reficiendis
1526 1265 1723 1305 corporibus,
1758 1265 1812 1296 sed
1844 1266 1969 1297 animas
1998 1276 2124 1306 quoque

1164 1308 1315 1347 dignatus
1339 1312 1387 1338 est
1414 1308 1574 1347 spirituali
1603 1313 1694 1347 potu:
1725 1308 1994 1348 quemadmodum
2026 1313 2125 1339 testa-

1164 1355 1215 1380 tur
1240 1350 1361 1380 Paulus
1384 1350 1425 1391 (1.
1452 1350 1522 1381 Gor.
1550 1351 1597 1386 10,
1621 1350 1653 1391 4)
1676 1356 1800 1390 pet-ram
1824 1351 1922 1382 fuisse
1945 1351 2123 1389 Christum,

1164 1399 1192 1422 et
1224 1393 1294 1423 ideo
1324 1404 1436 1432 aquam
1477 1404 1556 1433 quae
1588 1394 1661 1423 inde
1693 1394 1855 1433 profluxit,
1890 1394 1979 1424 calici
2015 1404 2124 1424 sacrae

1163 1446 1280 1466 coenae
1304 1440 1478 1475 comparat.
1534 1436 1584 1466 Ita
1606 1436 1751 1466 videmus
1776 1441 1811 1466 ut
1833 1446 1931 1476 supra
1955 1436 2124 1466 hominum

1163 1479 1318 1508 malitiam
1354 1478 1507 1509 exuberet
1540 1479 1698 1509 immensa
1729 1479 1789 1509 Dei
1823 1479 2057 1516 misericordia,
2092 1483 2125 1509 et

1162 1521 1241 1551 vitia
1265 1532 1373 1551 eorum
1396 1522 1427 1551 iu
1451 1522 1585 1551 salutem
1611 1521 1772 1557 vertendo,
1796 1521 1899 1552 lucem
1925 1532 1964 1552 ex
1983 1522 2124 1552 tenebris

1163 1564 1294 1593 educat:
1320 1569 1444 1593 tantum
1471 1564 1559 1594 abest
1583 1570 1617 1593 nt
1640 1564 1721 1603 quod
1745 1564 1825 1603 ipsis
1849 1564 1927 1594 utile
1950 1568 1999 1595 est
2017 1564 2123 1595 confe-

1162 1617 1245 1643 rens,
1280 1607 1459 1637 mercedem
1484 1606 1637 1646 rependat
1667 1616 1775 1637 corum
1807 1606 1938 1637 meritis.
1983 1606 2047 1638 Sed
2078 1611 2126 1637 te-

1162 1649 1269 1679 nenda
1293 1654 1340 1679 est
1363 1659 1443 1688 quac
1469 1649 1532 1680 illic
1556 1649 1707 1679 inseritur
1730 1649 1913 1684 admonit-io,
1945 1649 2025 1679 nihil
2050 1660 2125 1689 pro-

1162 1692 1260 1722 fuisse
1284 1691 1395 1721 multis
1419 1691 1499 1731 quod
1525 1692 1722 1731 ‹pii-itualcm
1743 1697 1851 1731 potum
1871 1691 2024 1724 biberint:
2048 1694 2124 1732 quia

1163 1735 1284 1765 ¹seilicet
1320 1741 1383 1765 tam
1423 1734 1587 1775 singulare
1622 1734 1738 1764 donum
1780 1735 2021 1773 profanaverint
2055 1736 2122 1766 suis

1162 1777 1345 1808 sceleribus.

1248 1862 1276 1892 S.
1310 1862 1397 1892 Veni(
1428 1865 1528 1891 1121!er
1558 1862 1685 1892 Amalec
1714 1864 1740 1891 et
1761 1862 1907 1900 paynel-it
1928 1871 1996 1892 cum
2021 1861 2123 1894 Israel

1165 1905 1193 1935 iu
1211 1905 1391 1943 Raphidt'm.
1416 1906 1444 1935 9.
1463 1905 1546 1935 Tunc
1558 1905 1602 1934 ait
1617 1904 1718 1934 Mases
1731 1905 1771 1934 ml
1785 1904 1913 1934 Iosmclz:
1932 1903 2124 1944 Eliycvobis

1162 1948 1254 1985 viras,
1279 1950 1304 1976 ιἸ
1324 1949 1479 1986 ‘yffi-edicas
1496 1957 1604 1985 [unqua
1634 1949 1737 1977 eontra
1757 1947 1897 1977 Amalec:
1931 1949 1958 1976 et
1979 1957 2049 1978 cras
2072 1958 2123 1987 690

1162 1990 1246 2020 stabo
1278 1991 1310 2020 in.
1340 1991 1449 2021 ‹cvrum›
1477 1990 1576 2023 collis,
1612 1992 1637 2019 et
1666 1989 1791 2019 baculus
1812 1989 1870 2018 liei
1894 1989 1951 2019 erit
1973 1989 2006 2020 in
2028 1999 2123 2021 ‘nmmo

1162 2043 1238 2063 mea.
1266 2033 1313 2063 10.
1335 2033 1375 2062 Jt'l
1394 2034 1464 2071 frce't
1488 2032 1600 2062 Ios-mdc
1625 2032 1703 2061 siem
1724 2032 1846 2061 differat
1870 2032 1897 2061 ei
1917 2030 2122 2072 Mosespuq-

1163 2076 1266 2106 nando
1289 2085 1356 2105 (tum
1380 2075 1519 2107 Amalec,
1548 2074 1649 2105 illast-,s-
1672 2077 1771 2104 autem
1793 2076 1819 2104 et
1841 2074 1969 2104 Alearon
1993 2077 2019 2105 et
2049 2075 2123 2106 Hm·

1163 2119 1365 2148 ascensurum
1395 2119 1426 2148 rin
1459 2118 1592 2148 verticem
1623 2117 1715 2147 collis.
1774 2117 1820 2146 11.
1852 2116 1893 2146 Et
1921 2117 2036 2155 factum
2071 2121 2122 2151 est,

1163 2171 1258 2199 quum
1282 2161 1392 2191 levaret
1416 2160 1518 2190 Moses
1540 2170 1664 2189 nucinam.
1687 2169 1787 2195 suant,
1804 2159 1985 2197 praevaluit
2014 2159 2123 2199 Israel,

1163 2206 1187 2232 et
1210 2214 1304 2242 «strum
1327 2203 1492 2233 demitteret
1513 2212 1639 2232 nmmum
1661 2212 1758 2234 swam.
1785 2201 1964 2239 praevaluit
1986 2202 2121 2234 Aozzalec.

1166 2246 1213 2276 12.
1240 2246 1357 2276 Manus
1380 2245 1591 2275 (tustinfllosris
1613 2247 1699 2274 erma}
1720 2254 1842 2282 (mwcss
1866 2244 1968 2281 itaque
1991 2244 2124 2276 tuleram

1163 2288 1296 2327 lapidem
1320 2291 1345 2319 et
1367 2290 1590 2327 su)›])0.5uermtt
1613 2288 1648 2321 ei,
1672 2289 1697 2316 et
1718 2287 1793 2316 salit
1811 2296 1904 2324 super
1921 2286 2017 2323 illum,
2037 2287 2124 2318 Alm-

1163 2342 1219 2362 ron
1253 2342 1322 2361 vero
1355 2333 1379 2359 rl
1414 2331 1486 2360 Hm·
1518 2332 1761 2359 sus-lentaverunt
1793 2338 1904 2358 manus
1932 2329 2013 2366 eius,
2047 2330 2123 2360 alter

1163 2374 1234 2405 hinc
1246 2376 1272 2404 et
1284 2374 1360 2403 aller
1372 2373 1449 2403 inde.
1478 2372 1656 2410 Mausilqm‘
1672 2371 1814 2401 acanthus
1828 2371 1896 2401 suis
1907 2371 2009 2408 firmis
2027 2381 2123 2411 usque

1164 2417 1204 2447 (cd
1227 2426 1364 2447 occasum
1386 2416 1467 2445 solis.
1500 2415 1547 2445 13.
1577 2414 1613 2444 lia
1635 2415 1725 2453 srr'yit
1744 2413 1859 2444 Iosmda
1879 2413 2006 2444 Amalec
2025 2416 2051 2443 et
2067 2426 2124 2453 po-

1158 2459 1271 2498 palam
1293 2459 1360 2489 eius
1382 2459 1415 2488 ‘in
1434 2468 1482 2488 ore
1503 2457 1609 2496 aladii.
1657 2457 1703 2486 14.
1732 2456 1816 2486 Tunc
1845 2456 1926 2485 dimit
1948 2455 2059 2487 Ioleovcz
2083 2459 2124 2488 ad

1167 2501 1286 2537 Jllosen,
1317 2501 1412 2531 scribe
1441 2500 1521 2531 illm!
1544 2510 1604 2537 pro
1633 2498 1805 2529 memoriale?
1826 2499 1858 2528 jn
1882 2498 1966 2535 libro,
1989 2500 2016 2528 et
2036 2501 2124 2531 trade

1164 2545 1295 2574 auribus·
1330 2543 1460 2574 losuah:
1491 2542 1636 2581 quonium
1668 2541 1791 2571 delendo
1819 2540 1917 2571 delebo
1945 2542 2124 2574 memoriam

1165 2586 1293 2618 Amalec
1315 2587 1350 2617 de
1372 2586 1426 2615 sub
1449 2585 1532 2616 coelo.
1559 2584 1606 2614 15.
1631 2583 1673 2614 Et
1695 2583 1867 2622 aedificavit
1889 2581 1993 2614 Moses
2015 2583 2127 2619 altare:

1894 2632 1926 2657 12
