2304 3034
880 188 1063 219 PRIMUM
1089 188 1415 222 PRAECEPTUM.

2077 194 2118 225 ἓξ

2122 194 2141 224 m

1070 392 1214 440 LEX.

825 519 1195 558 PRAECEPTL'M
1224 520 1460 560 PRIMUM.

466 665 530 696 EX
554 663 701 695 EXODI
723 663 801 695 XX.

239 753 267 783 3.
294 752 366 782 Non
388 753 475 782 erunt
497 750 551 780 tibi.
574 749 622 780 dii.
644 748 739 780 alieni
762 758 865 779 coram
886 748 968 787 facie
989 758 1065 779 mea.

389 893 636 925 REPETITIO
662 892 880 925 EIUSDEM.

488 961 553 992 EX
577 960 710 992 DEUT.
734 960 770 992 V.

237 1048 264 1079 7.
290 1047 361 1078 Non
384 1048 471 1077 erunt
493 1045 547 1077 tihi
569 1046 616 1076 div?
638 1046 735 1077 alieni
758 1056 859 1077 coram
880 1045 960 1084 facie
982 1055 1058 1076 mea.

235 1133 263 1164 3.
290 1132 361 1163 Non
382 1134 479 1162 erunt.
531 1131 603 1162 Hoe
638 1136 807 1171 praecepto
839 1131 926 1161 iubet
955 1129 1045 1161 Deus
1080 1140 1114 1160 se

151 1186 249 1206 unum
272 1175 431 1205 duntaxat
453 1174 528 1205 coli:
563 1179 595 1205 et
625 1184 741 1213 purum
773 1174 860 1204 omni
884 1173 1113 1212 superstitione

149 1218 270 1249 cultum
295 1218 437 1257 requirit.
488 1216 558 1247 Etsi
583 1217 669 1247 enim
693 1216 821 1247 videtur
844 1216 981 1255 simplex
1005 1215 1112 1255 prohi-

149 1261 235 1299 bitio,
258 1265 366 1290 tamen
385 1260 610 1290 affirmativam
630 1269 669 1290 ex
689 1260 840 1298 negativa
853 1259 968 1289 elicere
980 1262 1113 1298 oportet,

149 1302 416 1343 quemadmodum
436 1313 476 1332 ex
496 1301 702 1341 sequentibus
722 1301 838 1332 melius
856 1301 986 1341 patebit.
1032 1301 1112 1331 Pro-

150 1346 198 1376 dit
225 1356 300 1385 ergo
330 1346 363 1375 in
394 1345 552 1383 medium,
585 1350 621 1375 ut
649 1344 679 1374 in
709 1355 782 1375 eum
813 1345 914 1374 solum
940 1343 1113 1383 respiciant

149 1389 316 1420 Israelitae
340 1388 462 1427 sibique
485 1388 534 1418 ius
554 1398 648 1417 suum
672 1387 828 1424 vendicat,
853 1398 892 1417 ne
916 1386 977 1417 alio
1008 1391 1111 1417 trans-

149 1432 278 1462 feratur.
320 1430 359 1461 In
384 1431 554 1461 verborum
579 1430 777 1469 expositione
802 1440 865 1459 non
895 1439 1007 1459 omnes
1036 1439 1111 1460 eon-

149 1474 302 1505 sentiunt.
344 1472 482 1512 Quidam
508 1473 593 1503 enim
631 1479 699 1504 :³⁵:²2
730 1472 891 1512 accipiunt
914 1482 970 1511 pro
993 1472 1050 1508 ira,
1076 1482 1111 1503 ae

149 1518 173 1548 si
188 1516 306 1548 dietum
327 1520 427 1546 esset:
452 1515 500 1545 Ne
514 1515 635 1545 alienos
655 1515 729 1545 deos
749 1515 805 1545 tibi
819 1525 963 1545 accersas
977 1514 1015 1545 ad
1029 1514 1109 1544 iram

148 1570 250 1590 meam
276 1557 521 1599 provocandam.
567 1558 612 1588 Et
640 1558 741 1588 fateor
772 1568 887 1588 nomen
924 1557 1110 1588 hebraicum

149 1612 242 1642 saepe
265 1601 324 1632 hoc
347 1612 443 1632 sensu
476 1600 560 1640 poni.
606 1600 691 1631 Illud
723 1607 831 1630 tamen
861 1600 999 1630 alterum
1031 1600 1110 1630 mihi

149 1647 265 1675 rectius
284 1644 426 1675 videtur:
450 1643 499 1674 Ne
516 1643 614 1674 facias
633 1643 690 1673 tibi
711 1643 786 1673 deos
805 1653 910 1673 eoram
932 1643 1010 1673 faeie
1029 1653 1109 1686 mea.

150 1688 214 1719 Sed
235 1687 338 1718 adhue
362 1687 467 1726 aliqua
491 1691 540 1717 est
562 1686 711 1721 varietas,
735 1686 810 1725 quia
834 1686 872 1715 de
895 1685 1053 1725 particula
1073 1687 1110 1721 by

148 1741 211 1761 non
235 1730 396 1760 convenit.

148 1773 204 1804 tibi
229 1772 302 1803 deos
326 1783 402 1812 prae
426 1782 484 1808 me,
508 1771 559 1802 vel
578 1782 657 1810 quos
680 1771 759 1801 mihi
785 1772 954 1811 praeferas.
1000 1771 1109 1801 Citant

148 1816 250 1846 loeum
276 1814 373 1845 Dent.
398 1815 456 1849 21,
488 1815 539 1845 ubi
568 1819 651 1844 vetat
676 1815 780 1849 Deus,
815 1815 839 1843 si
863 1814 915 1844 eni
939 1814 1004 1844 sint
1027 1814 1109 1844 duae

146 1868 272 1893 uxores,
297 1863 327 1888 et
351 1868 390 1888 ex
414 1865 549 1896 utraque
571 1857 672 1894 liberi,
697 1868 735 1887 ne
760 1856 1047 1896 primogenituram
1069 1856 1108 1887 ad

146 1900 319 1931 seeundum
344 1901 518 1931 transferat
542 1910 649 1930 eoram
673 1899 754 1930 facie
781 1899 996 1939 primogeniti.
1042 1899 1107 1930 Ve-

145 1953 216 1973 rum
240 1948 275 1973 ut
298 1943 409 1973 demus
431 1942 496 1973 illic
520 1942 590 1973 fieri
613 1942 884 1982 comparationem
910 1942 1043 1972 minoris
1077 1947 1108 1972 et

145 1986 284 2023 maioris,
319 1986 414 2016 nimis
437 1985 589 2025 frigidum
613 1991 713 2021 esset,
743 1985 894 2015 hocloco
925 1995 989 2014 1100
1020 1984 1105 2015 aliud

145 2027 251 2058 Deum
283 2028 445 2067 postulare
475 2038 569 2067 quam
601 2039 640 2058 ne
664 2028 861 2067 superiorem
889 2026 1024 2067 gradum
1052 2028 1105 2058 ob-

146 2070 270 2101 tineant
291 2070 333 2101 dii
354 2071 464 2101 alieni:
499 2071 627 2110 quando
652 2080 709 2101 nee
732 2070 792 2101 sibi
816 2070 946 2109 aequari
975 2071 1105 2109 patitur,

147 2113 195 2143 vel
219 2113 314 2144 etiam
339 2114 470 2144 comites
493 2114 635 2153 adiungi.
660 2113 803 2143 Vitiatur
827 2113 911 2143 enim
932 2118 963 2143 et
981 2113 1105 2143 adulte-

146 2162 235 2185 ratur
248 2156 368 2195 religio,
387 2156 483 2186 simul
502 2166 538 2186 ae
550 2156 719 2186 minimum
739 2155 858 2195 aliquid
872 2155 1053 2186 detrahitur
1065 2166 1104 2186 ex

149 2197 208 2227 Dei
231 2198 340 2238 gloria.
381 2199 424 2228 Et
447 2199 574 2233 seimus,
599 2209 695 2238 quum
718 2209 792 2229 suos
816 2198 941 2229 Baalim
966 2199 1106 2229 colerent

147 2239 311 2271 Israelitae
342 2252 402 2271 non
434 2242 478 2271 ita
507 2241 593 2280 ipsos
622 2241 812 2281 subrogasse
842 2241 874 2271 in
905 2241 1008 2271 100001
1033 2241 1103 2278 Dei,

149 2288 186 2311 ut
208 2292 243 2312 eo
266 2283 445 2321 posthabito
464 2284 642 2315 tribuerent
657 2284 722 2315 illis
745 2294 906 2314 summum
921 2284 1103 2323 imperium.

149 2323 226 2353 Fuit
249 2329 355 2355 tamen
379 2326 456 2357 haee
480 2326 611 2356 minime
637 2326 810 2357 tolerabilis
834 2327 1013 2365 profanatio
1036 2327 1103 2357 eul-

149 2371 200 2396 tus
224 2365 298 2402 Dei,
327 2378 363 2398 ac
391 2368 522 2407 proinde
552 2369 650 2408 impia
678 2369 774 2399 huius
804 2370 965 2408 praecepti
997 2375 1103 2400 trans-

150 2409 284 2446 gressio,
315 2415 463 2448 patronos
491 2411 549 2442 sibi
581 2412 720 2451 deligere
754 2422 851 2451 penes
873 2422 951 2451 quos
974 2412 1104 2443 deitatis

149 2460 224 2489 pars
247 2450 351 2490 aliqua
373 2453 538 2484 resideret:
570 2455 645 2493 quia
675 2454 738 2485 nisi
761 2454 882 2485 eminet
905 2454 991 2485 solus
1013 2454 1103 2485 Deus

149 2492 335 2523 tantundem
348 2494 534 2526 obscuratur
546 2497 614 2527 eius
633 2497 793 2527 maiestas.
825 2498 1014 2528 Genuinum
1035 2508 1103 2528 esse

149 2545 225 2574 ergo
248 2546 375 2566 sensum
399 2538 554 2577 existimo,
576 2550 616 2570 ne
640 2550 720 2579 quos
738 2539 799 2570 sibi
818 2539 893 2570 dces
912 2540 1037 2579 fingant
1056 2540 1103 2571 Is-

150 2577 295 2615 raelitae,
327 2589 404 2617 quos
431 2591 505 2611 vero
533 2587 564 2611 et
592 2583 685 2613 00100
708 2581 777 2612 Deo
801 2588 973 2621 opponant.
1019 2582 1102 2613 Nam

149 2619 306 2650 Hebraeis
329 2621 445 2652 Coram
468 2622 558 2662 faeie,
580 2628 616 2654 ut
639 2625 813 2664 plurimum
836 2625 997 2665 signifieat
1016 2635 1033 2655 e
1056 2635 1103 2656 re-

444 1728 530 1760 Sunt
552 1729 637 1759 enim
661 1730 714 1768 qni
734 1735 912 1768 exponant:
940 1728 987 1758 Ne
1011 1728 1110 1759 faeias
1137 1755 1138 1762 ,

1169 663 1272 702 gione.
1318 664 1391 694 Non
1416 665 1485 695 vult
1503 665 1602 705 igitur
1624 666 1714 697 Deus
1736 665 1797 697 sibi
1818 665 1946 697 obtrudi
1965 667 2077 705 socios,
2101 671 2133 698 et

1170 711 1323 744 tanquam
1346 707 1380 736 10
1404 712 1575 747 conspectu
1594 719 1652 739 suo
1672 709 1778 740 locari.
1802 709 1933 739 Interea
1956 709 2037 740 mihi
2058 720 2132 750 pro—

1169 747 1274 778 babile
1297 753 1353 787 est,
1377 750 1480 788 ipsum
1506 750 1646 782 alludere
1666 751 1704 782 ad
1725 751 2029 789 manifestationem,
2051 763 2132 792 quae

1170 790 1325 830 populum
1355 792 1387 821 in
1417 792 1541 823 sincera
1564 794 1682 832 pietate
1705 794 1844 824 retinere
1868 794 2029 825 debuerat.
2076 795 2131 826 Sic

1170 833 1256 863 enim
1280 833 1398 864 tradita
1422 834 1455 864 in
1480 835 1548 875 lege
1572 837 1675 867 fuerat
1691 847 1769 867 vera
1787 847 1932 876 puraque
1952 837 2074 877 religio,
2094 842 2131 868 ut

1169 875 1235 905 illie
1258 875 1490 915 quodammodo
1515 878 1634 909 luceret
1654 879 1714 909 Dei
1737 879 1843 910 facies.
1889 879 1963 911 Alia
1986 880 2130 920 gentium

1169 917 1265 955 ratio,
1296 929 1376 958 quae
1407 920 1535 950 tametsi
1567 921 1662 952 falsos
1693 921 1767 952 deos
1801 921 1861 952 sibi
1885 926 2005 953 temere
2028 923 2129 962 finge-

1168 960 1262 997 bant,
1293 971 1358 991 non
1382 966 1489 992 tamen
1513 973 1619 993 eoram
1649 964 1729 994 faeie
1756 963 1827 1002 Dei,
1856 975 1937 1004 quae
1965 964 2031 996 illis
2061 969 2130 996 erat

1166 1003 1337 1043 incognita.
1384 1003 1531 1035 Sciamus
1561 1016 1637 1046 ergo
1659 1006 1718 1037 1105
1742 1006 1873 1037 demum
1896 1007 2020 1038 censeri
2050 1007 2130 1048 legi-

1166 1046 1261 1076 timos
1285 1046 1346 1076 Dei
1380 1047 1534 1084 cultores,
1568 1049 1618 1087 qui
1648 1049 1811 1089 figmentis
1840 1049 1991 1081 omnibus
2021 1050 2128 1081 valere

1166 1088 1278 1125 iussis,
1308 1089 1368 1128 ipsi
1393 1090 1449 1120 uni
1471 1090 1676 1122 adhaereant.
1733 1091 1800 1123 Nee
1824 1102 1900 1122 vero
1924 1091 2055 1123 dubium
2080 1097 2128 1124 est

1166 1131 1243 1170 quin
1268 1131 1317 1162 his
1348 1132 1454 1163 verbis
1485 1134 1774 1173 comprehendatur
1802 1134 1938 1165 interior
1966 1135 2028 1166 Dei
2060 1135 2126 1166 eul-

1166 1178 1228 1209 tus,
1252 1173 1380 1213 quando
1405 1182 1608 1215 praeceptum
1633 1177 1691 1207 1100
1720 1176 1827 1207 differt
1850 1187 1868 1207 a
1891 1178 2047 1216 proximo,
2072 1177 2126 1208 ubi

1165 1221 1299 1247 externa
1328 1216 1509 1248 idololatria
1539 1218 1753 1250 damnabitur.
1805 1219 1850 1250 Et
1886 1219 2032 1252 homines
2066 1220 2127 1251 sibi

1165 1259 1236 1289 aliis
1259 1258 1361 1289 modis
1385 1259 1459 1291 deos
1482 1261 1584 1291 faeere
1607 1272 1701 1301 quam
1726 1262 1758 1292 in
1782 1262 1912 1300 statuis,
1943 1266 1999 1293 aut
2021 1263 2126 1302 pietu-

1165 1302 1220 1338 ris,
1243 1307 1299 1332 aut
1321 1302 1386 1332 ulla
1410 1303 1527 1333 visibili
1551 1304 1662 1343 speeie,
1687 1304 1766 1335 satis
1789 1309 1900 1335 notum
1924 1310 1981 1336 est.
2016 1305 2125 1346 Ange-

1165 1344 1214 1374 los
1238 1344 1264 1374 si
1288 1345 1359 1383 quis
1383 1344 1492 1376 adoret
1515 1346 1582 1376 loeo
1606 1347 1675 1381 Dei,
1707 1347 1757 1377 vel
1781 1357 1932 1378 areanum
1953 1347 2040 1378 aliud
2065 1359 2125 1379 nu-

1165 1397 1239 1417 men
1263 1387 1362 1418 stulte
1385 1388 1595 1428 imaginetur,
1631 1389 1689 1419 hae
1718 1389 1786 1429 lege
1809 1400 1899 1420 reum
1923 1391 2025 1421 teneri
2055 1391 2126 1421 nul-

1166 1430 1214 1460 lus
1241 1430 1380 1470 negabit.
1427 1431 1586 1462 Vendieat
1615 1442 1690 1472 ergo
1720 1432 1809 1463 Deus
1839 1431 1898 1463 sibi
1928 1434 2025 1463 etiam
2055 1443 2126 1464 eor-

1165 1471 1253 1502 dium
1277 1473 1418 1509 affectus,
1442 1478 1478 1504 ut
1498 1474 1709 1513 spiritualiter
1731 1474 1817 1505 solus
1840 1474 1972 1506 colatur.
2018 1476 2125 1515 Atque

1164 1514 1227 1546 hue
1250 1526 1314 1545 non
1334 1516 1440 1555 inepte
1464 1517 1574 1547 referri
1598 1520 1701 1556 potest
1723 1517 1881 1556 particula
1905 1517 2021 1548 Coram
2045 1518 2124 1550 faeie

1165 1568 1248 1588 mea:
1284 1558 1357 1597 quia
1389 1559 1447 1588 etsi
1478 1558 1643 1589 hominnm
1672 1560 1780 1590 oeulos
1813 1559 1892 1590 latet
1927 1570 2036 1591 eorum
2066 1561 2124 1591 im-

1164 1601 1267 1639 pietas
1290 1601 1343 1640 qui
1367 1601 1405 1631 ad
1430 1611 1597 1640 perversos
1620 1602 1723 1633 cultus
1745 1602 1826 1633 elam
1851 1601 2064 1643 degenerant,
2093 1606 2125 1634 et

1163 1644 1253 1673 intus
1278 1643 1388 1674 fovent
1411 1654 1486 1674 5005
1509 1654 1641 1682 errores,
1676 1645 1737 1675 Dei
1768 1649 1876 1675 tamen
1907 1645 2124 1685 cognitionem

1164 1696 1228 1716 non
1262 1686 1395 1726 effugiet
1429 1697 1537 1717 eorum
1572 1687 1749 1727 hypocrisis
1776 1692 1806 1717 et
1840 1687 1982 1726 perfidia.
2035 1688 2123 1720 Hine

1163 1729 1259 1759 etiam
1295 1729 1451 1768 sequitur,
1487 1740 1550 1759 non
1583 1731 1642 1760 rite
1676 1730 1734 1760 eoli
1768 1729 1899 1760 unicum
1924 1729 2031 1761 Deum
2061 1731 2122 1762 nisi

1162 1775 1330 1810 separetur
1354 1771 1393 1802 ab
1412 1772 1560 1803 omuibus
1584 1773 1754 1812 figmentis.
1785 1772 1894 1810 Quare
1917 1783 1981 1803 non
2005 1773 2123 1804 suffieit

1162 1814 1231 1844 eius
1255 1825 1369 1844 nomen
1394 1814 1584 1849 obtendere,
1608 1815 1668 1845 nisi
1693 1814 1892 1854 corruptelae
1915 1825 2026 1846 001005
2049 1826 2122 1847 ver-

1161 1856 1200 1887 bo
1225 1857 1290 1887 eius
1313 1857 1466 1887 adversae
1488 1857 1654 1888 faeessant.
1678 1857 1771 1888 Unde
1795 1858 1930 1897 emergit
1949 1857 2121 1889 discrimen

1162 1910 1256 1930 verae
1280 1899 1444 1939 religionis
1468 1911 1486 1930 a
1507 1900 1613 1938 pravis
1636 1899 1928 1939 superstitionibus.
1981 1900 2120 1938 Quando

1160 1943 1245 1972 enim
1271 1942 1479 1982 praescripsit
1505 1943 1592 1973 Deus
1615 1942 1770 1981 quomodo
1795 1942 1872 1972 velit
1893 1952 1911 1972 a
1934 1942 2025 1974 nobis
2051 1943 2122 1981 0011,

1159 1985 1213 2015 ubi
1238 1985 1288 2015 vel
1313 1985 1476 2015 tantillum
1501 1985 1699 2016 deflectimus
1729 1985 1767 2015 ab
1793 1985 1851 2015 hac
1883 1985 2011 2024 regula,
2047 1985 2122 2017 deos

1158 2027 1280 2058 alienos
1309 2028 1400 2058 nobis
1430 2028 1611 2065 statuimus,
1641 2027 1731 2057 illum
1748 2028 1781 2057 10
1805 2026 1950 2058 ordinem
1971 2027 2123 2068 cogendo.

1405 2171 1513 2203 LOCI
1538 2172 1598 2202 AD
1622 2170 1879 2201 PRAEGEPTI

1214 2213 1355 2246 HUIUS
1387 2213 1736 2246 EXPOSITIONEM
1760 2212 2062 2245 SPECTANTES.

1490 2274 1552 2304 EX
1573 2273 1704 2304 DEUT.
1729 2271 1788 2304 VI.

1243 2351 1271 2381 4.
1297 2351 1384 2382 Audi
1400 2350 1509 2387 Israel,
1535 2349 1646 2380 Iehora
1658 2349 1745 2380 Deus
1763 2351 1863 2380 voster
1875 2348 1963 2380 Deus
1973 2359 2056 2381 unus
2067 2353 2119 2382 est.

1486 2494 1549 2525 EX
1574 2493 1703 2525 DEUT.
1729 2492 1786 2523 VI.

1244 2581 1292 2612 13.
1318 2580 1460 2612 Ielzoram
1483 2579 1583 2610 Deum
1611 2581 1697 2609 mcum
1725 2577 1861 2615 timebis,
1892 2579 1920 2608 et
1940 2578 2044 2616 ipsum
2072 2588 2118 2610 30-

1155 2624 1220 2655 Zmn
1241 2624 1325 2655 coles.

1865 2668 1916 2695 17*
