2304 3034
116 170 178 201 269

116 263 202 294 lendi
235 263 406 294 efficaciam
442 262 583 293 obtineat
616 260 669 290 ille
709 258 869 290 mendacii
907 265 998 298 pater
1034 270 1072 289 ex

115 307 198 337 iusta
212 305 274 336 Dei
297 305 448 341 vindicta,
473 304 511 334 ad
534 302 749 334 excaecandos
772 301 964 332 incredulos.
988 301 1072 331 Nam

115 348 198 388 quod
222 358 239 378 a
264 348 388 378 nasutis
410 347 488 377 haec
508 351 658 384 tanquam
683 344 825 375 fabulosa
850 343 1005 379 ridentur,
1041 344 1071 373 id

114 392 151 422 fit
184 391 299 430 supino
335 394 534 428 contemptu:
569 388 643 426 quia
676 397 741 416 non
784 393 936 425 reputant
976 397 1071 425 quam

114 433 259 464 horribili
284 433 400 463 iudicio
428 431 516 470 digni
545 430 627 465 sint,
662 429 715 468 qui
745 429 848 459 lucem
879 434 993 468 sponte
1017 439 1073 459 ex-

115 475 318 516 stinguendo,
342 473 489 505 tenebras
512 473 571 502 sibi
595 477 771 502 accersunt.
795 471 968 501 Pretiosior
987 472 1071 501 enim

114 519 184 550 Deo
212 524 261 548 est
291 528 348 547 sua
378 516 512 551 veritas,
542 524 637 553 quam
668 520 704 544 ut
738 524 807 544 eam
832 515 919 544 reiici
943 514 1073 553 impune

114 562 207 592 sinat.
262 560 357 591 Certe
389 557 544 596 sacrilega
574 562 657 587 esset
685 556 832 591 audacia,
869 567 990 596 negare
1015 567 1073 586 un-

114 614 208 643 quam
233 603 266 633 16
291 613 348 632 666
372 601 469 630 fuisse
492 606 576 629 artes
601 599 755 638 magicas:
792 599 866 638 quia
892 599 948 629 hoc
980 598 1074 628 modo

114 646 204 676 Deus
228 643 450 683 incogitantiae
473 648 678 681 argueretur.
709 652 745 671 ac
769 643 794 672 si
820 642 921 681 legem
946 641 1074 671 tulisset

115 688 153 719 de
177 687 271 718 rebus
290 696 369 726 quae
392 685 500 715 nullae
523 690 624 714 erant.
671 683 764 721 Quod
788 683 938 714 obiicitur
961 684 1073 714 absur-

114 731 206 767 ditas,
237 730 281 760 sic
303 728 437 758 nimium
461 726 572 757 extolli
597 726 738 757 Satanae
762 728 956 766 potentiam,
988 736 1024 756 ac
1047 727 1073 756 si

113 774 145 804 in
166 773 233 803 eius
252 781 348 801 manu
361 775 467 800 essent
480 768 724 808 praedictiones,
745 779 823 808 quas
835 768 924 799 Deus
944 769 1000 799 uni
1014 769 1073 799 sibi

113 815 278 847 vendicat:
310 811 424 843 deinde
453 817 560 851 posset
589 813 724 842 miscere
745 813 892 842 vivorum
917 812 1074 850 colloquia

112 868 184 889 cum
214 855 363 892 mortuis,
394 860 426 884 et
459 860 646 885 convertere
678 864 785 884 rerum
820 855 954 884 formas:
987 854 1073 884 solu-

112 901 156 931 tio
179 899 278 930 facilis
297 905 354 929 est.
379 896 473 934 Quod
496 897 534 927 ad
559 897 712 928 vaticinia
736 902 868 936 spectat,
894 896 974 927 nihil
994 907 1073 936 opus

112 949 161 974 est
190 941 349 972 subtiliter
383 940 547 979 disputare
572 939 657 970 unde
681 950 730 970 res
754 939 894 970 occultas
919 939 1073 979 praescis-

112 990 164 1017 cat
183 983 283 1016 Satan
314 982 361 1023 (iu
392 993 454 1022 qua
476 988 568 1022 parte
593 982 689 1012 nimis
714 983 824 1019 anxie,
854 993 923 1013 meo
947 981 1073 1017 iudicio,

111 1039 145 1059 se
168 1027 260 1057 torsit
282 1024 501 1066 Augustinus)
524 1026 599 1063 quia
623 1035 844 1064 supervacuus
878 1030 927 1055 est
950 1025 1003 1054 ille
1028 1025 1072 1054 la-

111 1070 177 1105 bor,
201 1069 226 1099 si
251 1074 398 1098 tenemus
422 1068 507 1098 iusto
532 1067 593 1097 Dei
615 1067 732 1097 iudicio
763 1067 905 1106 permitti
939 1067 1073 1098 diabolis

111 1113 248 1152 aliquam
274 1110 469 1141 vaticinandi
493 1110 647 1149 speciem,
679 1121 741 1149 qua
765 1110 947 1140 incredulos
971 1111 1073 1149 magis

111 1165 146 1186 ac
176 1153 277 1192 magis
309 1153 485 1192 decipiant:
515 1153 599 1183 sieut
629 1153 704 1182 alibi
734 1153 838 1183 fusius
868 1152 1072 1183 tractandum

110 1197 180 1228 erit.
212 1196 340 1226 Interea
359 1196 487 1231 scimus,
511 1195 661 1225 omnibus
681 1195 833 1226 falsorum
853 1195 984 1225 deorum
1005 1206 1073 1225 ora-

109 1239 188 1271 culis
215 1249 271 1278 per
300 1238 489 1277 flexiloquas
519 1239 670 1277 ambages
694 1238 815 1268 derisos
840 1239 938 1269 fuisse
968 1239 1072 1268 incre-

109 1282 210 1320 dulos,
234 1287 270 1311 ut
292 1292 362 1311 sero
386 1281 515 1311 tandem
547 1286 664 1311 eventu
689 1281 847 1311 sentirent
869 1292 902 1311 se
922 1281 1072 1320 illaquea-

109 1330 157 1355 tos
186 1325 284 1354 fuisse
315 1323 487 1354 lethalibus
520 1323 683 1362 decipulis.
740 1323 853 1362 Itaque
888 1325 957 1353 iure
987 1323 1071 1362 apud

109 1367 225 1398 Isaiam
250 1366 300 1402 41,
324 1366 364 1396 23
396 1365 484 1396 Deus
515 1366 663 1396 omnibus
692 1366 786 1396 idolis
812 1367 945 1406 abrogat
970 1366 1071 1396 futuri

109 1410 262 1449 temporis
286 1410 462 1439 scientiam.
486 1408 524 1438 Id
548 1414 657 1438 tamen
682 1419 745 1439 non
770 1409 877 1439 obstat
900 1410 1072 1448 quominus

111 1452 250 1484 Satanae
274 1452 397 1491 aperiat
420 1451 575 1490 quaedam
600 1451 796 1487 abscondita,
821 1462 954 1490 quorum
979 1462 1070 1490 prue-

109 1495 255 1531 dictione,
281 1495 372 1533 quasi
397 1494 500 1524 fallaci
526 1500 632 1534 gustu,
657 1493 791 1524 deliniat.
815 1494 976 1533 reprobos.
1012 1494 1071 1524 Fa-

109 1544 177 1568 teor
190 1543 274 1568 certc
286 1537 450 1567 Romanos
474 1547 620 1576 augures,
644 1537 798 1576 temporis
818 1547 1000 1577 progressu.
1021 1537 1073 1567 ab<

109 1581 190 1611 iecta
212 1579 394 1620 augurandi
415 1589 507 1616 cura,
542 1580 659 1610 crassis
683 1585 808 1610 tantum
834 1580 996 1620 figmentis
1021 1580 1072 1610 abÎ‡

108 1633 181 1653 usos
205 1623 302 1653 fuisse
326 1621 366 1652 ad
389 1621 565 1652 fallendum
588 1622 714 1661 vulgus.
761 1622 885 1653 Verum
910 1623 972 1653 nisi
996 1622 1070 1652 olim

109 1666 158 1696 vel
182 1666 322 1695 maxime
343 1665 544 1704 perspicaces
569 1666 668 1695 Satan
690 1665 747 1696 hoc
771 1666 906 1696 artificio
930 1666 961 1695 in
986 1676 1072 1695 erro-

108 1719 175 1739 rem
199 1708 368 1745 traxisset,
399 1718 462 1738 non
487 1708 582 1738 toties
605 1708 637 1738 iu
662 1708 843 1747 praecipuis
868 1708 947 1748 Cyri
970 1707 1073 1738 laudi-

109 1751 168 1781 bus
196 1756 327 1790 poneret
359 1750 541 1781 Socraticus
564 1749 765 1790 Xenophon,
797 1751 941 1790 auguriis
976 1751 1073 1781 fuisse

110 1794 278 1829 intentum,
303 1798 334 1823 et
357 1793 402 1823 ita
424 1793 572 1823 edoctum
596 1804 615 1824 a.
638 1799 738 1832 patre.
778 1793 926 1833 Denique
950 1800 1073 1832 tempo-

110 1846 181 1866 rum
212 1836 355 1866 omnium
386 1836 588 1875 experientia
617 1836 795 1871 convincit,
826 1836 973 1867 homines
1001 1846 1073 1875 per-

111 1888 202 1909 verse
225 1879 365 1909 curiosos
388 1888 482 1917 saepe
513 1889 531 1909 a
559 1878 682 1909 Satana
706 1889 762 1918 per
785 1889 895 1919 magos
926 1879 1073 1909 didicisse

111 1920 195 1960 quod
218 1921 405 1951 humanitus
429 1921 579 1961 cognosci
604 1932 667 1952 non
692 1927 828 1961 poterat.
867 1922 916 1952 De
939 1932 1072 1961 operum

112 1963 236 2000 effectu,
259 1964 328 1994 sive
352 1968 494 1994 mortuos
518 1964 646 2000 excitet,
670 1964 739 1994 sive
763 1964 896 1995 fascinet
927 1964 1074 1994 homines

112 2011 143 2036 et
166 2005 260 2036 bruta
283 2006 444 2043 animalia,
469 2006 537 2037 sive
556 2007 830 2037 incantationibus
852 2018 954 2037 novas
978 2007 1074 2038 facies

113 2049 206 2079 rebus
230 2048 350 2086 induat,
373 2049 418 2079 sic
437 2049 618 2079 habendum
640 2055 696 2086 est,
720 2060 928 2089 quaecunque
946 2050 1075 2080 videtur

114 2090 206 2121 edere
228 2091 391 2129 miracula,
420 2102 525 2122 meras
548 2102 616 2123 esse
640 2093 839 2132 praestigias.
887 2094 1008 2132 Atque,
1040 2097 1075 2122 ut

115 2138 162 2163 est
185 2139 274 2172 pater
297 2135 518 2170 tenebrarum,
543 2140 666 2165 certum
697 2142 745 2165 est
774 2135 854 2165 nihil
887 2145 979 2175 posse
1014 2135 1073 2165 nisi

115 2175 198 2214 apud
220 2175 409 2214 incredulos,
433 2187 568 2216 quorum
593 2177 822 2208 obtenebratae
845 2182 922 2208 sunt
941 2183 1073 2213 mentes,

116 2222 153 2246 ut
175 2217 279 2248 album
303 2229 321 2249 a
343 2220 436 2259 nigro
459 2230 521 2250 non
548 2219 745 2251 discernant.
791 2220 942 2251 Vidimus
966 2226 1073 2250 tamen

117 2264 192 2289 ante
220 2266 255 2290 ut
276 2262 362 2301 magi
384 2262 564 2293 Pharaonis
588 2263 740 2293 aemulati
763 2264 829 2293 sint
851 2264 883 2293 in
909 2263 1074 2294 miraculis

118 2301 241 2332 Mosen.
285 2302 393 2341 Quare
420 2305 501 2335 nihil
532 2306 651 2336 mirum
682 2306 708 2336 si
735 2306 793 2336 Dei
825 2306 984 2345 permissu
1023 2306 1072 2336 vel

117 2343 274 2375 elementa
296 2346 416 2383 turbet,
449 2348 499 2378 vel
531 2347 650 2379 morbis
679 2352 711 2378 et
733 2348 805 2379 aliis
829 2349 921 2379 noxis
944 2348 1074 2378 infestet

118 2385 275 2432 reprobos,
301 2388 350 2418 vel
373 2390 470 2419 oeulis
494 2390 721 2429 phantasmata
740 2390 877 2422 obiiciat.
912 2390 985 2430 Quo
1005 2402 1071 2421 ma-

117 2438 166 2467 gis
190 2429 348 2475 rogandus
370 2437 418 2461 est
441 2432 529 2463 nobis
553 2433 640 2464 Deus
665 2439 701 2464 ut
725 2434 849 2464 hostem
880 2440 1072 2473 compescat,

117 2475 163 2500 tot
186 2470 344 2509 pestiferis
366 2473 486 2504 artibus
509 2481 622 2507 contra
645 2487 704 2507 nos
726 2477 932 2507 instructum.

203 2513 250 2560 12.
275 2513 470 2546 Abominatio
491 2518 570 2548 enim
591 2521 635 2549 est
658 2519 794 2550 Iekovae.
838 2520 984 2550 Primum
1011 2519 1070 2549 Dei

116 2559 321 2586 autoritatem
334 2557 401 2587 vult
414 2569 481 2589 esse
499 2559 600 2591 instar
618 2562 720 2592 fraoni
740 2561 780 2592 ad
799 2562 885 2602 ipsos
904 2562 1069 2601 regendOS,

117 2596 231 2628 deinde
259 2598 434 2630 vindictam
467 2600 530 2632 illis
552 2604 716 2643 proponit,
746 2615 842 2644 quam
873 2605 967 2644 paulo
997 2609 1070 2644 post

839 166 1025 198 PRIMUM
1048 166 1368 198 PRAECEPTUM.

2028 166 2090 196 270

1126 259 1228 289 visuri
1252 266 1344 290 erant
1368 260 1525 290 adversus
1548 266 1675 299 gentes:
1708 261 1771 290 imo
1795 259 1885 289 euius
1908 258 1969 298 ipsi
1998 269 2090 289 exse-

1126 307 1276 340 quutores
1300 308 1331 332 ct
1355 303 1492 333 ministri
1513 308 1606 333 erant
1630 302 1740 333 futuri.
1786 301 1895 340 Quum
1920 301 2005 331 enim
2031 302 2089 331 mi-

1126 344 1211 373 ninie
1241 345 1409 375 obscurum
1443 345 1506 375 illis
1535 356 1604 376 esse
1636 351 1751 384 posset,
1783 343 1950 383 indigenas
1985 350 2090 374 terrae

1126 386 1279 417 Chanaan
1313 398 1377 417 non
1410 388 1556 418 evulsum
1590 387 1629 417 iri
1662 398 1702 417 ex
1736 386 1919 426 tranquillis
1961 386 2091 417 sedibus

1126 429 1188 459 nisi
1214 429 1274 459 Dei
1299 440 1405 466 manu,
1430 440 1556 461 eausam
1583 430 1699 461 excidii
1723 430 1806 460 lianc
1830 430 1982 470 assignat,
2006 428 2090 468 qnod

1126 482 1159 501 se
1183 478 1214 501 et
1238 476 1358 502 terram
1377 473 1541 513 sacrilegis
1560 473 1623 503 illis
1642 479 1674 502 et
1688 472 1835 502 nefandis
1853 471 2090 511 superstitioni-

1128 513 1185 543 bus
1218 514 1408 553 polluerant.
1460 516 1538 545 Tam
1577 515 1698 555 insigni
1729 515 1827 554 igit-ur
1857 515 2003 554 exemplo
2038 525 2091 545 eos

1127 556 1275 593 deterret,
1299 568 1338 586 ne
1362 557 1483 587 scelera
1508 559 1673 588 imitentur
1697 568 1777 596 quae
1802 557 1906 587 Deum
1932 564 1996 587 tam
2017 567 2089 596 gra-

1128 599 1209 628 viter
1233 599 1341 630 ulcisci
1366 606 1502 630 eventus
1522 601 1589 640 ipse
1615 599 1823 630 monstrabat.
1875 598 1981 630 Sicuti
2005 600 2089 630 Pau-

1127 641 1177 670 lus
1212 640 1321 671 fideles
1356 642 1506 672 admonet
1549 643 1721 683 diligenter
1758 641 1937 673 cavendum
1973 653 2042 673 esse
2072 653 2091 673 a

1127 685 1263 722 peccatis
1287 694 1366 723 6666
1391 686 1469 715 iram
1483 685 1543 715 Dei
1564 685 1725 716 concitant
1745 689 1856 715 contra
1871 684 2090 716 inobedientes

1126 724 1259 766 (Ephes.
1284 727 1312 761 5,
1336 726 1376 767 (á½).

1213 769 1260 799 13.
1286 770 1406 809 Inteyer
1428 771 1497 800 eris.
1530 770 1673 809 Respicit
1696 770 1734 800 ad
1759 769 1853 800 fidem
1873 774 2019 799 mutuam
2040 780 2089 800 sa-

1125 812 1170 842 cri
1195 811 1344 848 foederis,
1375 823 1437 851 quo
1461 818 1494 842 ut
1517 823 1550 842 se
1569 813 1787 843 obstrinxerat
1811 811 1947 849 Iudaeis,
1974 812 2017 842 ita
2041 813 2087 843 vi-

1125 855 1232 885 cissim
1252 865 1305 884 eos
1324 855 1383 885 sibi
1404 854 1603 888 devinxerat,
1624 866 1662 885 ne
1682 866 1716 885 se
1736 854 1828 885 idolis
1848 855 2088 894 prostituerent,

1126 897 1174 927 vel
1195 903 1384 936 appeterent
1403 897 1523 927 alienas
1544 898 1721 937 religiones,
1743 908 1822 937 quae
1843 897 1904 928 huc
1924 897 2000 928 11166
2020 897 2088 928 666-

1126 939 1260 969 trahunt
1294 944 1419 969 mentes
1450 940 1627 971 hominum.
1671 940 1760 971 Haec
1788 940 1888 980 igitur
1918 940 2087 980 integritas

1125 982 1297 1021 opponitur
1320 982 1468 1012 omnibus
1491 983 1643 1013 mixturis
1672 983 1720 1013 vel
1745 983 1934 1021 corruptelis
1965 993 2046 1021 quae
2070 994 2087 1013 6

1125 1026 1249 1054 sincero
1274 1025 1335 1054 Dei
1366 1025 1462 1055 unius
1496 1026 1582 1055 cultu
1615 1036 1672 1055 nos
1696 1025 1876 1055 abducunt:
1907 1025 1981 1064 quia
2011 1025 2087 1055 sim-

1126 1067 1250 1107 plicitas
1275 1078 1355 1106 quae
1380 1078 1436 1097 nos
1455 1068 1596 1098 continet
1617 1068 1647 1097 in
1668 1068 1813 1098 eoelestis
1833 1068 1997 1098 doctrinae
2016 1068 2088 1098 obe-

1125 1109 1256 1147 dientia,
1277 1110 1452 1148 spiritualis
1475 1116 1523 1140 est
1546 1110 1683 1147 castitas,
1708 1120 1802 1149 quain
1824 1110 1926 1151 exigit
1941 1111 2029 1141 Deus
2048 1111 2087 1141 ab

1125 1152 1258 1183 eet-lesia
1281 1163 1347 1183 sua.
1395 1153 1438 1182 Et
1461 1152 1703 1183 circumstantia
1726 1153 1784 1183 loci
1815 1152 1874 1183 hoc
1897 1153 1975 1183 satis
2001 1153 2087 1184 clare

1126 1195 1247 1235 probat,
1274 1195 1377 1225 Deum
1404 1194 1442 1225 ab
1465 1196 1549 1225 omni
1575 1195 1704 1226 licentia
1722 1195 1870 1226 cohibere
1882 1195 2027 1232 Iudaeos,
2052 1201 2087 1226 ut

1124 1248 1180 1269 suo
1207 1238 1340 1276 imperio
1369 1237 1487 1268 addicti
1511 1249 1575 1268 non
1598 1238 1860 1278 circumspiciant
1883 1239 1916 1268 in
1940 1237 2087 1269 diversas

1125 1286 1243 1320 partes,
1278 1291 1335 1311 nec
1367 1280 1512 1311 ferantur
1542 1291 1624 1311 vana
1654 1281 1794 1315 levitate,
1824 1280 1878 1311 sed
1898 1286 2086 1312 constanter

1125 1328 1278 1353 maneant
1308 1323 1341 1353 in
1373 1333 1451 1362 puro
1481 1322 1569 1353 cultu
1601 1333 1695 1362 quem
1726 1323 1790 1353 illis
1825 1323 2084 1363 praescripserat.

1125 1366 1196 1396 Hac
1221 1366 1343 1395 ratione
1366 1365 1489 1396 Paulus
1519 1376 1552 1395 se
1576 1376 1632 1404 pro
1656 1366 1786 1396 Christo
1810 1366 1993 1406 zelotypum
2017 1376 2086 1396 esse

1126 1409 1238 1439 asserit
1262 1408 1303 1449 (2.
1330 1408 1403 1439 Cor.
1431 1409 1478 1443 11,
1501 1408 1549 1449 2>á¿‘
1581 1416 1612 1438 et
1642 1409 1714 1447 6616
1739 1408 1925 1441 Corinthios
1955 1408 2086 1439 Christo

1125 1451 1272 1481 adiunxit
1296 1462 1328 1481 se
1349 1458 1498 1488 metuere,
1523 1462 1571 1485 ne,
1595 1451 1675 1481 sicut
1691 1451 1790 1481 Evam
1812 1450 1934 1490 decepit
1953 1461 2086 1491 serpens

1125 1504 1182 1524 sua
1206 1494 1334 1529 astutia,
1358 1494 1403 1523 ita
1426 1494 1633 1533 impostorum
1658 1493 1813 1524 illecebris
1837 1493 1975 1531 inducti,
2000 1493 2084 1525 exci-

1126 1537 1201 1566 dant
1225 1547 1243 1565 a
1267 1536 1471 1575 simplicitate
1495 1546 1574 1575 quae
1598 1542 1645 1566 est
1669 1536 1700 1565 in
1726 1536 1864 1566 Christo.

1214 1579 1261 1609 14.
1289 1579 1373 1609 Nam
1393 1581 1494 1618 yantasÎ‡
1517 1579 1602 1610 istae,
1654 1578 1757 1609 Sicuti
1781 1589 1876 1618 quam
1900 1579 1988 1609 Deus
2011 1588 2086 1619 poe-

1126 1632 1200 1652 nam
1224 1628 1411 1660 sumpturus
1435 1627 1503 1651 erat
1532 1620 1570 1651 de
1600 1621 1765 1660 gentibus,
1799 1632 1901 1660 nuper
1924 1621 2088 1661 proposuit

1126 1664 1165 1695 ad
1190 1671 1361 1701 terrorem,
1392 1665 1434 1693 ita
1466 1675 1551 1694 nunc
1582 1664 1731 1693 admonet
1760 1663 1819 1694 hac
1853 1663 1923 1703 lege
1951 1674 2086 1695 vacuam

1126 1706 1355 1737 haereditatem
1381 1706 1463 1737 tradi
1488 1706 1625 1743 Iudaeis,
1648 1712 1682 1736 ut
1705 1707 1783 1736 tanti
1804 1706 1949 1737 beneficii
1969 1717 2086 1737 memo-

1126 1761 1176 1780 res
1199 1749 1238 1779 ab
1257 1750 1405 1779 omuibus
1427 1749 1679 1788 inquinamentis
1699 1749 1757 1779 sibi
1782 1754 1930 1779 caveant:
1955 1754 1987 1778 et
2015 1748 2086 1780 ideo

1125 1793 1271 1832 pristinis
1295 1798 1398 1822 terrae
1422 1792 1533 1822 incolis
1555 1792 1732 1827 succedere,
1757 1798 1792 1821 ut
1811 1791 1875 1822 sint
1894 1792 1934 1822 ab
1953 1792 2015 1822 illis
2037 1803 2085 1822 se-

1126 1836 1238 1875 parati.
1289 1835 1451 1873 Quorsum
1475 1835 1561 1865 enim
1585 1834 1639 1864 illa
1665 1834 1798 1864 mutatio
1821 1834 1883 1864 nisi
1907 1840 1941 1864 ut
1966 1844 2085 1864 novum

1126 1878 1280 1917 populum
1305 1878 1364 1908 sibi
1390 1877 1569 1916 acquireret
1592 1877 1689 1913 Deus,
1714 1882 1896 1915 terramque
1919 1878 2006 1907 omni
2030 1877 2086 1907 im-

1126 1920 1287 1951 munditia
1321 1919 1497 1959 purgarct?
1552 1920 1650 1949 Porro
1685 1919 1812 1949 tametsi
1846 1918 1924 1949 duas
1959 1924 2085 1949 tantum

1126 1963 1248 2002 species
1271 1963 1534 2002 superstitionum
1559 1962 1683 2001 repetit,
1713 1972 1769 2001 per
1792 1961 2013 2002 synecdochen
2038 1967 2086 1992 ta-

1127 2016 1201 2036 men
1225 2017 1335 2036 omnes
1359 2005 1437 2035 alias
1462 2005 1617 2044 designat.
1642 2006 1777 2035 summa
1796 2009 1852 2040 est,
1877 2015 1915 2034 ne
1935 2004 2086 2043 gentibus

1127 2049 1193 2079 sint
1216 2048 1335 2079 similes
1359 2048 1391 2078 in
1415 2047 1502 2078 vitiis
1531 2053 1563 2077 et
1585 2047 1789 2086 corruptelis,
1814 2057 1895 2086 quae
1926 2047 1991 2077 illis
2020 2047 2084 2077 fue-

1128 2097 1201 2121 rant
1225 2091 1315 2121 exitii
1339 2102 1443 2126 eausa,
1466 2089 1591 2129 quando
1615 2100 1679 2119 non
1705 2095 1829 2119 tantum
1851 2089 1995 2119 homines
2014 2100 2086 2129 proâ€”

1127 2134 1295 2173 fligaverat
1318 2133 1417 2171 Deus,
1441 2133 1495 2163 scd
1520 2142 1686 2172 perversos
1710 2142 1833 2171 quoque
1856 2142 1965 2162 eorum
1994 2132 2085 2162 ritus.

1127 2172 1310 2207 Secundam
1332 2182 1454 2215 partein
1476 2186 1587 2205 versus
1607 2174 1735 2214 quidam
1756 2175 1788 2204 in
1809 2173 1888 2204 duas
1908 2175 2086 2205 sententias

1127 2219 1292 2250 dividunt:
1329 2219 1377 2249 'ru
1408 2225 1513 2249 autem
1546 2228 1608 2247 non
1644 2217 1688 2247 sic
1722 2217 1830 2247 facies:
1867 2216 1997 2253 deinde,
2034 2216 2085 2247 Ie-

1126 2262 1212 2292 hova
1235 2262 1290 2292 dat
1321 2262 1392 2297 tibi,
1423 2267 1453 2290 et
1480 2260 1677 2291 subaudiunt
1700 2264 1829 2290 terram.
1876 2259 1946 2299 Ego
1977 2264 2085 2289 autem

1127 2315 1191 2334 non
1216 2305 1326 2335 dubito
1350 2304 1425 2343 quin
1452 2313 1627 2342 pronomen
1651 2309 1720 2334 Î Î Î
1743 2303 1787 2333 616
1818 2301 1935 2332 resolvi
1963 2301 2085 2337 debeat,

1126 2353 1281 2387 quantuni
1318 2357 1394 2377 vero
1429 2345 1467 2376 ad
1502 2352 1542 2376 te.
1598 2344 1737 2375 Proinde
1767 2354 1831 2375 uno
1865 2350 2019 2374 contextu
2044 2344 2087 2374 le-

1125 2390 1266 2430 gendum
1291 2398 1420 2420 censeo:
1445 2388 1516 2418 Non
1541 2388 1584 2418 sic
1608 2387 1664 2418 tibi
1690 2387 1834 2426 permisit
1859 2387 1956 2416 Deus.
2002 2386 2086 2416 Nam

1124 2432 1317 2472 significatio
1343 2431 1429 2462 verbi
1453 2437 1500 2475 jn:
1530 2430 1592 2460 late
1616 2436 1710 2469 patet.
1758 2428 1895 2460 Summa
1923 2429 1985 2460 huc
2016 2434 2085 2458 ten-

1124 2475 1179 2512 dit,
1212 2481 1246 2505 ut
1270 2474 1370 2514 pluris
1392 2475 1433 2505 sit
1457 2473 1518 2503 illis
1542 2472 1602 2502 Dei
1626 2472 1800 2512 prohibitio
1823 2482 1917 2511 quam
1939 2471 2085 2511 gentium

1123 2517 1279 2557 exempla.
1330 2514 1333 2517 â€™
