2304 3034
178 192 240 225 695

472 282 537 314 EX
561 281 695 313 DEUT.
718 279 853 312 XXIII.

270 372 312 403 24
324 370 356 411 ¹).
375 370 474 409 Quum
495 368 654 408 inqressus
671 366 771 406 fueris
793 366 916 397 vineam
933 364 1076 404 prooeimi
1097 365 1153 402 tui,

182 415 316 447 comedes
345 421 423 443 uvas
444 421 507 450 pro
534 409 688 441 desiderio
715 411 766 440 tuo
792 409 835 440 ad
857 408 1028 439 satietatem
1050 410 1154 438 tuam:

183 461 215 489 at
242 458 274 488 in
295 465 366 487 vase
386 457 436 485 tuo
459 463 521 484 non
537 462 643 492 pones
678 451 727 483 25.
745 454 846 490 Quum
869 451 1030 491 iizyressus
1049 450 1153 490 fueris

182 502 305 540 seyetem
316 497 460 537 proximi
478 496 533 532 tui,
556 496 697 534 decerpes
714 494 818 534 spicas
835 503 931 524 manu
949 495 1018 524 tua.-
1040 495 1074 524 at
1093 492 1154 532 fal-

182 553 243 575 cem
266 551 326 573 non
347 539 463 571 attolles
485 539 519 570 riri
541 540 667 579 seyetem
683 537 826 576 proximi
849 537 904 567 tui.

267 626 428 666 Quoniam
447 624 500 656 hic
523 623 720 664 pauperibus
743 621 918 654 admodum
932 620 1023 652 Deus
1047 620 1153 651 indul·

182 674 252 712 get,
276 669 480 709 restringunt
504 667 635 707 quidam
659 666 698 696 ad
724 676 898 702 messores,
922 669 954 695 et
975 663 1153 695 vindemia-

182 719 280 744 tores:
310 712 402 752 quasi
433 711 635 750 permitteret
658 709 749 740 Deus
772 709 878 749 spicas
900 717 1000 738 manu
1024 705 1152 744 vellere,

182 759 214 787 et
232 755 382 794 colligere
406 764 549 784 racemos
572 752 733 784 duntaxat
757 752 790 782 in
814 750 930 787 cibum,
955 760 991 781 ac
1013 759 1054 780 ne
1077 749 1153 789 quid

183 802 364 839 exportent.
396 797 467 837 Ego
491 806 569 827 vero
593 805 659 826 non
684 794 794 826 dubito
817 802 999 825 sermonem
1024 791 1063 823 de
1086 802 1153 823 om-

183 841 278 873 nibus
308 840 434 871 haberi:
467 849 571 879 neque
602 844 710 869 tamen
742 838 814 877 plus
843 835 974 868 concedi
1005 835 1154 867 licentiae

183 895 281 925 quam
313 884 394 914 ferat
430 882 626 913 humanitas.
672 880 786 920 Neque
814 879 901 911 enim
932 878 1074 919 praecise
1104 889 1155 909 ur-

183 927 288 968 genda
312 931 388 957 sunt
412 925 524 963 verba,
548 923 605 956 sed
627 923 796 954 attendere
819 922 974 953 convenit
995 921 1035 952 ad
1058 920 1154 961 legis-

184 970 295 1001 latoris
330 968 512 1000 consilium.
565 967 665 998 Vetat
699 966 790 997 Deus
823 965 938 996 falcem
973 963 1088 995 tollere
1121 964 1154 994 in

183 1023 320 1044 messem
360 1011 514 1042 alienam:
550 1019 639 1041 nunc
675 1009 702 1040 si
733 1009 804 1049 quis
834 1013 961 1038 tantum
993 1007 1154 1047 spicarum

183 1055 332 1086 manibus
362 1054 478 1090 vellat,
510 1058 669 1093 quantum
701 1051 845 1083 humeris
876 1057 1003 1092 gestare
1029 1049 1155 1090 poterit,

183 1098 234 1129 vel
266 1107 348 1137 equo
378 1097 559 1136 imponere,
589 1106 629 1126 an
662 1095 780 1136 puerili
818 1094 878 1125 hoc
902 1093 1018 1125 cavillo
1041 1103 1075 1124 se
1099 1103 1154 1123 ex-

182 1141 315 1177 cusabit,
338 1139 423 1180 quod
443 1139 523 1171 falce
542 1150 608 1170 non
628 1138 725 1169 fuerit
748 1137 846 1168 usus?
872 1136 967 1175 Quod
991 1136 1017 1167 si
1041 1146 1155 1166 sensus

182 1184 250 1224 ipse
270 1183 452 1215 communis
472 1182 551 1213 adeo
571 1191 714 1213 crassam
734 1180 971 1220 impudentiam
995 1178 1154 1218 repudiat,

182 1232 307 1258 certum
328 1231 376 1257 est
399 1225 504 1266 legem
528 1225 591 1255 alio
615 1230 775 1264 spectare:
799 1234 840 1254 ne
863 1223 934 1263 quis
958 1221 1080 1253 scilicet
1103 1221 1154 1252 vel

182 1269 303 1309 spicam
342 1269 482 1309 attingat
512 1279 551 1299 ex
583 1267 716 1298 alterius
747 1270 872 1306 segete,
910 1265 975 1296 nisi
1004 1275 1062 1305 pro
1092 1275 1154 1295 usu

182 1313 354 1353 praesenti.
401 1310 497 1350 Quod
521 1310 646 1342 Christi
669 1309 836 1349 discipulis
855 1308 1031 1348 contingit,
1056 1317 1153 1347 quum

182 1355 290 1386 inedia
312 1355 412 1386 coacti
435 1359 512 1385 sunt
535 1355 639 1393 spicas
663 1352 812 1383 manibus
835 1359 1011 1388 conterere,
1036 1361 1077 1381 ne
1101 1350 1155 1380 de-

182 1399 316 1429 ficerent
346 1398 379 1428 in
411 1397 464 1428 via
488 1396 582 1438 (Mat.
613 1396 669 1432 12,
700 1395 741 1437 1).
786 1394 877 1426 Idem
902 1399 935 1424 et
958 1393 997 1424 de
1020 1392 1155 1424 racemis

182 1439 396 1472 sentiendum.
439 1439 475 1471 Si
499 1440 570 1480 quis
594 1439 669 1470 data
692 1448 789 1478 opera
808 1442 998 1478 perrumpat
1021 1438 1052 1467 in
1076 1435 1154 1466 alte-

182 1485 250 1515 rius
273 1484 413 1521 vineam,
437 1493 533 1523 seque
557 1482 623 1514 illic
646 1482 836 1522 ingurgitet,
861 1479 1018 1520 quidquid
1043 1479 1153 1510 obten-

181 1527 245 1565 dat,
270 1537 327 1567 pro
349 1527 418 1557 fure
438 1525 618 1557 habebitur.
653 1525 742 1564 Ergo
763 1523 895 1554 dubium
921 1534 983 1553 non
1007 1526 1057 1554 est
1078 1522 1154 1562 quin

182 1569 236 1600 lex
266 1570 447 1600 viatoribus
475 1568 632 1599 famelicis
663 1567 835 1607 permittat
865 1577 898 1597 se
921 1566 1053 1596 reficere
1076 1574 1154 1596 uva-

182 1623 254 1644 rum
279 1623 346 1650 esu,
370 1612 424 1643 ubi
448 1623 514 1643 non
538 1611 682 1651 suppetit
706 1610 789 1641 alins
813 1610 913 1641 cibus.
960 1608 1154 1648 Quanquam

184 1660 294 1687 autem
324 1655 458 1686 libertas
490 1653 678 1686 comedendi
702 1653 797 1684 datur
820 1663 922 1692 usque
945 1652 984 1682 ad
1009 1651 1156 1682 saturita-

184 1704 260 1736 tem,
284 1709 349 1729 non
370 1703 478 1729 tamen
503 1697 594 1729 licuit
617 1697 676 1728 hoc
700 1701 872 1736 praetextu
896 1695 1077 1735 ingluviem
1100 1704 1156 1724 ex-

183 1741 282 1782 plere.

186 1912 258 1943 dam
280 1923 413 1944 manum
434 1911 619 1943 extenderit
638 1911 677 1942 ad
698 1912 823 1942 fructus
846 1910 1032 1950 pendentes,
1057 1908 1158 1939 donec

185 1955 364 1996 hospitium
386 1963 498 1986 nactus
521 1965 637 1995 panem
662 1960 693 1984 et
718 1955 832 1985 vinum
857 1959 950 1984 emat.

492 2099 555 2130 EX
581 2099 731 2130 LEVIT.
755 2098 853 2129 XIX.

275 2168 303 2199 9.
321 2168 421 2207 Quum
440 2168 631 2199 messueritis
649 2177 777 2198 messem
796 2167 930 2207 reyiorzi's
952 2168 1076 2202 vestrae,
1099 2174 1159 2194 non

187 2211 279 2250 finies
299 2214 406 2242 metere
429 2211 577 2251 angsulum
600 2211 670 2250 ayri
693 2211 754 2247 tui,
778 2212 805 2240 et
828 2209 1026 2241 collectionem
1049 2206 1159 2237 messis

189 2256 257 2284 tunc
280 2265 338 2285 non
362 2255 491 2294 colliqes.
519 2253 567 2284 10.
582 2253 623 2284 Et
647 2253 767 2283 vineam
790 2255 875 2283 tuam
898 2262 957 2283 nori
980 2249 1158 2286 raeemabis,

189 2307 282 2336 neque
299 2307 402 2337 yrana
420 2297 527 2327 cineae
550 2299 621 2327 tuae
643 2296 777 2336 colliqes:
794 2295 931 2334 pauperi
955 2296 981 2325 et
997 2292 1159 2333 pereyrino

189 2340 341 2379 relinques
363 2350 415 2371 ea:
437 2350 489 2380 eqo
513 2339 625 2370 lebona
649 2338 738 2370 Deus
762 2340 863 2369 vester.

475 2484 538 2515 EX
562 2484 712 2515 LEVI'P¹
738 2482 872 2514 XXIII.

278 2553 327 2583 22,
356 2555 457 2591 (guum
486 2554 602 2584 metetis
628 2562 757 2584 messem
785 2551 918 2591 rcyionis
940 2552 1072 2585 vestrae,
1102 2557 1162 2578 non

281 2647 308 2677 1)
328 2646 406 2671 iit-br.
427 2646 466 2671 25.
487 2645 527 2671 -26,

891 184 1116 218 OCTAVUM
1149 185 1471 217 PRAEGEPTUM.

329 1741 422 1772 Adde
457 1740 541 1781 quod
583 1740 694 1771 vineae
731 1739 880 1770 maceriis
912 1743 1021 1777 septae
1055 1740 1154 1773 erant,
1181 1742 1183 1761 l

184 1790 216 1815 et
246 1784 526 1816 custodiebantur:
558 1782 645 1814 unde
675 1788 826 1822 apparet,
858 1781 1064 1812 helluonibus
1094 1789 1156 1810 non
1182 1806 1183 1817 ,

185 1827 281 1858 fuisse
303 1837 383 1858 uvas
403 1827 576 1867 expositas.
612 1826 737 1856 Verum
761 1825 840 1856 haec
862 1834 990 1855 summa
1012 1828 1069 1860 est,
1094 1833 1157 1853 non
1182 1849 1183 1853 ,

184 1870 342 1910 imputari
361 1871 393 1900 in
418 1872 540 1900 turtum
565 1869 591 1899 si
616 1869 688 1908 quis
712 1868 819 1898 viator
842 1867 882 1898 ad
907 1868 1023 1897 famem
1047 1865 1157 1896 levan·
1182 1863 1184 1892 ἓ

2110 181 2173 214 696

1206 279 1341 311 absolves
1363 289 1460 319 usque
1482 279 1524 311 ad
1546 279 1693 320 anyulum
1717 278 1787 318 ayri
1810 277 1875 308 tui:
1902 286 1954 308 nec
1977 276 2174 308 collectionem

1205 323 1315 354 messis
1350 324 1420 354 tuae
1449 323 1586 362 cozliyes:
1616 320 1755 361 pauperi
1783 322 1810 350 et
1827 320 1991 360 pereyrino
2020 319 2175 359 relinques

1204 375 1286 396 eam:
1308 365 1375 406 Eyo
1398 365 1511 397 Ieliova
1533 364 1623 396 Deus
1644 365 1749 394 vester.

1505 535 1567 566 EX
1593 533 1727 565 DEUT.
1752 532 1882 564 XXIV.

1292 620 1340 652 19.
1368 621 1468 660 Quum
1494 620 1662 651 messueris
1685 628 1811 650 messem
1834 618 1867 649 iii
1889 627 1964 658 ayro
1985 620 2049 656 tuo,
2078 619 2107 648 et
2126 617 2175 649 ob-

1204 663 1278 695 litus
1309 664 1411 703 fueris
1444 663 1641 702 manipulum
1673 662 1706 692 in
1729 671 1821 702 ayro,
1856 671 1915 692 nori
1944 660 2105 692 reverteris
2132 660 2175 692 ad

1204 717 1272 737 eum
1294 706 1476 743 tollendum,
1494 706 1674 746 peregrino,
1693 703 1834 745 pupillo,
1857 706 1884 735 et
1905 703 2018 735 viduae
2039 703 2112 734 erit:
2141 705 2176 734 ut

1204 749 1358 781 benedicat
1386 749 1441 780 tibi
1469 749 1581 780 Iehova
1605 747 1693 779 Deus
1720 749 1794 778 tuus
1823 747 1857 777 iri
1887 747 1969 777 omni
1995 756 2083 786 opere
2109 756 2176 778 ma-

1204 802 1301 823 nuum
1337 795 1470 823 tuarum.
1524 791 1574 822 20.
1609 791 1710 830 Quum
1739 790 1913 821 excusseris
1939 789 2053 821 olivam
2078 790 2174 828 tuam,

1205 845 1263 866 nori
1293 835 1478 866 scrutaberis
1499 844 1602 865 ramos
1620 836 1691 873 post
1712 835 1753 864 te:
1782 832 1959 873 peregrino,
1982 831 2120 871 pupillo,
2148 833 2176 863 et

1204 878 1316 909 viduae
1338 879 1404 909 erit.
1445 878 1493 908 21.
1522 877 1623 916 Quum
1646 876 1830 907 videmiobis
1850 875 1974 906 vineam
1996 877 2092 912 tuam,
2115 884 2174 906 riori

1204 921 1324 961 colliqes
1346 930 1481 952 racemos
1499 922 1570 959 post
1591 922 1631 950 te:
1649 919 1832 959 peregrino,
1850 918 1992 957 pupillo,
2015 919 2041 948 et
2062 917 2176 949 viduae

1205 966 1300 995 crunt.
1343 964 1393 994 22.
1419 963 1568 994 Memento
1596 962 1676 1001 quod
1697 971 1807 993 servus
1827 960 1930 1000 fueris
1951 961 1985 992 in
2006 962 2091 991 terra
2111 960 2174 992 Ae—

1203 1007 1304 1047 9ypti:
1329 1006 1440 1038 idcirco
1456 1005 1619 1045 praecipio
1641 1004 1697 1035 tibi
1719 1007 1752 1035 ut
1773 1003 1826 1035 hoc
1845 1003 1958 1043 facias.

1291 1091 1355 1123 Hic
1387 1091 1633 1123 beneficentiam
1661 1090 1751 1121 Deus
1784 1088 1989 1121 commendat
2022 1098 2176 1129 agrorum

1206 1135 1458 1176 possessoribus,
1490 1133 1544 1165 ubi
1572 1143 1685 1164 eorum
1716 1133 1840 1164 fructus
1871 1131 2044 1173 colligitur.
2090 1131 2176 1162 Nam

1206 1179 1275 1210 eius
1305 1177 1481 1208 liberalitas
1512 1177 1565 1208 ubi
1596 1180 1747 1207 versatur
1768 1175 1860 1207 nobis
1884 1179 1960 1206 ante
1982 1174 2106 1211 oculos,
2135 1173 2176 1205 ad

1206 1220 1421 1252 imitationem
1446 1230 1504 1251 nos
1527 1220 1662 1250 invitat:
1688 1222 1720 1249 et
1743 1219 1873 1259 signum
1897 1222 1945 1249 est
1968 1217 2176 1258 ingratitudi-

1207 1265 1272 1301 nis,
1296 1263 1380 1303 quod
1404 1263 1495 1294 nobis
1518 1273 1557 1293 ex
1581 1263 1650 1293 eius
1675 1261 1898 1293 benedictione
1921 1259 2087 1300 provenit,
2110 1269 2176 1290 ma-

1206 1307 1293 1348 ligne
1317 1312 1348 1337 et
1369 1306 1592 1337 inhumaniter
1611 1305 1822 1345 supprimere.
1863 1303 1938 1334 Non
1956 1302 2027 1334 vult
2046 1302 2176 1343 quidem

1208 1350 1297 1381 Deus
1327 1360 1380 1380 eos
1410 1350 1463 1389 qui
1492 1348 1660 1379 abundant
1688 1349 1733 1378 ita
1761 1347 1892 1387 profuse
1920 1346 2032 1387 largiri
2057 1356 2097 1376 ex
2119 1355 2178 1376 suo

1207 1397 1375 1432 proventu,
1395 1399 1430 1423 ut
1449 1391 1527 1422 alios
1546 1391 1677 1422 ditando
1697 1390 1829 1430 seipsos
1850 1389 1997 1429 spolient.
2028 1388 2071 1419 Et
2090 1394 2177 1420 certe

1180 1437 1181 1442 ’
1208 1435 1330 1466 Paulus
1349 1434 1563 1475 eleemosynis
1582 1433 1714 1465 modum
1734 1433 1821 1464 hunc
1845 1432 1968 1470 definit,
1992 1442 2033 1462 ne
2056 1441 2178 1472 paupe-

1207 1489 1278 1509 rum
1309 1477 1465 1509 relaxatio
1489 1476 1700 1517 locupletibus
1723 1476 1777 1515 qui
1801 1475 1940 1515 benigne
1963 1478 2100 1514 erogant
2122 1484 2179 1505 an-

1207 1521 1348 1562 gustiam
1372 1521 1487 1551 afferat
1509 1519 1550 1561 (2.
1565 1520 1638 1551 Cor.
1663 1519 1691 1556 8,
1718 1518 1780 1560 13).
1810 1517 1978 1550 Permittit
1999 1527 2076 1557 ergo
2089 1517 2179 1549 Deus

1208 1564 1323 1604 cuique
1347 1564 1489 1595 triticum
1514 1573 1610 1594 suum
1641 1567 1777 1600 metere,
1809 1560 2026 1597 vindemiare,
2055 1564 2088 1591 et
2117 1570 2179 1591 sua

1208 1607 1300 1646 copia
1323 1607 1399 1637 frui:
1429 1606 1521 1637 modo
1553 1606 1619 1637 suis
1642 1605 1814 1637 vindemiis
1837 1608 1869 1634 et
1891 1613 1950 1635 sua
1973 1613 2078 1634 messe
2101 1612 2178 1634 con-

1208 1650 1290 1681 tenti
1324 1649 1442 1680 divites
1472 1649 1622 1689 inopibus
1646 1648 1895 1679 racemationem
1919 1650 1952 1677 et
1973 1645 2179 1686 spicilegium

1208 1704 1272 1724 non
1302 1692 1480 1723 invideant.
1534 1691 1606 1722 Non
1639 1690 1723 1731 quod
1759 1689 1954 1730 pauperibus
1988 1688 2179 1728 simpliciter

1209 1735 1369 1767 adiudicct
1393 1735 1547 1775 quidquid
1572 1734 1736 1766 residuum
1756 1733 1827 1770 erit,
1851 1736 1889 1763 ut
1908 1737 2064 1771 tanquam
2083 1741 2179 1762 suum

1207 1784 1381 1818 occupent:
1411 1777 1466 1809 sed
1496 1783 1533 1808 ut
1562 1778 1709 1818 precario
1737 1777 1854 1816 exigua
1885 1774 2043 1815 quaedam
2073 1774 2180 1814 portio

1209 1832 1248 1852 ex
1272 1821 1409 1852 divitum
1436 1821 1660 1852 munificentia
1682 1820 1721 1850 ad
1745 1830 1798 1850 eos
1822 1828 1924 1858 usque
1947 1817 2077 1848 defluat.
2112 1816 2179 1848 No-

1209 1864 1311 1894 minat
1334 1863 1462 1903 quidem
1487 1864 1642 1903 pupillos,
1673 1862 1804 1899 viduas,
1836 1865 1869 1892 et
1896 1860 2098 1901 peregrinos:
2122 1859 2179 1891 sed

1210 1907 1341 1937 dubium
1372 1918 1434 1937 non
1464 1912 1512 1937 est
1544 1907 1621 1946 quin
1652 1911 1766 1937 tenues
1799 1908 1832 1935 et
1866 1913 1986 1944 egenos
2020 1902 2179 1943 designet,

1209 1950 1325 1989 quibus
1345 1950 1425 1980 nulli
1444 1954 1522 1980 sunt
1543 1949 1635 1980 fundi
1653 1949 1687 1980 in
1706 1948 1822 1988 quibus
1845 1950 1954 1977 serant
1973 1945 2025 1977 vel
2043 1949 2178 1977 metant.

1183 2014 1185 2023 ,
1209 1992 1385 2032 Continget
1414 1993 1497 2023 enim
1526 1992 1690 2023 interdum
1720 1997 1755 2022 ut
1784 1989 1899 2030 pupilli
1926 1988 2061 2019 minime
2094 1987 2177 2019 indi-

1183 2034 1184 2040 ’
1210 2040 1317 2075 geant,
1342 2035 1418 2074 quin
1444 2035 1549 2075 potius
1571 2035 1610 2065 ad
1631 2033 1834 2075 largiendum
1854 2036 2005 2072 suppetat
2023 2031 2177 2063 facultas:

1211 2088 1313 2117 neque
1336 2088 1463 2118 semper
1486 2079 1634 2109 esuriunt
1662 2078 1779 2109 viduae
1809 2080 1841 2106 et
1871 2075 2032 2115 hospites:
2064 2083 2178 2106 verum

1211 2131 1267 2152 eur
1291 2126 1356 2151 tres
1380 2121 1458 2152 istos
1481 2121 1610 2152 ordines
1634 2126 1741 2161 ponat,
1765 2118 1840 2150 alibi
1863 2117 2008 2157 exposui.

1534 2291 1596 2322 EX
1620 2290 1752 2322 DEUT.
1778 2288 1854 2320 XV.

1300 2377 1325 2406 1.
1371 2375 1503 2415 Septimo
1543 2386 1660 2415 quoque
1696 2385 1778 2406 anno
1821 2374 1918 2414 facies
1958 2373 2179 2404 remissionem.

1212 2419 1241 2450 2.
1267 2418 1351 2448 Haec
1374 2421 1473 2449 autem
1492 2421 1535 2449 est
1553 2420 1633 2449 ratio
1651 2417 1853 2455 remissionis,
1876 2419 1911 2447 ut
1929 2417 2062 2448 remittat
2081 2415 2181 2447 omnis

1213 2462 1266 2501 qui
1288 2463 1430 2491 mutuum
1452 2461 1569 2492 dederit
1592 2471 1688 2492 manu
1711 2471 1786 2498 sua,
1810 2460 1845 2491 icl
1867 2460 1947 2499 quod
1969 2461 2111 2490 mutuum
2131 2458 2181 2489 (le-

1213 2504 1293 2535 derit
1322 2504 1420 2534 arizico
1449 2514 1519 2534 suo:
1545 2515 1604 2535 ozon
1632 2505 1762 2543 reposcet
1793 2503 1830 2533 ab
1861 2503 1958 2534 amico
1985 2511 2057 2538 suo,
2085 2503 2139 2531 aut
2161 2511 2182 2531 a

1188 2549 1189 2557 ¹
1212 2547 1312 2586 fratre
1345 2556 1414 2579 suo,
1455 2547 1530 2585 quia
1563 2546 1756 2585 proclamata
1790 2548 1833 2577 est
1864 2545 2006 2577 remissio
2041 2543 2179 2574 Ieliovae.

1189 2615 1190 2618 ,
1215 2589 1242 2619 3.
1275 2589 1324 2619 Ab
1354 2589 1525 2628 alieniqena
1554 2599 1705 2628 reposces,
1736 2591 1767 2619 ut
1789 2588 1868 2628 quod
1891 2587 1988 2628 fuerit
2018 2586 2073 2617 tibi
2096 2586 2182 2626 apud

1189 2653 1190 2663 l
1214 2632 1345 2671 fratrem
1368 2633 1461 2669 timim,
1486 2633 1614 2663 remittet
1636 2642 1749 2663 manus
1770 2634 1843 2662 lua:
1875 2632 1903 2662 4.
1930 2629 2006 2662 Nisi
2025 2629 2100 2668 quia
2123 2638 2183 2660 non
