2304 3034
98 191 158 222 337

98 293 224 323 panem,
249 283 299 313 vel
323 284 535 322 pulmentum,
560 283 607 314 vel
633 284 747 320 oleum,
773 283 822 314 vel
848 283 975 320 vinum,
1007 283 1058 313 vel
1086 286 1088 291 '

99 326 185 356 aliud
210 326 384 366 quidpiam,
419 337 458 356 an
483 325 755 357 sanctificabitur?
802 326 976 364 Postquam
1001 325 1061 356 1100
1086 339 1088 370 l,

100 374 269 408 negarunt,
294 379 406 399 rursus
430 369 620 409 interrogat:
647 368 683 399 Si
696 368 840 407 tetigerit
863 367 1004 407 pollutus
1028 368 1060 397 in
1086 372 1088 392 ¹

99 411 207 441 anima
232 410 350 450 aliquid
375 422 413 441 ex
439 411 490 441 his
512 411 668 448 omnibns,
695 420 801 440 annon
826 411 1059 441 contaminabi-
1086 394 1088 436 1

100 452 172 484 tur?
230 453 456 492 Respondent:
495 452 788 484 Contaminabitur.
835 452 929 483 Unde
964 452 1061 483 infert
1087 470 1088 475 =

100 496 272 535 propheta:
310 496 363 527 stc
393 495 528 535 populus
551 496 625 531 iste,
655 499 687 525 et
715 494 759 524 sic
789 505 867 534 gens
896 495 958 525 ista
987 500 1061 525 ante
1087 504 1089 542 ᾗ

100 539 212 569 faeiem
237 548 357 575 meam,
389 538 467 568 dicit
490 537 624 573 Ichova,
649 543 680 567 et
704 536 749 567 510
772 547 866 567 0111110
890 547 970 577 opus
993 548 1061 568 ma·
1087 546 1088 564 l

100 592 198 611 nuum
230 590 340 610 eorum
372 585 403 611 et
434 590 640 620 quaecunque
663 579 840 610 obtulerint
863 580 959 615 mihi,
993 580 1060 619 pol-

100 624 167 654 luta
197 631 300 653 erunt.
352 622 439 653 Idem
478 623 565 653 loeus
594 632 784 662 germanum
823 621 919 652 huius
955 622 1089 654 caere-l

100 666 224 697 moniae
249 676 340 695 usum
366 665 572 700 demonstrat,
597 665 730 695 vitiosos
754 670 785 694 et
806 675 975 704 perversos
995 665 1061 696 cul-

101 715 184 739 tores
216 707 330 747 probro
362 708 464 748 magis
498 717 593 746 quam
628 706 750 737 honore
779 707 886 737 Deum
925 708 1061 745 afficere,
1088 716 1090 723 ¹

101 752 175 782 dum
206 761 331 780 sacrum
364 751 430 780 eins
462 760 578 780 nomen
611 750 676 780 suis
707 750 960 789 inquinamentis
991 761 1062 790 pcr-
1088 768 1090 787 ⁴,

101 794 246 824 miscent.

376 961 439 991 EX
460 960 591 992 DEUT.
615 960 785 1003 XXH11).

185 1047 248 1088 92).
282 1046 382 1085 Quum
415 1056 553 1085 eyressus
586 1046 687 1085 fueris
719 1047 752 1077 in
786 1047 918 1078 exercitu
960 1050 1061 1078 contra
1088 1054 1089 1070 l

100 1091 196 1122 hostes
218 1092 292 1123 tuos,
316 1099 386 1119 cave
409 1089 445 1119 ab
468 1090 551 1119 omni
573 1099 607 1119 re
624 1089 717 1120 mala.
766 1090 813 1120 10.
851 1089 886 1120 Si
911 1089 1007 1128 fuerit
1029 1091 1060 1121 {a
1087 1104 1089 1124 1

100 1136 125 1163 te
157 1132 313 1172 quispiam
346 1142 403 1163 nou
432 1132 568 1162 ‘tnuudus
600 1142 674 1162 casu
709 1135 861 1170 nocturno,
894 1133 1063 1172 eyredzssetur

100 1178 185 1206 extra
212 1177 327 1209 castra,
357 1184 408 1205 nec
435 1174 624 1213 inm-edimur
653 1175 686 1205 rin
715 1175 850 1206 medium
881 1178 1060 1205 castrat-mn.
1087 1175 1089 1222 Ι

102 1218 148 1248 ll.
177 1217 275 1255 Quum
299 1219 399 1247 autem
422 1217 577 1255 aspexerit
599 1227 765 1255 vespermn,
790 1217 904 1248 lavabit
925 1228 957 1247 se
979 1227 1062 1257 aqua

100 1263 126 1290 et
148 1269 240 1298 quum
262 1259 432 1289 occubuerit
454 1259 506 1296 sol,
532 1259 719 1298 iam-edietur
741 1263 851 1290 castra.
889 1260 937 1291 12.
962 1260 1063 1291 Locus

99 1303 190 1332 etiam
219 1302 276 1332 erit
305 1301 358 1332 tihi
388 1304 471 1332 esti-a
501 1305 611 1337 castra,
635 1302 858 1342 eyredierisque
881 1303 953 1333 illuc
974 1303 1062 1341 foras

100 1344 148 1375 13.
177 1344 322 1375 Pastillus
344 1345 414 1375 ilem
437 1345 496 1375 erit
517 1344 572 1375 tibi
594 1345 674 1375 inter
696 1355 773 1376 vasa
795 1348 858 1381 tua,
891 1348 918 1376 et
940 1346 1062 1384 quando

99 1387 249 1417 desidebis
272 1389 366 1422 εει-ἶνα,
391 1387 490 1425 fodies
512 1387 594 1426 ipso,
624 1390 649 1417 et
678 1398 840 1419 conversus
868 1389 986 1427 operies
1013 1398 1063 1419 ex-

98 1432 248 1461 crementa
280 1433 342 1460 tua.
391 1429 438 1460 14.
472 1429 584 1460 Ielzova
613 1430 695 1460 enim
724 1429 813 1461 Deus
845 1430 980 1461 ambulat
1003 1440 1063 1470 per

98 1472 232 1503 medium
260 1474 428 1503 castrorum
458 1474 594 1508 tuorum,
628 1475 660 1502 ut
690 1473 804 1511 eripiat
830 1476 872 1511 tc,
904 1476 930 1504 et
960 1474 1064 1504 tradat

98 1515 238 1545 inimicos
268 1517 333 1545 tuos
361 1525 461 1545 coram
495 1517 529 1545 te.
587 1514 634 1545 Sit
667 1515 762 1554 iyitm·
797 1517 828 1546 in
861 1516 971 1547 castris
1002 1517 1063 1547 titis

98 1558 262 1594 sanctitas,
292 1567 328 1587 ne
355 1557 454 1588 rideat
481 1558 513 1588 in
545 1560 572 1588 te
600 1558 821 1597 turpitudinem
850 1558 1004 1598 aliquam,
1036 1561 1063 1589 et

99 1603 256 1630 avertatur
279 1599 333 1630 abs
355 1602 389 1630 te.

185 1684 213 1715 9.
241 1685 341 1723 Quum
370 1694 507 1724 effressus
535 1685 634 1724 fueris
664 1686 696 1715 in
719 1686 858 1717 exercitu.
906 1685 999 1724 Quod
1024 1686 1062 1717 de

100 1726 258 1758 servanda
284 1727 369 1757 domi
393 1733 425 1757 et
448 1728 480 1758 in
505 1728 570 1758 otio
595 1729 734 1767 puritate
759 1728 874 1762 docuit,
900 1740 987 1760 nunc
1006 1740 1062 1759 ex-

101 1770 202 1800 tendit
225 1770 321 1800 etiam
346 1769 384 1799 ad
408 1776 513 1801 castra
537 1770 664 1801 bellica:
690 1776 723 1801 111
747 1771 780 1801 111
801 1771 906 1802 11101110
926 1772 1063 1811 strepitu
1089 1809 1090 1819 ἵ

101 1823 260 1843 armorum
281 1823 376 1851 puros
396 1823 429 1843 se
448 1814 487 1843 ab
507 1813 593 1844 omni
618 1814 743 1844 macula
767 1819 969 1844 conservent.
993 1815 1063 1845 Sci-

102 1865 187 1892 mus,
224 1861 257 1885 ut
292 1854 467 1895 plurimum
500 1856 586 1895 leges
622 1856 652 1885 in
685 1856 775 1886 bellis
810 1867 950 1892 cessare,
986 1857 1062 1887 dum

103 1898 209 1928 omnia
228 1898 349 1936 impetu
370 1899 472 1937 magis
497 1909 591 1937 quam
619 1899 742 1929 ratione
762 1905 920 1939 aguntur,
948 1904 980 1929 et
1003 1900 1063 1930 sci-

103 1950 173 1970 mus
197 1940 298 1970 multa
327 1940 428 1970 solere
458 1940 613 1971 militibus
638 1942 790 1980 permitti,
823 1952 903 1981 quae
931 1942 963 1972 in
988 1952 1063 1981 pace

104 1982 190 2013 nullo
222 1982 313 2012 modo
343 1982 508 2013 toleranda
530 1989 647 2014 essent.
672 1984 757 2014 Huic
781 1984 865 2014 malo
886 1985 974 2015 Deus
998 1995 1061 2015 me-

105 2024 170 2054 deri
185 2025 295 2062 voluit,
319 2025 402 2055 idem
428 2026 579 2065 puritatis
598 2026 740 2056 studium
755 2026 909 2057 Israelitis
930 2028 960 2057 in
981 2027 1063 2058 bello

86 2094 89 2095 7
105 2068 331 2098 commendans
340 2068 422 2107 quod
436 2069 466 2098 in
482 2079 568 2108 paee.
587 2069 649 2099 Est
661 2070 744 2099 enim
761 2070 897 2101 liaeclex
908 2070 1063 2109 specialis,

106 2119 184 2148 quae
197 2110 228 2140 in
242 2110 355 2140 militia
369 2110 539 2141 dissolutos
552 2116 583 2141 et
596 2111 753 2141 effraenes
766 2123 835 2143 0550
849 2119 948 2142 vetat:
968 2113 1063 2143 sicuti

107 2157 178 2181 ante
200 2153 232 2182 in
253 2163 369 2192 genere
392 2164 519 2183 omnem
545 2154 781 2184 immunditiem
807 2155 983 2185 damnavit.
1017 2157 1063 2187 Ac

108 2194 133 2224 si
152 2193 269 2225 diceret
292 2196 381 2225 nullo
405 2202 574 2235 praetextu
598 2198 665 2227 fore
689 2197 889 2228 excusabiles
913 2198 939 2228 si
962 2198 1063 2228 inter-

109 2236 237 2267 mittant
263 2237 414 2268 colendae
447 2239 597 2278 puritatis
627 2240 788 2270 exercitia.
835 2240 946 2280 Neque
975 2241 1062 2271 enim

109 2277 143 2306 in
165 2280 303 2310 exercitu
327 2286 358 2310 et
379 2282 493 2312 castris
515 2287 626 2312 cautos
649 2292 718 2312 esse
742 2282 839 2320 iubet,
868 2293 904 2313 ac
927 2283 952 2313 si
977 2282 1063 2313 domi

110 2318 237 2358 impune
259 2321 493 2362 delinquerent,
523 2324 578 2354 sed
602 2324 768 2362 admonet,
799 2324 906 2356 Deum
930 2325 1063 2357 minime

111 2362 235 2393 veniam
259 2363 423 2401 daturum,
453 2367 601 2406 quamvis
626 2367 848 2398 necessitatem
873 2368 947 2398 belli
971 2379 1062 2408 prae-

111 2408 234 2434 texant:
258 2406 357 2437 multo
379 2410 480 2448 magis
504 2415 720 2449 exaggeratur
738 2410 870 2447 crimen,
895 2411 921 2441 si
944 2411 976 2441 in
997 2412 1063 2441 otio

111 2451 140 2475 et
164 2449 334 2486 composita
363 2456 470 2482 mente
500 2462 532 2482 se
563 2452 779 2492 coinquinent.
825 2453 919 2484 Unde
942 2453 1063 2494 colligi-

824 190 1009 222 PRIMUM
1033 190 1352 223 PRAECEPTUM.

1089 1795 1090 1805 1
1116 1773 1193 1803 libet
1216 1773 1411 1812 spurcitiem.

195 2555 322 2587 1)Autre
339 2558 507 2591 dependence
530 2562 562 2586 de
586 2570 614 2586 se
638 2563 709 2588 tenir
728 2566 877 2588 nettement
900 2572 932 2588 en
952 2566 1065 2590 cachant
1089 2581 1090 2584 =

110 2598 151 2614 ses
170 2594 294 2622 povretez
309 2590 379 2623 (sie).
1089 2600 1090 2603 ’

195 2623 222 2655 2)
241 2623 320 2649 Hehr.
339 2625 445 2652 10—15.

214 2665 320 2691 Calvmi
335 2674 425 2699 opera.
463 2669 519 2696 Vol.
539 2671 650 2698 XXIV.

2017 195 2078 227 338

1113 293 1193 321 mus,
1217 284 1335 314 frustra
1359 285 1480 323 captari
1506 285 1618 315 inanes
1642 289 1838 325 praetextus,
1863 285 1937 317 dum
1963 286 2028 317 ulla
2047 287 2081 318 111

1113 331 1203 365 parte
1216 326 1378 357 violantur
1398 327 1458 357 Dei
1473 326 1640 358 mandata:
1665 328 1739 367 quia
1763 329 1972 368 quantumvis
1996 329 2080 360 disfi-

1113 368 1172 398 cilc
1203 369 1244 399 sit
1273 370 1413 400 officium
1444 375 1618 409 praestare,
1650 369 1740 401 Deus
1765 376 1872 402 tamen
1903 371 1953 402 ius
1983 382 2079 403 suum

1114 421 1277 450 nunquam
1314 413 1464 452 resignat.
1511 412 1614 443 Porro
1649 413 1675 443 si
1710 412 1828 445 delicta
1861 413 1980 445 bellum
2015 425 2078 445 non

1114 458 1256 489 excusat,
1281 453 1363 493 quod
1388 454 1515 485 videtur
1539 455 1625 495 leges
1653 455 1792 493 solvere,
1822 456 1924 487 multo
1948 457 2080 496 gravior

1114 495 1162 535 (ut
1196 495 1314 526 dictum
1349 496 1411 537 est)
1447 497 1630 528 censebitur
1671 508 1781 528 eorum
1823 499 1917 538 culpa
1949 500 2004 539 qui
2044 500 2078 530 in

1115 539 1288 577 tranquillo
1334 539 1420 569 vitae
1465 543 1551 570 statu
1591 540 1758 572 licentiose
1796 541 1834 571 ad
1880 541 2077 581 peccandum

1114 581 1271 611 feruntur.

1201 624 1248 653 10.
1277 623 1311 653 Si
1332 623 1428 662 fuerit
1451 624 1482 654 'in
1506 627 1531 654 te
1551 625 1717 663 quispiam.
1755 624 1844 656 Deus
1864 626 2078 665 pollutionum

1115 666 1236 704 specics
1259 670 1444 703 enumerat,
1475 677 1511 696 ex
1544 667 1659 706 quibus
1690 673 1884 708 cognoscant
1911 668 2078 700 Israelitae

1115 707 1190 746 quid
1215 708 1273 738 sibi
1299 708 1377 738 velit
1400 718 1513 739 cavere
1533 720 1551 739 a
1574 720 1607 739 re
1627 710 1720 740 mala.
1744 709 1855 740 Primo
1876 721 1930 742 eos
1949 712 2002 750 qui
2022 722 2079 751 per

1116 751 1312 780 insomnium
1338 751 1540 790 profuderint
1568 762 1677 782 semen
1701 752 1884 784 immundos
1906 763 1976 784 esse
2006 765 2078 793 pro-

1089 832 1090 836 *
1116 794 1258 828 nunciat,
1283 799 1315 823 et
1338 793 1424 824 eiicit
1447 804 1463 823 e
1486 795 1609 831 castris,
1634 794 1733 826 donec
1757 805 1889 835 vespere
1912 807 1945 826 se
1968 796 2077 827 ablue-

1117 836 1190 865 rint.
1226 835 1351 866 Deinde
1374 841 1459 865 vetat
1484 836 1547 866 alvi
1568 837 1782 868 excrementis
1801 842 1906 869 castra
1929 839 2076 870 inficere:

1116 888 1218 917 neque
1242 877 1271 907 id
1296 878 1413 913 50111111,
1446 878 1499 908 5011
1525 879 1619 909 etiam
1644 890 1742 919 quum
1767 881 1887 920 egressi
1911 881 2030 912 fuerint
2060 891 2077 912 e

1116 920 1237 954 castris,
1274 919 1361 950 iubet
1385 920 1442 950 sub
1467 926 1584 951 terram
1609 932 1667 952 sua
1689 927 1894 953 excrementa
1919 923 2077 963 defodere,

1116 973 1155 993 ne
1179 973 1240 1002 qua
1265 962 1397 993 foeditas
1421 968 1581 1002 appareat.
1628 964 1797 995 Probabile
1817 969 1922 996 autem
1945 972 2001 1006 est,
2022 977 2078 1006 per

1116 1005 1340 1045 synecdochen
1361 1004 1521 1045 designari
1542 1006 1693 1046 quidquid
1714 1007 1898 1039 immundos
1920 1012 1952 1039 et
1974 1009 2076 1048 pollu-

1115 1053 1163 1077 tos
1192 1047 1345 1078 reddebat
1374 1047 1527 1079 homines.
1574 1048 1638 1079 Sed
1662 1049 1784 1086 Moses,
1818 1050 2002 1082 militariter
2030 1051 2076 1082 10-

1115 1090 1257 1129 quendo,
1290 1091 1367 1121 satis
1399 1090 1511 1121 habuit¹
1539 1091 1678 1122 breviter
1702 1091 1830 1128 docere,
1861 1095 2007 1132 quamvis
2037 1093 2077 1125 ad

1088 1166 1089 1173 ἵ
1117 1133 1233 1163 bellum
1266 1132 1442 1173 gerendum
1474 1133 1589 1163 intenti
1620 1134 1740 1171 forent,
1774 1135 1949 1166 curandam
1981 1137 2076 1167 simul

1115 1186 1185 1206 0550
1208 1175 1409 1206 munditiem.
1456 1176 1519 1206 Per
1541 1175 1686 1207 accidens
1711 1177 1810 1207 noctis
1834 1178 1977 1209 omnium
2002 1189 2077 1210 con-

1115 1229 1210 1249 sensu
1235 1218 1428 1257 intelligitur
1451 1219 1579 1248 seminis
1599 1220 1747 1258 profusio.
1793 1219 1887 1251 Unde
1915 1221 2078 1261 colligitur

1116 1268 1313 1301 quantopere
1338 1260 1498 1291 hominem
1528 1261 1634 1291 foedet
1657 1261 1875 1300 impudicitia,
1907 1273 2005 1302 quum
2036 1275 2076 1295 ex

1116 1304 1264 1342 turpibus
1288 1304 1421 1334 somniis
1451 1303 1537 1333 labes
1567 1304 1786 1335 contrahatur.
1833 1304 1927 1343 Quod
1956 1306 1995 1337 ad
2026 1317 2075 1337 se·

1115 1346 1253 1376 cnndam
1289 1352 1410 1385 partem
1442 1351 1578 1385 spectat,
1612 1346 1741 1385 quidam
1773 1348 1857 1378 acuti
1886 1353 1918 1378 et
1951 1348 2076 1380 dicaces

1115 1389 1219 1419 videri
1254 1393 1411 1429 appetunt
1444 1388 1477 1418 in
1513 1388 1704 1428 exagitando
1738 1389 1838 1426 Mose,
1872 1390 1956 1429 quod
1989 1392 2076 1422 inter

1115 1431 1295 1462 sanctitatis
1318 1435 1488 1471 praccepta
1512 1431 1570 1461 hoc
1593 1432 1742 1470 posuerit,
1765 1432 1814 1462 Ne
1837 1433 1908 1472 quis
1927 1438 2076 1465 ventrem

1116 1475 1149 1504 111
1183 1474 1297 1505 castris
1331 1478 1493 1504 exoneret.
1545 1472 1690 1510 Scilicet,
1728 1473 1896 1513 inquiunt,
1927 1477 2075 1508 stercoris

1116 1517 1237 1556 egestio
1263 1517 1323 1547 Dei
1348 1527 1441 1547 nares
1464 1515 1581 1546 olfactu
1606 1515 1732 1546 laedere
1755 1518 1865 1556 potuit.
1894 1517 1959 1548 Sed
1982 1519 2075 1550 facile

1115 1560 1302 1599 coarguitur
1325 1559 1425 1589 futilis
1449 1569 1557 1588 eorum
1581 1558 1767 1598 petulantia,
1791 1559 1873 1599 quod
1894 1560 1983 1592 Deus
2002 1561 2076 1593 tali-

1116 1602 1174 1632 bus
1206 1601 1397 1632 rudimentis
1428 1606 1568 1632 veterem
1594 1601 1746 1640 populum
1776 1602 1809 1632 in
1839 1601 1944 1634 officio
1973 1605 2076 1635 conti-

1116 1645 1231 1681 nuerit,
1256 1656 1295 1675 110
1320 1645 1450 1675 libertas
1468 1643 1565 1674 etiam
1585 1644 1617 1674 in
1637 1643 1730 1674 rebus
1749 1644 1892 1676 minimis
1911 1646 2076 1678 audaciam

1116 1692 1250 1727 pareret.
1308 1687 1344 1718 Si
1385 1687 1574 1726 permissum
1616 1686 1728 1717 fuisset
1768 1686 1914 1718 sordibus
1954 1689 2075 1728 passim

1115 1736 1220 1760 castra
1240 1731 1418 1769 inquinare,
1439 1740 1512 1759 mox
1532 1728 1735 1759 obduruisset
1753 1729 1892 1768 populus
1904 1730 1943 1760 ad
1963 1741 2074 1770 quam-

1458 1772 1580 1802 Iniecto
1604 1772 1710 1810 itaque
1733 1772 1841 1802 fraeno
1867 1775 1984 1803 retenti
2008 1775 2075 1805 fue-

1116 1821 1203 1849 runt,
1228 1820 1262 1846 nt
1287 1816 1387 1855 magis
1411 1814 1544 1845 sollicite
1568 1814 1691 1844 animos
1715 1813 1753 1844 ad
1773 1815 1973 1853 spiritualem
1992 1817 2076 1848 inte-

1116 1859 1267 1898 gritatem
1299 1857 1479 1888 adiicerent.
1534 1856 1708 1887 Falluntur
1741 1857 1836 1886 etiam
1871 1858 1924 1896 qui
1959 1863 2075 1898 putant

1089 1912 1090 1936 ι
1116 1912 1212 1931 sanae
1236 1899 1431 1930 valetudinis
1456 1899 1564 1929 haberi
1588 1899 1762 1935 rationem,
1793 1909 1833 1929 ne
1856 1899 1982 1932 morbos
2004 1902 2075 1942 gig-

1117 1950 1208 1973 neret.
1232 1944 1332 1973 foetor
1356 1954 1390 1973 :ic
1415 1941 1598 1981 corporibus
1622 1946 1706 1971 esset
1730 1942 1854 1972 noxius.
1879 1942 1973 1973 Clare
1988 1944 2075 1975 enim

1116 1986 1270 2026 exprimit
1292 1986 1398 2016 Moses
1421 1995 1453 2015 50
1476 1995 1537 2014 11011
1564 1987 1687 2014 tantum
1713 1984 1869 2023 respicere
1889 1985 1965 2024 quid
1990 1987 2075 2018 salu-

1116 2029 1171 2059 bre
1196 2030 1253 2066 sit,
1283 2028 1332 2058 vel
1364 2028 1458 2058 etiam
1483 2026 1557 2066 quid
1583 2025 1753 2056 honestum
1777 2035 1882 2056 coram
1908 2027 2075 2060 hominum

1116 2071 1229 2102 0011115·
1256 2070 1309 2102 sed
1331 2071 1433 2110 potius
1456 2069 1654 2100 assuefacere
1676 2068 1839 2108 populum,
1875 2073 1908 2100 ut
1931 2080 1949 2100 a
1972 2071 2075 2102 sordi-

1116 2115 1174 2145 bus
1198 2114 1383 2150 abhorreat,
1418 2122 1513 2151 seque
1536 2112 1696 2142 sincerum
1720 2115 1751 2141 et
1773 2111 1976 2150 impollutum
1999 2123 2075 2145 con-

1116 2162 1229 2188 servet.
1275 2156 1411 2187 Subiieit
1433 2155 1534 2191 enim,
1559 2154 1664 2184 Deum
1689 2153 1870 2193 praesidere
1893 2155 2015 2192 castris,
2040 2161 2076 2188 ut

1116 2210 1169 2230 005
1205 2211 1222 2230 3
1255 2200 1287 2229 vi
1320 2204 1349 2229 01
1385 2198 1507 2237 impetu
1533 2196 1673 2226 hostium
1696 2200 1858 2235 protegat:
1893 2197 2074 2230 timendum

1116 2253 1193 2273 vero
1216 2253 1293 2279 esse,
1318 2242 1344 2272 51
1367 2246 1471 2271 castra
1493 2239 1722 2275 contaminent,
1746 2248 1786 2268 110
1810 2239 1951 2270 offensus
1974 2241 2075 2272 sordi-

1116 2285 1175 2316 bus
1206 2290 1236 2315 et
1267 2284 1400 2315 maculis
1430 2293 1481 2313 eos
1512 2281 1646 2311 deserat.
1700 2280 1834 2311 Summa
1871 2286 1935 2319 est,
1973 2293 2072 2322 quum

1115 2338 1195 2367 opus
1219 2327 1358 2358 habeant
1382 2326 1441 2356 Dei
1461 2324 1590 2359 auxilio,
1615 2323 1668 2354 ubi
1692 2333 1764 2354 cum
1789 2322 1936 2355 hostibus
1956 2325 2075 2357 bellan-

1115 2370 1190 2400 dum
1226 2375 1287 2405 est,
1319 2368 1459 2400 studium
1491 2366 1670 2397 sanctitatis
1701 2375 1765 2396 non
1795 2365 1910 2396 debere
1941 2367 1975 2398 in
2004 2368 2075 2408 ipsa

1116 2413 1231 2443 militia
1253 2413 1356 2443 omitti
1381 2410 1430 2441 vel
1454 2409 1582 2449 negligi.
