<?xml version="1.0" encoding="UTF-8"?>
<!DOCTYPE html PUBLIC "-//W3C//DTD XHTML 1.0 Transitional//EN"
    "http://www.w3.org/TR/xhtml1/DTD/xhtml1-transitional.dtd">
<html xmlns="http://www.w3.org/1999/xhtml" xml:lang="en" lang="en">
 <head>
  <title>
</title>
<meta http-equiv="Content-Type" content="text/html;charset=utf-8" />
  <meta name='ocr-system' content='tesseract 3.04.00' />
  <meta name='ocr-capabilities' content='ocr_page ocr_carea ocr_par ocr_line ocrx_word'/>
</head>
<body>
  <div class='ocr_page' id='page_1' title='image "./ioanniscalviniop24calv_0128.png"; bbox 0 0 2304 3034; ppageno 0'>
   <div class='ocr_carea' id='block_1_1' title="bbox 158 214 220 245">
    <p class='ocr_par' dir='ltr' id='par_1_1' title="bbox 158 214 220 245">
     <span class='ocr_line' id='line_1_1' title="bbox 158 214 220 245; baseline 0 0"><span class='ocrx_word' id='word_1_1' title='bbox 158 214 220 245; x_wconf 70' lang='lat'>235</span> 
     </span>
    </p>
   </div>
   <div class='ocr_carea' id='block_1_2' title="bbox 154 303 1123 2530">
    <p class='ocr_par' dir='ltr' id='par_1_2' title="bbox 154 303 1122 1321">
     <span class='ocr_line' id='line_1_2' title="bbox 158 303 1118 347; baseline 0 -8"><span class='ocrx_word' id='word_1_2' title='bbox 158 319 192 339; x_wconf 89' lang='lat' dir='ltr'>se</span> <span class='ocrx_word' id='word_1_3' title='bbox 205 308 291 347; x_wconf 80' lang='lat' dir='ltr'>ipsos</span> <span class='ocrx_word' id='word_1_4' title='bbox 304 306 419 337; x_wconf 85' lang='lat' dir='ltr'>inflant</span> <span class='ocrx_word' id='word_1_5' title='bbox 441 304 594 340; x_wconf 84' lang='lat' dir='ltr'>homines,</span> <span class='ocrx_word' id='word_1_6' title='bbox 617 304 676 334; x_wconf 89' lang='lat' dir='ltr'>Dei</span> <span class='ocrx_word' id='word_1_7' title='bbox 696 303 823 334; x_wconf 87' lang='lat' dir='ltr'>landem</span> <span class='ocrx_word' id='word_1_8' title='bbox 844 305 883 335; x_wconf 88' lang='lat' dir='ltr'>ad</span> <span class='ocrx_word' id='word_1_9' title='bbox 903 316 936 336; x_wconf 89' lang='lat' dir='ltr'>se</span> <span class='ocrx_word' id='word_1_10' title='bbox 952 307 1118 339; x_wconf 86' lang='lat' dir='ltr'>trahendo.</span> 
     </span>
     <span class='ocr_line' id='line_1_3' title="bbox 159 348 1120 381; baseline 0.005 -5"><span class='ocrx_word' id='word_1_11' title='bbox 159 352 260 381; x_wconf 81' lang='lat' dir='ltr'>Porro</span> <span class='ocrx_word' id='word_1_12' title='bbox 296 360 358 379; x_wconf 90' lang='lat' dir='ltr'>non</span> <span class='ocrx_word' id='word_1_13' title='bbox 393 352 520 377; x_wconf 84' lang='lat' dir='ltr'>tantuin</span> <span class='ocrx_word' id='word_1_14' title='bbox 556 351 641 377; x_wconf 79' lang='lat' dir='ltr'>vetat</span> <span class='ocrx_word' id='word_1_15' title='bbox 675 358 752 377; x_wconf 83' lang='lat' dir='ltr'>suae</span> <span class='ocrx_word' id='word_1_16' title='bbox 787 348 901 378; x_wconf 86' lang='lat' dir='ltr'>virtuti</span> <span class='ocrx_word' id='word_1_17' title='bbox 937 349 1120 381; x_wconf 78' lang='lat' dir='ltr'><strong>adscribere</strong></span> 
     </span>
     <span class='ocr_line' id='line_1_4' title="bbox 158 389 1120 433; baseline 0 -9"><span class='ocrx_word' id='word_1_18' title='bbox 158 393 239 433; x_wconf 88' lang='lat' dir='ltr'>quod</span> <span class='ocrx_word' id='word_1_19' title='bbox 264 390 440 430; x_wconf 78' lang='lat' dir='ltr'>profligatis</span> <span class='ocrx_word' id='word_1_20' title='bbox 464 389 607 419; x_wconf 79' lang='lat' dir='ltr'>hostibus</span> <span class='ocrx_word' id='word_1_21' title='bbox 631 395 717 420; x_wconf 87' lang='lat' dir='ltr'>terra</span> <span class='ocrx_word' id='word_1_22' title='bbox 737 391 827 428; x_wconf 89' lang='lat' dir='ltr'>potiti</span> <span class='ocrx_word' id='word_1_23' title='bbox 848 391 923 427; x_wconf 83' lang='lat' dir='ltr'>sint,</span> <span class='ocrx_word' id='word_1_24' title='bbox 947 392 1001 422; x_wconf 87' lang='lat' dir='ltr'>sed</span> <span class='ocrx_word' id='word_1_25' title='bbox 1024 393 1120 424; x_wconf 86' lang='lat' dir='ltr'>etiam</span> 
     </span>
     <span class='ocr_line' id='line_1_5' title="bbox 159 432 1121 474; baseline 0 -8"><span class='ocrx_word' id='word_1_26' title='bbox 159 434 328 474; x_wconf 84' lang='lat' dir='ltr'>imaginari</span> <span class='ocrx_word' id='word_1_27' title='bbox 360 433 442 462; x_wconf 85' lang='lat' dir='ltr'>hanc</span> <span class='ocrx_word' id='word_1_28' title='bbox 474 432 598 462; x_wconf 83' lang='lat' dir='ltr'>meritis</span> <span class='ocrx_word' id='word_1_29' title='bbox 628 433 695 463; x_wconf 90' lang='lat' dir='ltr'>suis</span> <span class='ocrx_word' id='word_1_30' title='bbox 726 432 883 463; x_wconf 79' lang='lat' dir='ltr'>redditam</span> <span class='ocrx_word' id='word_1_31' title='bbox 915 434 1012 465; x_wconf 80' lang='lat' dir='ltr'>fuisse</span> <span class='ocrx_word' id='word_1_32' title='bbox 1038 446 1121 466; x_wconf 88' lang='lat' dir='ltr'>mer-</span> 
     </span>
     <span class='ocr_line' id='line_1_6' title="bbox 158 474 1122 514; baseline 0.001 -6"><span class='ocrx_word' id='word_1_33' title='bbox 158 478 277 510; x_wconf 79' lang='lat' dir='ltr'>cedem.</span> <span class='ocrx_word' id='word_1_34' title='bbox 329 475 441 514; x_wconf 80' lang='lat' dir='ltr'>Neque</span> <span class='ocrx_word' id='word_1_35' title='bbox 471 475 557 504; x_wconf 79' lang='lat' dir='ltr'>enim</span> <span class='ocrx_word' id='word_1_36' title='bbox 588 474 689 514; x_wconf 81' lang='lat' dir='ltr'>gloria.</span> <span class='ocrx_word' id='word_1_37' title='bbox 718 486 775 505; x_wconf 83' lang='lat' dir='ltr'>sua</span> <span class='ocrx_word' id='word_1_38' title='bbox 810 476 917 507; x_wconf 87' lang='lat' dir='ltr'>minus</span> <span class='ocrx_word' id='word_1_39' title='bbox 951 477 1122 509; x_wconf 86' lang='lat' dir='ltr'>fraudatur</span> 
     </span>
     <span class='ocr_line' id='line_1_7' title="bbox 157 517 1120 559; baseline 0.001 -8"><span class='ocrx_word' id='word_1_40' title='bbox 157 521 246 551; x_wconf 81' lang='lat' dir='ltr'>Deus</span> <span class='ocrx_word' id='word_1_41' title='bbox 269 519 345 549; x_wconf 85' lang='lat' dir='ltr'>dum</span> <span class='ocrx_word' id='word_1_42' title='bbox 366 517 520 548; x_wconf 82' lang='lat' dir='ltr'>iustitiam</span> <span class='ocrx_word' id='word_1_43' title='bbox 540 528 631 548; x_wconf 88' lang='lat' dir='ltr'>suani</span> <span class='ocrx_word' id='word_1_44' title='bbox 651 518 720 548; x_wconf 88' lang='grc'><strong>01115</strong></span> <span class='ocrx_word' id='word_1_45' title='bbox 741 518 924 549; x_wconf 77' lang='lat' dir='ltr'>liberalitati</span> <span class='ocrx_word' id='word_1_46' title='bbox 945 527 1120 559; x_wconf 90' lang='lat' dir='ltr'>opponunt,</span> 
     </span>
     <span class='ocr_line' id='line_1_8' title="bbox 157 560 1120 603; baseline 0.001 -10"><span class='ocrx_word' id='word_1_47' title='bbox 157 573 252 603; x_wconf 88' lang='lat' dir='ltr'>quam</span> <span class='ocrx_word' id='word_1_48' title='bbox 287 571 385 600; x_wconf 89' lang='lat' dir='ltr'>quum</span> <span class='ocrx_word' id='word_1_49' title='bbox 421 560 601 599; x_wconf 76' lang='lat' dir='ltr'>gloriantur</span> <span class='ocrx_word' id='word_1_50' title='bbox 629 560 782 600; x_wconf 83' lang='lat' dir='ltr'>quidquid</span> <span class='ocrx_word' id='word_1_51' title='bbox 812 560 931 592; x_wconf 79' lang='lat' dir='ltr'>habent</span> <span class='ocrx_word' id='word_1_52' title='bbox 965 562 1120 594; x_wconf 90' lang='lat' dir='ltr'>bonorum</span> 
     </span>
     <span class='ocr_line' id='line_1_9' title="bbox 157 603 1120 644; baseline 0 -8"><span class='ocrx_word' id='word_1_53' title='bbox 157 616 213 636; x_wconf 86' lang='lat' dir='ltr'>sua</span> <span class='ocrx_word' id='word_1_54' title='bbox 244 603 404 634; x_wconf 86' lang='lat' dir='ltr'>industria</span> <span class='ocrx_word' id='word_1_55' title='bbox 433 609 562 642; x_wconf 86' lang='lat' dir='ltr'>partum</span> <span class='ocrx_word' id='word_1_56' title='bbox 593 614 671 634; x_wconf 79' lang='lat' dir='ltr'>esse.</span> <span class='ocrx_word' id='word_1_57' title='bbox 725 603 770 635; x_wconf 91' lang='lat' dir='ltr'>Ut</span> <span class='ocrx_word' id='word_1_58' title='bbox 805 604 863 635; x_wconf 93' lang='lat' dir='ltr'>hoc</span> <span class='ocrx_word' id='word_1_59' title='bbox 898 606 1039 644; x_wconf 80' lang='lat' dir='ltr'>apertius</span> <span class='ocrx_word' id='word_1_60' title='bbox 1070 607 1120 643; x_wconf 82' lang='lat' dir='ltr'>sit,</span> 
     </span>
     <span class='ocr_line' id='line_1_10' title="bbox 156 645 1122 686; baseline 0.001 -7"><span class='ocrx_word' id='word_1_61' title='bbox 156 649 273 679; x_wconf 88' lang='lat' dir='ltr'>iterum</span> <span class='ocrx_word' id='word_1_62' title='bbox 308 652 460 686; x_wconf 78' lang='lat' dir='ltr'>repetam.</span> <span class='ocrx_word' id='word_1_63' title='bbox 514 645 586 675; x_wconf 84' lang='lat' dir='ltr'>Non</span> <span class='ocrx_word' id='word_1_64' title='bbox 622 651 710 676; x_wconf 82' lang='lat' dir='ltr'>vetat</span> <span class='ocrx_word' id='word_1_65' title='bbox 741 647 849 677; x_wconf 85' lang='lat' dir='ltr'>Moses</span> <span class='ocrx_word' id='word_1_66' title='bbox 883 658 923 678; x_wconf 89' lang='lat' dir='ltr'>ne</span> <span class='ocrx_word' id='word_1_67' title='bbox 957 649 1122 680; x_wconf 85' lang='lat' dir='ltr'>existimet</span> 
     </span>
     <span class='ocr_line' id='line_1_11' title="bbox 156 689 1120 731; baseline 0.001 -10"><span class='ocrx_word' id='word_1_68' title='bbox 156 690 291 731; x_wconf 86' lang='lat' dir='ltr'>populus</span> <span class='ocrx_word' id='word_1_69' title='bbox 332 695 451 719; x_wconf 89' lang='lat' dir='ltr'>terram</span> <span class='ocrx_word' id='word_1_70' title='bbox 492 689 610 728; x_wconf 85' lang='lat' dir='ltr'>absque</span> <span class='ocrx_word' id='word_1_71' title='bbox 646 689 715 720; x_wconf 90' lang='lat' dir='ltr'>Deo</span> <span class='ocrx_word' id='word_1_72' title='bbox 749 700 783 719; x_wconf 90' lang='lat' dir='ltr'>se</span> <span class='ocrx_word' id='word_1_73' title='bbox 818 690 1018 729; x_wconf 76' lang='lat' dir='ltr'>acquisiisse:</span> <span class='ocrx_word' id='word_1_74' title='bbox 1056 692 1120 723; x_wconf 92' lang='lat' dir='ltr'>imo</span> 
     </span>
     <span class='ocr_line' id='line_1_12' title="bbox 156 731 1120 772; baseline 0.001 -8"><span class='ocrx_word' id='word_1_75' title='bbox 156 734 255 764; x_wconf 85' lang='lat' dir='ltr'>sumit</span> <span class='ocrx_word' id='word_1_76' title='bbox 285 742 341 772; x_wconf 90' lang='lat' dir='ltr'>pro</span> <span class='ocrx_word' id='word_1_77' title='bbox 371 731 516 762; x_wconf 78' lang='lat' dir='ltr'>confesso</span> <span class='ocrx_word' id='word_1_78' title='bbox 544 732 629 771; x_wconf 87' lang='lat' dir='ltr'>ipsos</span> <span class='ocrx_word' id='word_1_79' title='bbox 659 733 826 771; x_wconf 73' lang='lat' dir='ltr'>agnituros</span> <span class='ocrx_word' id='word_1_80' title='bbox 850 733 911 763; x_wconf 92' lang='lat' dir='ltr'>Dei</span> <span class='ocrx_word' id='word_1_81' title='bbox 943 734 1063 765; x_wconf 82' lang='lat' dir='ltr'>auxilio</span> <span class='ocrx_word' id='word_1_82' title='bbox 1087 745 1120 766; x_wconf 87' lang='lat' dir='ltr'>se</span> 
     </span>
     <span class='ocr_line' id='line_1_13' title="bbox 156 773 1121 808; baseline 0.001 -1"><span class='ocrx_word' id='word_1_83' title='bbox 156 777 254 807; x_wconf 86' lang='lat' dir='ltr'>fuisse</span> <span class='ocrx_word' id='word_1_84' title='bbox 277 776 423 805; x_wconf 78' lang='lat' dir='ltr'>victores.</span> <span class='ocrx_word' id='word_1_85' title='bbox 465 773 529 804; x_wconf 81' lang='lat' dir='ltr'>Sed</span> <span class='ocrx_word' id='word_1_86' title='bbox 555 785 617 804; x_wconf 88' lang='lat' dir='ltr'>non</span> <span class='ocrx_word' id='word_1_87' title='bbox 642 780 812 805; x_wconf 88' lang='lat' dir='ltr'>contentus</span> <span class='ocrx_word' id='word_1_88' title='bbox 835 780 883 806; x_wconf 90' lang='lat' dir='ltr'>est</span> <span class='ocrx_word' id='word_1_89' title='bbox 908 776 967 807; x_wconf 88' lang='lat' dir='ltr'>hac</span> <span class='ocrx_word' id='word_1_90' title='bbox 989 776 1121 808; x_wconf 83' lang='lat' dir='ltr'>dimidia</span> 
     </span>
     <span class='ocr_line' id='line_1_14' title="bbox 157 817 1120 859; baseline 0.002 -10"><span class='ocrx_word' id='word_1_91' title='bbox 157 818 366 859; x_wconf 80' lang='lat' dir='ltr'>gratitudine:</span> <span class='ocrx_word' id='word_1_92' title='bbox 391 817 452 847; x_wconf 89' lang='lat' dir='ltr'>nisi</span> <span class='ocrx_word' id='word_1_93' title='bbox 472 824 652 857; x_wconf 79' lang='lat' dir='ltr'>agnoscant</span> <span class='ocrx_word' id='word_1_94' title='bbox 670 817 764 848; x_wconf 87' lang='lat' dir='ltr'>simul</span> <span class='ocrx_word' id='word_1_95' title='bbox 786 818 868 849; x_wconf 88' lang='lat' dir='ltr'>nihil</span> <span class='ocrx_word' id='word_1_96' title='bbox 888 829 921 849; x_wconf 89' lang='lat' dir='ltr'>se</span> <span class='ocrx_word' id='word_1_97' title='bbox 940 819 1004 850; x_wconf 89' lang='lat' dir='ltr'>tale</span> <span class='ocrx_word' id='word_1_98' title='bbox 1022 820 1120 851; x_wconf 88' lang='lat' dir='ltr'>fuisse</span> 
     </span>
     <span class='ocr_line' id='line_1_15' title="bbox 155 860 1119 901; baseline 0.002 -10"><span class='ocrx_word' id='word_1_99' title='bbox 155 861 356 901; x_wconf 85' lang='lat' dir='ltr'>promeritos,</span> <span class='ocrx_word' id='word_1_100' title='bbox 379 860 513 899; x_wconf 82' lang='lat' dir='ltr'>ideoque</span> <span class='ocrx_word' id='word_1_101' title='bbox 533 870 658 890; x_wconf 87' lang='lat' dir='ltr'>merum</span> <span class='ocrx_word' id='word_1_102' title='bbox 678 871 748 891; x_wconf 89' lang='lat' dir='ltr'>esse</span> <span class='ocrx_word' id='word_1_103' title='bbox 767 867 798 891; x_wconf 90' lang='lat' dir='ltr'>et</span> <span class='ocrx_word' id='word_1_104' title='bbox 821 862 1001 901; x_wconf 78' lang='lat' dir='ltr'>gratuitum</span> <span class='ocrx_word' id='word_1_105' title='bbox 1025 863 1119 893; x_wconf 86' lang='lat' dir='ltr'>bene-</span> 
     </span>
     <span class='ocr_line' id='line_1_16' title="bbox 156 902 1120 936; baseline 0 0"><span class='ocrx_word' id='word_1_106' title='bbox 156 905 272 936; x_wconf 88' lang='lat' dir='ltr'>ficium.</span> <span class='ocrx_word' id='word_1_107' title='bbox 308 903 344 933; x_wconf 88' lang='lat' dir='ltr'>In</span> <span class='ocrx_word' id='word_1_108' title='bbox 365 902 503 933; x_wconf 74' lang='lat' dir='ltr'>seeundo</span> <span class='ocrx_word' id='word_1_109' title='bbox 523 903 666 933; x_wconf 87' lang='lat' dir='ltr'>membro</span> <span class='ocrx_word' id='word_1_110' title='bbox 685 913 749 934; x_wconf 89' lang='lat' dir='ltr'>non</span> <span class='ocrx_word' id='word_1_111' title='bbox 774 903 905 935; x_wconf 81' lang='lat' dir='ltr'>videtur</span> <span class='ocrx_word' id='word_1_112' title='bbox 928 905 1005 936; x_wconf 87' lang='lat' dir='ltr'>satis</span> <span class='ocrx_word' id='word_1_113' title='bbox 1028 906 1120 936; x_wconf 89' lang='lat' dir='ltr'>firma</span> 
     </span>
     <span class='ocr_line' id='line_1_17' title="bbox 156 945 1121 988; baseline 0.001 -10"><span class='ocrx_word' id='word_1_114' title='bbox 156 958 224 978; x_wconf 87' lang='lat' dir='ltr'>esse</span> <span class='ocrx_word' id='word_1_115' title='bbox 248 946 338 981; x_wconf 84' lang='lat' dir='ltr'>ratio,</span> <span class='ocrx_word' id='word_1_116' title='bbox 362 945 444 984; x_wconf 86' lang='lat' dir='ltr'>quod</span> <span class='ocrx_word' id='word_1_117' title='bbox 468 945 591 976; x_wconf 83' lang='lat' dir='ltr'>seilicet</span> <span class='ocrx_word' id='word_1_118' title='bbox 615 951 726 985; x_wconf 88' lang='lat' dir='ltr'>gentes</span> <span class='ocrx_word' id='word_1_119' title='bbox 746 952 878 986; x_wconf 87' lang='lat' dir='ltr'>propter</span> <span class='ocrx_word' id='word_1_120' title='bbox 897 958 987 978; x_wconf 87' lang='lat' dir='ltr'>suam</span> <span class='ocrx_word' id='word_1_121' title='bbox 1007 947 1121 988; x_wconf 89' lang='lat' dir='ltr'>impie-</span> 
     </span>
     <span class='ocr_line' id='line_1_18' title="bbox 156 988 1120 1030; baseline 0 -9"><span class='ocrx_word' id='word_1_122' title='bbox 156 996 255 1021; x_wconf 86' lang='lat' dir='ltr'>tatem</span> <span class='ocrx_word' id='word_1_123' title='bbox 289 988 444 1028; x_wconf 76' lang='lat' dir='ltr'>expulsae</span> <span class='ocrx_word' id='word_1_124' title='bbox 476 989 550 1019; x_wconf 89' lang='lat' dir='ltr'>sint.</span> <span class='ocrx_word' id='word_1_125' title='bbox 602 989 690 1019; x_wconf 84' lang='lat' dir='ltr'>Fieri</span> <span class='ocrx_word' id='word_1_126' title='bbox 719 990 805 1020; x_wconf 89' lang='lat' dir='ltr'>enim</span> <span class='ocrx_word' id='word_1_127' title='bbox 835 994 941 1029; x_wconf 86' lang='lat' dir='ltr'>potest</span> <span class='ocrx_word' id='word_1_128' title='bbox 971 994 1007 1021; x_wconf 86' lang='lat' dir='ltr'>ut</span> <span class='ocrx_word' id='word_1_129' title='bbox 1037 991 1120 1030; x_wconf 89' lang='lat' dir='ltr'>quod</span> 
     </span>
     <span class='ocr_line' id='line_1_19' title="bbox 157 1030 1121 1074; baseline 0.001 -10"><span class='ocrx_word' id='word_1_130' title='bbox 157 1034 245 1065; x_wconf 85' lang='lat' dir='ltr'>Deus</span> <span class='ocrx_word' id='word_1_131' title='bbox 268 1031 432 1062; x_wconf 86' lang='lat' dir='ltr'>sceleratis</span> <span class='ocrx_word' id='word_1_132' title='bbox 456 1030 625 1062; x_wconf 76' lang='lat' dir='ltr'>abstulerit</span> <span class='ocrx_word' id='word_1_133' title='bbox 647 1042 683 1062; x_wconf 85' lang='lat' dir='ltr'>ae</span> <span class='ocrx_word' id='word_1_134' title='bbox 707 1033 868 1072; x_wconf 74' lang='lat' dir='ltr'>reprobis,</span> <span class='ocrx_word' id='word_1_135' title='bbox 898 1033 937 1063; x_wconf 87' lang='lat' dir='ltr'>ad</span> <span class='ocrx_word' id='word_1_136' title='bbox 961 1032 1121 1074; x_wconf 86' lang='lat' dir='ltr'>digniores</span> 
     </span>
     <span class='ocr_line' id='line_1_20' title="bbox 154 1073 1122 1113; baseline 0.001 -7"><span class='ocrx_word' id='word_1_137' title='bbox 154 1076 337 1106; x_wconf 76' lang='lat' dir='ltr'>transferat.</span> <span class='ocrx_word' id='word_1_138' title='bbox 385 1073 449 1105; x_wconf 66' lang='lat' dir='ltr'>sed</span> <span class='ocrx_word' id='word_1_139' title='bbox 475 1074 604 1105; x_wconf 90' lang='lat' dir='ltr'>videtur</span> <span class='ocrx_word' id='word_1_140' title='bbox 635 1075 730 1105; x_wconf 86' lang='lat' dir='ltr'>tacita</span> <span class='ocrx_word' id='word_1_141' title='bbox 763 1086 832 1106; x_wconf 87' lang='lat' dir='ltr'>esse</span> <span class='ocrx_word' id='word_1_142' title='bbox 863 1075 1056 1113; x_wconf 85' lang='lat' dir='ltr'>admonitio,</span> <span class='ocrx_word' id='word_1_143' title='bbox 1086 1082 1122 1107; x_wconf 89' lang='lat' dir='ltr'>ut</span> 
     </span>
     <span class='ocr_line' id='line_1_21' title="bbox 157 1116 1121 1160; baseline 0.001 -11"><span class='ocrx_word' id='word_1_144' title='bbox 157 1129 190 1149; x_wconf 88' lang='lat' dir='ltr'>se</span> <span class='ocrx_word' id='word_1_145' title='bbox 204 1118 368 1148; x_wconf 75' lang='lat' dir='ltr'>Israelitae</span> <span class='ocrx_word' id='word_1_146' title='bbox 382 1116 534 1156; x_wconf 87' lang='lat' dir='ltr'>gentibus</span> <span class='ocrx_word' id='word_1_147' title='bbox 553 1122 760 1157; x_wconf 82' lang='lat' dir='ltr'>comparent:</span> <span class='ocrx_word' id='word_1_148' title='bbox 785 1119 859 1158; x_wconf 87' lang='lat' dir='ltr'>quia</span> <span class='ocrx_word' id='word_1_149' title='bbox 878 1117 952 1149; x_wconf 89' lang='lat' dir='ltr'>inde</span> <span class='ocrx_word' id='word_1_150' title='bbox 972 1119 1121 1160; x_wconf 82' lang='lat' dir='ltr'>colligere</span> 
     </span>
     <span class='ocr_line' id='line_1_22' title="bbox 157 1160 1122 1201; baseline 0.001 -10"><span class='ocrx_word' id='word_1_151' title='bbox 157 1168 342 1201; x_wconf 89' lang='lat' dir='ltr'>promptum</span> <span class='ocrx_word' id='word_1_152' title='bbox 367 1167 435 1190; x_wconf 89' lang='lat' dir='ltr'>erat</span> <span class='ocrx_word' id='word_1_153' title='bbox 466 1170 500 1190; x_wconf 88' lang='lat' dir='ltr'>se</span> <span class='ocrx_word' id='word_1_154' title='bbox 530 1171 592 1191; x_wconf 92' lang='lat' dir='ltr'>non</span> <span class='ocrx_word' id='word_1_155' title='bbox 624 1161 722 1192; x_wconf 85' lang='lat' dir='ltr'>fnisse</span> <span class='ocrx_word' id='word_1_156' title='bbox 750 1160 882 1201; x_wconf 87' lang='lat' dir='ltr'>adeptos</span> <span class='ocrx_word' id='word_1_157' title='bbox 912 1172 970 1192; x_wconf 89' lang='lat' dir='ltr'>sua</span> <span class='ocrx_word' id='word_1_158' title='bbox 1000 1162 1122 1193; x_wconf 86' lang='lat' dir='ltr'>iustitia</span> 
     </span>
     <span class='ocr_line' id='line_1_23' title="bbox 157 1203 1121 1244; baseline 0 -9"><span class='ocrx_word' id='word_1_159' title='bbox 157 1204 295 1235; x_wconf 81' lang='lat' dir='ltr'>alienam</span> <span class='ocrx_word' id='word_1_160' title='bbox 320 1208 449 1239; x_wconf 86' lang='lat' dir='ltr'>terram,</span> <span class='ocrx_word' id='word_1_161' title='bbox 474 1213 492 1233; x_wconf 88' lang='lat' dir='ltr'>a</span> <span class='ocrx_word' id='word_1_162' title='bbox 511 1213 574 1242; x_wconf 89' lang='lat' dir='ltr'>qua</span> <span class='ocrx_word' id='word_1_163' title='bbox 592 1204 652 1243; x_wconf 79' lang='lat' dir='ltr'>ipsi</span> <span class='ocrx_word' id='word_1_164' title='bbox 673 1203 846 1244; x_wconf 87' lang='lat' dir='ltr'>indigenae</span> <span class='ocrx_word' id='word_1_165' title='bbox 869 1205 961 1235; x_wconf 86' lang='lat' dir='ltr'>eiecti</span> <span class='ocrx_word' id='word_1_166' title='bbox 986 1205 1121 1236; x_wconf 86' lang='lat' dir='ltr'>fuerant.</span> 
     </span>
     <span class='ocr_line' id='line_1_24' title="bbox 157 1246 1122 1287; baseline 0.001 -10"><span class='ocrx_word' id='word_1_167' title='bbox 157 1246 252 1285; x_wconf 81' lang='lat' dir='ltr'>Quod</span> <span class='ocrx_word' id='word_1_168' title='bbox 286 1246 383 1276; x_wconf 83' lang='lat' dir='ltr'>etiam</span> <span class='ocrx_word' id='word_1_169' title='bbox 417 1246 534 1276; x_wconf 83' lang='lat' dir='ltr'>clarius</span> <span class='ocrx_word' id='word_1_170' title='bbox 571 1246 765 1286; x_wconf 81' lang='lat' dir='ltr'>exprimitur</span> <span class='ocrx_word' id='word_1_171' title='bbox 805 1246 928 1278; x_wconf 88' lang='lat' dir='ltr'>duobus</span> <span class='ocrx_word' id='word_1_172' title='bbox 969 1248 1122 1287; x_wconf 82' lang='lat' dir='ltr'>proximis</span> 
     </span>
     <span class='ocr_line' id='line_1_25' title="bbox 155 1288 313 1321; baseline -0.013 0"><span class='ocrx_word' id='word_1_173' title='bbox 155 1288 313 1321; x_wconf 85' lang='lat' dir='ltr'>versibus.</span> 
     </span>
    </p>

    <p class='ocr_par' dir='ltr' id='par_1_3' title="bbox 155 1331 1123 2530">
     <span class='ocr_line' id='line_1_26' title="bbox 243 1331 1123 1373; baseline 0.001 -11"><span class='ocrx_word' id='word_1_174' title='bbox 243 1332 270 1363; x_wconf 82' lang='lat'>5.</span> <span class='ocrx_word' id='word_1_175' title='bbox 293 1331 364 1362; x_wconf 84' lang='lat' dir='ltr'>Non</span> <span class='ocrx_word' id='word_1_176' title='bbox 378 1334 503 1371; x_wconf 72' lang='lat' dir='ltr'>propter</span> <span class='ocrx_word' id='word_1_177' title='bbox 522 1332 682 1363; x_wconf 60' lang='lat' dir='ltr'>iustitiam.</span> <span class='ocrx_word' id='word_1_178' title='bbox 708 1333 855 1363; x_wconf 86' lang='lat' dir='ltr'>Primum</span> <span class='ocrx_word' id='word_1_179' title='bbox 876 1333 947 1363; x_wconf 86' lang='lat' dir='ltr'>vult</span> <span class='ocrx_word' id='word_1_180' title='bbox 966 1336 1001 1363; x_wconf 86' lang='lat' dir='ltr'>ut</span> <span class='ocrx_word' id='word_1_181' title='bbox 1021 1344 1123 1373; x_wconf 88' lang='lat' dir='ltr'>poena</span> 
     </span>
     <span class='ocr_line' id='line_1_27' title="bbox 157 1374 1122 1416; baseline 0.001 -10"><span class='ocrx_word' id='word_1_182' title='bbox 157 1376 308 1416; x_wconf 85' lang='lat' dir='ltr'>gentibus</span> <span class='ocrx_word' id='word_1_183' title='bbox 327 1375 449 1405; x_wconf 80' lang='lat' dir='ltr'>inflicta</span> <span class='ocrx_word' id='word_1_184' title='bbox 463 1374 628 1406; x_wconf 81' lang='lat' dir='ltr'>Israelitas</span> <span class='ocrx_word' id='word_1_185' title='bbox 647 1375 686 1405; x_wconf 87' lang='lat' dir='ltr'>ad</span> <span class='ocrx_word' id='word_1_186' title='bbox 706 1376 853 1406; x_wconf 86' lang='lat' dir='ltr'>timorem</span> <span class='ocrx_word' id='word_1_187' title='bbox 874 1375 1009 1414; x_wconf 85' lang='lat' dir='ltr'>erudiat,</span> <span class='ocrx_word' id='word_1_188' title='bbox 1028 1382 1122 1416; x_wconf 87' lang='lat' dir='ltr'>atque</span> 
     </span>
     <span class='ocr_line' id='line_1_28' title="bbox 158 1417 1123 1457; baseline 0.001 -8"><span class='ocrx_word' id='word_1_189' title='bbox 158 1420 203 1449; x_wconf 85' lang='lat' dir='ltr'>ita</span> <span class='ocrx_word' id='word_1_190' title='bbox 233 1417 313 1448; x_wconf 89' lang='lat' dir='ltr'>nihil</span> <span class='ocrx_word' id='word_1_191' title='bbox 344 1417 405 1448; x_wconf 89' lang='grc'><strong>51111</strong></span> <span class='ocrx_word' id='word_1_192' title='bbox 436 1422 603 1457; x_wconf 75' lang='lat' dir='ltr'>arrogent:</span> <span class='ocrx_word' id='word_1_193' title='bbox 634 1418 709 1457; x_wconf 87' lang='lat' dir='ltr'>quia</span> <span class='ocrx_word' id='word_1_194' title='bbox 733 1418 795 1449; x_wconf 89' lang='lat' dir='ltr'>Dei</span> <span class='ocrx_word' id='word_1_195' title='bbox 826 1419 997 1450; x_wconf 88' lang='lat' dir='ltr'>consilium</span> <span class='ocrx_word' id='word_1_196' title='bbox 1027 1419 1123 1450; x_wconf 82' lang='lat' dir='ltr'>fuerit</span> 
     </span>
     <span class='ocr_line' id='line_1_29' title="bbox 158 1461 1122 1500; baseline 0 -8"><span class='ocrx_word' id='word_1_197' title='bbox 158 1472 221 1492; x_wconf 91' lang='lat' dir='ltr'>non</span> <span class='ocrx_word' id='word_1_198' title='bbox 256 1461 398 1500; x_wconf 88' lang='lat' dir='ltr'>ipsorum</span> <span class='ocrx_word' id='word_1_199' title='bbox 433 1461 549 1491; x_wconf 84' lang='lat' dir='ltr'>merita</span> <span class='ocrx_word' id='word_1_200' title='bbox 581 1462 799 1497; x_wconf 84' lang='lat' dir='ltr'>remunerari,</span> <span class='ocrx_word' id='word_1_201' title='bbox 841 1461 896 1492; x_wconf 88' lang='lat' dir='ltr'>sed</span> <span class='ocrx_word' id='word_1_202' title='bbox 931 1461 1039 1492; x_wconf 87' lang='lat' dir='ltr'>iudicii</span> <span class='ocrx_word' id='word_1_203' title='bbox 1072 1462 1122 1493; x_wconf 89' lang='lat' dir='ltr'>sui</span> 
     </span>
     <span class='ocr_line' id='line_1_30' title="bbox 158 1503 1121 1545; baseline 0.001 -10"><span class='ocrx_word' id='word_1_204' title='bbox 158 1504 364 1535; x_wconf 79' lang='lat' dir='ltr'>severitatem</span> <span class='ocrx_word' id='word_1_205' title='bbox 395 1503 573 1534; x_wconf 82' lang='lat' dir='ltr'>ostendere.</span> <span class='ocrx_word' id='word_1_206' title='bbox 627 1503 754 1535; x_wconf 84' lang='lat' dir='ltr'>Deinde</span> <span class='ocrx_word' id='word_1_207' title='bbox 785 1504 844 1536; x_wconf 88' lang='lat' dir='ltr'>hoc</span> <span class='ocrx_word' id='word_1_208' title='bbox 873 1503 995 1535; x_wconf 80' lang='lat' dir='ltr'>duobus</span> <span class='ocrx_word' id='word_1_209' title='bbox 1027 1515 1121 1545; x_wconf 85' lang='lat' dir='ltr'>argu-</span> 
     </span>
     <span class='ocr_line' id='line_1_31' title="bbox 158 1546 1122 1587; baseline 0.002 -11"><span class='ocrx_word' id='word_1_210' title='bbox 158 1547 277 1577; x_wconf 79' lang='lat' dir='ltr'>mentis</span> <span class='ocrx_word' id='word_1_211' title='bbox 315 1546 500 1577; x_wconf 78' lang='lat' dir='ltr'>confirmat:</span> <span class='ocrx_word' id='word_1_212' title='bbox 535 1557 651 1586; x_wconf 87' lang='lat' dir='ltr'>nempe</span> <span class='ocrx_word' id='word_1_213' title='bbox 685 1547 770 1587; x_wconf 91' lang='lat' dir='ltr'>quod</span> <span class='ocrx_word' id='word_1_214' title='bbox 803 1548 1003 1587; x_wconf 82' lang='lat' dir='ltr'>praestiterit</span> <span class='ocrx_word' id='word_1_215' title='bbox 1032 1548 1122 1578; x_wconf 87' lang='lat' dir='ltr'>Deus</span> 
     </span>
     <span class='ocr_line' id='line_1_32' title="bbox 157 1589 1121 1631; baseline 0.002 -12"><span class='ocrx_word' id='word_1_216' title='bbox 157 1589 242 1630; x_wconf 90' lang='lat' dir='ltr'>quod</span> <span class='ocrx_word' id='word_1_217' title='bbox 266 1589 425 1629; x_wconf 83' lang='lat' dir='ltr'>pollicitus</span> <span class='ocrx_word' id='word_1_218' title='bbox 445 1590 552 1620; x_wconf 87' lang='lat' dir='ltr'>fuerat</span> <span class='ocrx_word' id='word_1_219' title='bbox 564 1589 730 1621; x_wconf 82' lang='lat' dir='ltr'>Abrahae:</span> <span class='ocrx_word' id='word_1_220' title='bbox 754 1590 878 1631; x_wconf 88' lang='lat' dir='ltr'>(foedus</span> <span class='ocrx_word' id='word_1_221' title='bbox 902 1597 1008 1621; x_wconf 86' lang='lat' dir='ltr'>antem</span> <span class='ocrx_word' id='word_1_222' title='bbox 1032 1590 1121 1628; x_wconf 83' lang='lat' dir='ltr'>illud,</span> 
     </span>
     <span class='ocr_line' id='line_1_33' title="bbox 158 1632 1120 1673; baseline 0 -9"><span class='ocrx_word' id='word_1_223' title='bbox 158 1635 280 1664; x_wconf 86' lang='lat' dir='ltr'>utiam</span> <span class='ocrx_word' id='word_1_224' title='bbox 310 1637 385 1663; x_wconf 89' lang='lat' dir='ltr'>ante</span> <span class='ocrx_word' id='word_1_225' title='bbox 417 1632 522 1662; x_wconf 79' lang='lat' dir='ltr'>visum</span> <span class='ocrx_word' id='word_1_226' title='bbox 554 1638 616 1669; x_wconf 89' lang='lat' dir='ltr'>est,</span> <span class='ocrx_word' id='word_1_227' title='bbox 648 1633 680 1663; x_wconf 94' lang='lat' dir='ltr'>in</span> <span class='ocrx_word' id='word_1_228' title='bbox 711 1644 800 1664; x_wconf 88' lang='lat' dir='ltr'>mera</span> <span class='ocrx_word' id='word_1_229' title='bbox 823 1634 929 1673; x_wconf 82' lang='lat' dir='ltr'>gratia</span> <span class='ocrx_word' id='word_1_230' title='bbox 951 1633 1120 1664; x_wconf 70' lang='lat' dir='ltr'>fundatum</span> 
     </span>
     <span class='ocr_line' id='line_1_34' title="bbox 158 1675 1123 1716; baseline 0.001 -10"><span class='ocrx_word' id='word_1_231' title='bbox 158 1675 248 1716; x_wconf 82' lang='lat' dir='ltr'>erat),</span> <span class='ocrx_word' id='word_1_232' title='bbox 277 1675 393 1706; x_wconf 89' lang='lat' dir='ltr'>deinde</span> <span class='ocrx_word' id='word_1_233' title='bbox 422 1676 496 1714; x_wconf 88' lang='lat' dir='ltr'>quia</span> <span class='ocrx_word' id='word_1_234' title='bbox 526 1675 661 1715; x_wconf 87' lang='lat' dir='ltr'>populus</span> <span class='ocrx_word' id='word_1_235' title='bbox 689 1676 758 1716; x_wconf 90' lang='lat' dir='ltr'>ipse</span> <span class='ocrx_word' id='word_1_236' title='bbox 790 1687 943 1716; x_wconf 84' lang='lat' dir='ltr'>perverso</span> <span class='ocrx_word' id='word_1_237' title='bbox 974 1681 1058 1707; x_wconf 87' lang='lat' dir='ltr'>esset</span> <span class='ocrx_word' id='word_1_238' title='bbox 1087 1687 1123 1708; x_wconf 86' lang='lat' dir='ltr'>ac</span> 
     </span>
     <span class='ocr_line' id='line_1_35' title="bbox 159 1718 1122 1759; baseline 0.001 -10"><span class='ocrx_word' id='word_1_239' title='bbox 159 1718 313 1749; x_wconf 88' lang='lat' dir='ltr'>indomito</span> <span class='ocrx_word' id='word_1_240' title='bbox 336 1718 476 1758; x_wconf 83' lang='lat' dir='ltr'>ingenio.</span> <span class='ocrx_word' id='word_1_241' title='bbox 522 1719 609 1750; x_wconf 87' lang='lat' dir='ltr'>Hine</span> <span class='ocrx_word' id='word_1_242' title='bbox 633 1719 712 1749; x_wconf 83' lang='lat' dir='ltr'>satis</span> <span class='ocrx_word' id='word_1_243' title='bbox 736 1725 880 1759; x_wconf 81' lang='lat' dir='ltr'>apparet,</span> <span class='ocrx_word' id='word_1_244' title='bbox 905 1719 1028 1750; x_wconf 89' lang='lat' dir='ltr'>nullum</span> <span class='ocrx_word' id='word_1_245' title='bbox 1053 1730 1122 1750; x_wconf 87' lang='lat' dir='ltr'>esse</span> 
     </span>
     <span class='ocr_line' id='line_1_36' title="bbox 156 1761 1123 1800; baseline 0.001 -9"><span class='ocrx_word' id='word_1_246' title='bbox 156 1762 281 1792; x_wconf 89' lang='lat' dir='ltr'>meritis</span> <span class='ocrx_word' id='word_1_247' title='bbox 314 1761 434 1794; x_wconf 84' lang='lat' dir='ltr'>locutu.</span> <span class='ocrx_word' id='word_1_248' title='bbox 469 1761 584 1800; x_wconf 81' lang='lat' dir='ltr'>quibus</span> <span class='ocrx_word' id='word_1_249' title='bbox 620 1762 803 1792; x_wconf 87' lang='lat' dir='ltr'>aboleretur</span> <span class='ocrx_word' id='word_1_250' title='bbox 839 1762 948 1793; x_wconf 87' lang='lat' dir='ltr'>foedus</span> <span class='ocrx_word' id='word_1_251' title='bbox 980 1763 1057 1798; x_wconf 79' lang='lat' dir='ltr'>Dei,</span> <span class='ocrx_word' id='word_1_252' title='bbox 1092 1767 1123 1792; x_wconf 87' lang='lat' dir='ltr'>et</span> 
     </span>
     <span class='ocr_line' id='line_1_37' title="bbox 157 1801 1123 1845; baseline 0 -10"><span class='ocrx_word' id='word_1_253' title='bbox 157 1815 238 1844; x_wconf 87' lang='lat' dir='ltr'>quae</span> <span class='ocrx_word' id='word_1_254' title='bbox 260 1804 349 1834; x_wconf 84' lang='lat' dir='ltr'>nulla</span> <span class='ocrx_word' id='word_1_255' title='bbox 373 1805 506 1843; x_wconf 87' lang='lat' dir='ltr'>reperiri</span> <span class='ocrx_word' id='word_1_256' title='bbox 531 1811 679 1844; x_wconf 83' lang='lat' dir='ltr'>poterant</span> <span class='ocrx_word' id='word_1_257' title='bbox 702 1805 735 1835; x_wconf 92' lang='lat' dir='ltr'>in</span> <span class='ocrx_word' id='word_1_258' title='bbox 759 1811 856 1845; x_wconf 84' lang='lat' dir='ltr'>gente</span> <span class='ocrx_word' id='word_1_259' title='bbox 881 1811 945 1835; x_wconf 86' lang='lat' dir='ltr'>tam</span> <span class='ocrx_word' id='word_1_260' title='bbox 969 1801 1069 1845; x_wconf 71' lang='lat' dir='ltr'>prava</span> <span class='ocrx_word' id='word_1_261' title='bbox 1092 1810 1123 1836; x_wconf 87' lang='lat' dir='ltr'>et</span> 
     </span>
     <span class='ocr_line' id='line_1_38' title="bbox 155 1846 1122 1888; baseline 0 -10"><span class='ocrx_word' id='word_1_262' title='bbox 155 1847 345 1879; x_wconf 88' lang='lat' dir='ltr'>contumaci.</span> <span class='ocrx_word' id='word_1_263' title='bbox 382 1846 473 1877; x_wconf 90' lang='lat' dir='ltr'>Adde</span> <span class='ocrx_word' id='word_1_264' title='bbox 498 1847 580 1886; x_wconf 91' lang='lat' dir='ltr'>quod</span> <span class='ocrx_word' id='word_1_265' title='bbox 603 1847 716 1878; x_wconf 82' lang='lat' dir='ltr'>foedus</span> <span class='ocrx_word' id='word_1_266' title='bbox 739 1859 833 1878; x_wconf 89' lang='lat' dir='ltr'>suum</span> <span class='ocrx_word' id='word_1_267' title='bbox 854 1848 1021 1888; x_wconf 83' lang='lat' dir='ltr'>pepigerat</span> <span class='ocrx_word' id='word_1_268' title='bbox 1034 1848 1122 1878; x_wconf 88' lang='lat' dir='ltr'>Deus</span> 
     </span>
     <span class='ocr_line' id='line_1_39' title="bbox 156 1890 1121 1930; baseline 0 -10"><span class='ocrx_word' id='word_1_269' title='bbox 156 1901 227 1921; x_wconf 88' lang='lat' dir='ltr'>eum</span> <span class='ocrx_word' id='word_1_270' title='bbox 250 1890 423 1926; x_wconf 69' lang='lat' dir='ltr'>Abraham,</span> <span class='ocrx_word' id='word_1_271' title='bbox 448 1896 588 1929; x_wconf 87' lang='lat' dir='ltr'>quatuor</span> <span class='ocrx_word' id='word_1_272' title='bbox 611 1892 676 1921; x_wconf 84' lang='lat' dir='ltr'>fere</span> <span class='ocrx_word' id='word_1_273' title='bbox 700 1891 836 1922; x_wconf 79' lang='lat' dir='ltr'>saeculis</span> <span class='ocrx_word' id='word_1_274' title='bbox 859 1897 1029 1930; x_wconf 86' lang='lat' dir='ltr'>antequam</span> <span class='ocrx_word' id='word_1_275' title='bbox 1054 1891 1121 1921; x_wconf 89' lang='lat' dir='ltr'>nati</span> 
     </span>
     <span class='ocr_line' id='line_1_40' title="bbox 156 1933 1122 1972; baseline 0 -9"><span class='ocrx_word' id='word_1_276' title='bbox 156 1938 272 1964; x_wconf 83' lang='lat' dir='ltr'>essent.</span> <span class='ocrx_word' id='word_1_277' title='bbox 330 1933 424 1963; x_wconf 83' lang='lat' dir='ltr'>Unde</span> <span class='ocrx_word' id='word_1_278' title='bbox 458 1933 604 1972; x_wconf 82' lang='lat' dir='ltr'>seqnitur</span> <span class='ocrx_word' id='word_1_279' title='bbox 637 1933 827 1964; x_wconf 77' lang='lat' dir='ltr'>beneficium</span> <span class='ocrx_word' id='word_1_280' title='bbox 863 1945 903 1965; x_wconf 83' lang='lat' dir='ltr'>ex</span> <span class='ocrx_word' id='word_1_281' title='bbox 934 1934 996 1964; x_wconf 87' lang='lat' dir='ltr'>alio</span> <span class='ocrx_word' id='word_1_282' title='bbox 1033 1933 1122 1964; x_wconf 85' lang='lat' dir='ltr'>fonte</span> 
     </span>
     <span class='ocr_line' id='line_1_41' title="bbox 157 1976 1120 2017; baseline 0 -11"><span class='ocrx_word' id='word_1_283' title='bbox 157 1987 298 2006; x_wconf 82' lang='lat' dir='ltr'>manare.</span> <span class='ocrx_word' id='word_1_284' title='bbox 348 1976 469 2006; x_wconf 80' lang='lat' dir='ltr'>Verum</span> <span class='ocrx_word' id='word_1_285' title='bbox 493 1976 676 2015; x_wconf 79' lang='lat' dir='ltr'>superbiam</span> <span class='ocrx_word' id='word_1_286' title='bbox 702 1977 804 2017; x_wconf 83' lang='lat' dir='ltr'>magis</span> <span class='ocrx_word' id='word_1_287' title='bbox 829 1976 982 2012; x_wconf 84' lang='lat' dir='ltr'>retundit,</span> <span class='ocrx_word' id='word_1_288' title='bbox 1007 1987 1120 2016; x_wconf 81' lang='lat' dir='ltr'>expro-</span> 
     </span>
     <span class='ocr_line' id='line_1_42' title="bbox 157 2018 1121 2059; baseline 0.001 -11"><span class='ocrx_word' id='word_1_289' title='bbox 157 2019 278 2049; x_wconf 88' lang='lat' dir='ltr'>brando</span> <span class='ocrx_word' id='word_1_290' title='bbox 312 2019 447 2049; x_wconf 79' lang='lat' dir='ltr'>cervicis</span> <span class='ocrx_word' id='word_1_291' title='bbox 483 2018 648 2049; x_wconf 82' lang='lat' dir='ltr'>duritiem:</span> <span class='ocrx_word' id='word_1_292' title='bbox 683 2020 756 2059; x_wconf 87' lang='lat' dir='ltr'>quia</span> <span class='ocrx_word' id='word_1_293' title='bbox 790 2020 909 2050; x_wconf 86' lang='lat' dir='ltr'>nimiae</span> <span class='ocrx_word' id='word_1_294' title='bbox 940 2019 1121 2050; x_wconf 88' lang='lat' dir='ltr'>dementiae</span> 
     </span>
     <span class='ocr_line' id='line_1_43' title="bbox 157 2061 1120 2102; baseline 0 -10"><span class='ocrx_word' id='word_1_295' title='bbox 157 2062 284 2097; x_wconf 72' lang='grc'><strong>11115501,</strong></span> <span class='ocrx_word' id='word_1_296' title='bbox 311 2061 426 2097; x_wconf 89' lang='lat' dir='ltr'>Deum,</span> <span class='ocrx_word' id='word_1_297' title='bbox 452 2072 547 2101; x_wconf 88' lang='lat' dir='ltr'>quem</span> <span class='ocrx_word' id='word_1_298' title='bbox 571 2062 638 2093; x_wconf 82' lang='lat' dir='ltr'>suis</span> <span class='ocrx_word' id='word_1_299' title='bbox 662 2063 838 2093; x_wconf 80' lang='lat' dir='ltr'>sceleribus</span> <span class='ocrx_word' id='word_1_300' title='bbox 861 2073 1034 2102; x_wconf 78' lang='lat' dir='ltr'>provocare</span> <span class='ocrx_word' id='word_1_301' title='bbox 1058 2072 1120 2092; x_wconf 89' lang='lat' dir='ltr'>non</span> 
     </span>
     <span class='ocr_line' id='line_1_44' title="bbox 156 2104 1122 2145; baseline 0 -10"><span class='ocrx_word' id='word_1_302' title='bbox 156 2105 334 2142; x_wconf 80' lang='lat' dir='ltr'>cessabant,</span> <span class='ocrx_word' id='word_1_303' title='bbox 354 2106 476 2144; x_wconf 86' lang='lat' dir='ltr'>fingere</span> <span class='ocrx_word' id='word_1_304' title='bbox 496 2105 555 2135; x_wconf 87' lang='lat' dir='ltr'>sibi</span> <span class='ocrx_word' id='word_1_305' title='bbox 575 2104 774 2142; x_wconf 81' lang='lat' dir='ltr'>obstrictum,</span> <span class='ocrx_word' id='word_1_306' title='bbox 799 2116 834 2136; x_wconf 84' lang='lat' dir='ltr'>ae</span> <span class='ocrx_word' id='word_1_307' title='bbox 855 2106 880 2135; x_wconf 93' lang='lat' dir='ltr'>si</span> <span class='ocrx_word' id='word_1_308' title='bbox 903 2106 1000 2145; x_wconf 93' lang='lat' dir='ltr'>probe</span> <span class='ocrx_word' id='word_1_309' title='bbox 1019 2105 1122 2135; x_wconf 82' lang='lat' dir='ltr'>officio</span> 
     </span>
     <span class='ocr_line' id='line_1_45' title="bbox 157 2146 1122 2188; baseline 0.001 -11"><span class='ocrx_word' id='word_1_310' title='bbox 157 2146 297 2177; x_wconf 83' lang='lat' dir='ltr'>defuncti</span> <span class='ocrx_word' id='word_1_311' title='bbox 338 2153 453 2178; x_wconf 84' lang='grc'><strong>0550111.</strong></span> <span class='ocrx_word' id='word_1_312' title='bbox 511 2147 601 2179; x_wconf 84' lang='lat' dir='ltr'>Haec</span> <span class='ocrx_word' id='word_1_313' title='bbox 638 2159 711 2179; x_wconf 87' lang='lat' dir='ltr'>vero</span> <span class='ocrx_word' id='word_1_314' title='bbox 746 2148 936 2188; x_wconf 84' lang='lat' dir='ltr'>metaphora</span> <span class='ocrx_word' id='word_1_315' title='bbox 970 2159 987 2178; x_wconf 90' lang='lat' dir='ltr'>a</span> <span class='ocrx_word' id='word_1_316' title='bbox 1022 2147 1122 2178; x_wconf 84' lang='lat' dir='ltr'>bobus</span> 
     </span>
     <span class='ocr_line' id='line_1_46' title="bbox 157 2190 1123 2229; baseline -0.001 -8"><span class='ocrx_word' id='word_1_317' title='bbox 157 2197 283 2229; x_wconf 76' lang='lat' dir='ltr'>sumpta</span> <span class='ocrx_word' id='word_1_318' title='bbox 297 2198 353 2226; x_wconf 83' lang='lat' dir='ltr'>ost,</span> <span class='ocrx_word' id='word_1_319' title='bbox 373 2200 508 2229; x_wconf 87' lang='lat' dir='ltr'>quorum</span> <span class='ocrx_word' id='word_1_320' title='bbox 530 2190 637 2221; x_wconf 89' lang='lat' dir='ltr'>nullus</span> <span class='ocrx_word' id='word_1_321' title='bbox 657 2196 706 2222; x_wconf 87' lang='grc'>051</span> <span class='ocrx_word' id='word_1_322' title='bbox 725 2202 810 2227; x_wconf 88' lang='grc'><strong>05115,</strong></span> <span class='ocrx_word' id='word_1_323' title='bbox 832 2192 931 2222; x_wconf 83' lang='lat' dir='ltr'>donec</span> <span class='ocrx_word' id='word_1_324' title='bbox 950 2190 1123 2222; x_wconf 81' lang='lat' dir='ltr'>assuefacti</span> 
     </span>
     <span class='ocr_line' id='line_1_47' title="bbox 157 2232 1123 2274; baseline 0 -11"><span class='ocrx_word' id='word_1_325' title='bbox 157 2234 277 2263; x_wconf 79' lang='lat' dir='ltr'>fuerint</span> <span class='ocrx_word' id='word_1_326' title='bbox 299 2232 339 2263; x_wconf 87' lang='lat' dir='ltr'>ad</span> <span class='ocrx_word' id='word_1_327' title='bbox 362 2233 551 2263; x_wconf 85' lang='lat' dir='ltr'>flectendam</span> <span class='ocrx_word' id='word_1_328' title='bbox 576 2234 744 2265; x_wconf 85' lang='lat' dir='ltr'>cervicem.</span> <span class='ocrx_word' id='word_1_329' title='bbox 792 2234 930 2264; x_wconf 83' lang='lat' dir='ltr'>Perinde</span> <span class='ocrx_word' id='word_1_330' title='bbox 953 2234 1052 2274; x_wconf 84' lang='lat' dir='ltr'>igitur</span> <span class='ocrx_word' id='word_1_331' title='bbox 1064 2238 1123 2263; x_wconf 70' lang='lat' dir='ltr'>â€˜est</span> 
     </span>
     <span class='ocr_line' id='line_1_48' title="bbox 158 2275 1121 2315; baseline 0.001 -10"><span class='ocrx_word' id='word_1_332' title='bbox 158 2285 194 2306; x_wconf 86' lang='lat' dir='ltr'>ac</span> <span class='ocrx_word' id='word_1_333' title='bbox 217 2276 244 2306; x_wconf 87' lang='lat' dir='ltr'>si</span> <span class='ocrx_word' id='word_1_334' title='bbox 268 2275 402 2313; x_wconf 83' lang='lat' dir='ltr'>diceret,</span> <span class='ocrx_word' id='word_1_335' title='bbox 431 2286 495 2306; x_wconf 91' lang='lat' dir='ltr'>non</span> <span class='ocrx_word' id='word_1_336' title='bbox 527 2282 653 2307; x_wconf 84' lang='lat' dir='ltr'>tantum</span> <span class='ocrx_word' id='word_1_337' title='bbox 678 2288 747 2308; x_wconf 83' lang='grc'><strong>0550</strong></span> <span class='ocrx_word' id='word_1_338' title='bbox 771 2276 941 2313; x_wconf 82' lang='lat' dir='ltr'>indociles,</span> <span class='ocrx_word' id='word_1_339' title='bbox 970 2275 1025 2307; x_wconf 87' lang='lat' dir='ltr'>sed</span> <span class='ocrx_word' id='word_1_340' title='bbox 1050 2286 1121 2315; x_wconf 87' lang='lat' dir='ltr'>per-</span> 
     </span>
     <span class='ocr_line' id='line_1_49' title="bbox 157 2319 1121 2358; baseline 0 -10"><span class='ocrx_word' id='word_1_341' title='bbox 157 2319 279 2349; x_wconf 81' lang='lat' dir='ltr'>vicacia</span> <span class='ocrx_word' id='word_1_342' title='bbox 303 2329 361 2349; x_wconf 89' lang='lat' dir='ltr'>sua</span> <span class='ocrx_word' id='word_1_343' title='bbox 384 2319 496 2358; x_wconf 87' lang='lat' dir='ltr'>iugum</span> <span class='ocrx_word' id='word_1_344' title='bbox 520 2326 680 2350; x_wconf 79' lang='lat' dir='ltr'>excutere.</span> <span class='ocrx_word' id='word_1_345' title='bbox 727 2319 821 2358; x_wconf 82' lang='lat' dir='ltr'>Quod</span> <span class='ocrx_word' id='word_1_346' title='bbox 852 2320 946 2350; x_wconf 89' lang='lat' dir='ltr'>tertio</span> <span class='ocrx_word' id='word_1_347' title='bbox 974 2319 1121 2355; x_wconf 84' lang='lat' dir='ltr'>inculcat,</span> 
     </span>
     <span class='ocr_line' id='line_1_50' title="bbox 159 2361 1122 2402; baseline 0 -11"><span class='ocrx_word' id='word_1_348' title='bbox 159 2361 322 2392; x_wconf 83' lang='lat' dir='ltr'>Israelitas</span> <span class='ocrx_word' id='word_1_349' title='bbox 346 2367 465 2391; x_wconf 89' lang='lat' dir='ltr'>terram</span> <span class='ocrx_word' id='word_1_350' title='bbox 490 2372 555 2392; x_wconf 90' lang='lat' dir='ltr'>non</span> <span class='ocrx_word' id='word_1_351' title='bbox 580 2363 677 2393; x_wconf 85' lang='lat' dir='ltr'>fnisse</span> <span class='ocrx_word' id='word_1_352' title='bbox 700 2363 891 2402; x_wconf 86' lang='lat' dir='ltr'>promeritos</span> <span class='ocrx_word' id='word_1_353' title='bbox 914 2373 970 2392; x_wconf 82' lang='grc'><strong>51111</strong></span> <span class='ocrx_word' id='word_1_354' title='bbox 990 2361 1122 2396; x_wconf 76' lang='lat' dir='ltr'>iustitia,</span> 
     </span>
     <span class='ocr_line' id='line_1_51' title="bbox 159 2404 1123 2444; baseline 0 -11"><span class='ocrx_word' id='word_1_355' title='bbox 159 2404 233 2434; x_wconf 89' lang='grc'><strong>11100</strong></span> <span class='ocrx_word' id='word_1_356' title='bbox 256 2404 416 2434; x_wconf 80' lang='lat' dir='ltr'>diseamus</span> <span class='ocrx_word' id='word_1_357' title='bbox 446 2404 524 2435; x_wconf 90' lang='lat' dir='ltr'>nihil</span> <span class='ocrx_word' id='word_1_358' title='bbox 557 2416 627 2435; x_wconf 85' lang='lat' dir='ltr'>esse</span> <span class='ocrx_word' id='word_1_359' title='bbox 657 2405 819 2436; x_wconf 82' lang='lat' dir='ltr'>difficilius</span> <span class='ocrx_word' id='word_1_360' title='bbox 849 2415 943 2444; x_wconf 77' lang='lat' dir='ltr'>quain</span> <span class='ocrx_word' id='word_1_361' title='bbox 976 2404 1123 2435; x_wconf 86' lang='lat' dir='ltr'>homines</span> 
     </span>
     <span class='ocr_line' id='line_1_52' title="bbox 161 2448 1121 2486; baseline 0 -10"><span class='ocrx_word' id='word_1_362' title='bbox 161 2457 277 2477; x_wconf 72' lang='lat' dir='ltr'>exuere</span> <span class='ocrx_word' id='word_1_363' title='bbox 311 2457 404 2477; x_wconf 85' lang='lat' dir='ltr'>caeco</span> <span class='ocrx_word' id='word_1_364' title='bbox 435 2448 537 2485; x_wconf 77' lang='lat' dir='ltr'>fastuy</span> <span class='ocrx_word' id='word_1_365' title='bbox 570 2459 608 2478; x_wconf 88' lang='lat' dir='ltr'>ne</span> <span class='ocrx_word' id='word_1_366' title='bbox 639 2459 679 2478; x_wconf 80' lang='lat' dir='ltr'>ex</span> <span class='ocrx_word' id='word_1_367' title='bbox 712 2449 773 2479; x_wconf 90' lang='lat' dir='ltr'>Dei</span> <span class='ocrx_word' id='word_1_368' title='bbox 809 2448 969 2478; x_wconf 83' lang='lat' dir='ltr'>benefieiis</span> <span class='ocrx_word' id='word_1_369' title='bbox 1000 2454 1121 2486; x_wconf 79' lang='lat' dir='ltr'>partein</span> 
     </span>
     <span class='ocr_line' id='line_1_53' title="bbox 160 2489 1122 2530; baseline 0.001 -12"><span class='ocrx_word' id='word_1_370' title='bbox 160 2489 263 2519; x_wconf 81' lang='lat' dir='ltr'>laudis</span> <span class='ocrx_word' id='word_1_371' title='bbox 286 2490 324 2519; x_wconf 81' lang='lat' dir='ltr'>ad</span> <span class='ocrx_word' id='word_1_372' title='bbox 349 2501 382 2520; x_wconf 79' lang='lat' dir='ltr'>se</span> <span class='ocrx_word' id='word_1_373' title='bbox 413 2490 555 2521; x_wconf 87' lang='lat' dir='ltr'>trahant.</span> <span class='ocrx_word' id='word_1_374' title='bbox 603 2491 672 2521; x_wconf 86' lang='lat' dir='ltr'>Iam</span> <span class='ocrx_word' id='word_1_375' title='bbox 704 2502 800 2530; x_wconf 84' lang='lat' dir='ltr'>quum</span> <span class='ocrx_word' id='word_1_376' title='bbox 834 2491 864 2520; x_wconf 84' lang='lat' dir='ltr'>iu</span> <span class='ocrx_word' id='word_1_377' title='bbox 897 2496 1022 2520; x_wconf 79' lang='lat' dir='ltr'>terrena</span> <span class='ocrx_word' id='word_1_378' title='bbox 1049 2490 1122 2519; x_wconf 81' lang='lat' dir='ltr'>liae-</span> 
     </span>
    </p>
   </div>
   <div class='ocr_carea' id='block_1_3' title="bbox 162 2532 2136 2700">
    <p class='ocr_par' dir='ltr' id='par_1_4' title="bbox 162 2532 2136 2700">
     <span class='ocr_line' id='line_1_54' title="bbox 162 2532 1149 2572; baseline 0 -11"><span class='ocrx_word' id='word_1_379' title='bbox 162 2532 296 2562; x_wconf 86' lang='lat' dir='ltr'>reditate</span> <span class='ocrx_word' id='word_1_380' title='bbox 324 2538 493 2572; x_wconf 88' lang='lat' dir='ltr'>tantopere</span> <span class='ocrx_word' id='word_1_381' title='bbox 522 2534 725 2564; x_wconf 81' lang='lat' dir='ltr'>commendet</span> <span class='ocrx_word' id='word_1_382' title='bbox 756 2533 846 2563; x_wconf 87' lang='lat' dir='ltr'>Deus</span> <span class='ocrx_word' id='word_1_383' title='bbox 877 2544 967 2563; x_wconf 81' lang='lat' dir='ltr'>suain</span> <span class='ocrx_word' id='word_1_384' title='bbox 999 2532 1121 2562; x_wconf 76' lang='lat' dir='ltr'>miseriÎ‡</span> <span class='ocrx_word' id='word_1_385' title='bbox 1148 2562 1149 2567; x_wconf 55' lang='grc'><strong>,</strong></span> 
     </span>
     <span class='ocr_line' id='line_1_55' title="bbox 1148 2574 1591 2614; baseline 0 -9"><span class='ocrx_word' id='word_1_386' title='bbox 1148 2575 1150 2606; x_wconf 66' lang='grc' dir='ltr'>á¼¶</span> <span class='ocrx_word' id='word_1_387' title='bbox 1175 2585 1263 2605; x_wconf 75' lang='grc'><strong>501-05</strong></span> <span class='ocrx_word' id='word_1_388' title='bbox 1287 2586 1356 2605; x_wconf 73' lang='lat' dir='ltr'>esse</span> <span class='ocrx_word' id='word_1_389' title='bbox 1379 2581 1411 2605; x_wconf 87' lang='lat' dir='ltr'>et</span> <span class='ocrx_word' id='word_1_390' title='bbox 1442 2574 1591 2614; x_wconf 74' lang='lat' dir='ltr'>perditos.</span> 
     </span>
     <span class='ocr_line' id='line_1_56' title="bbox 1149 2617 2136 2657; baseline 0.002 -10"><span class='ocrx_word' id='word_1_391' title='bbox 1149 2624 1268 2653; x_wconf 69' lang='lat' dir='ltr'>:eatur</span> <span class='ocrx_word' id='word_1_392' title='bbox 1301 2617 1406 2655; x_wconf 68' lang='lat' dir='ltr'>Deus,</span> <span class='ocrx_word' id='word_1_393' title='bbox 1441 2617 1530 2657; x_wconf 82' lang='lat' dir='ltr'>quasi</span> <span class='ocrx_word' id='word_1_394' title='bbox 1566 2617 1662 2647; x_wconf 86' lang='lat' dir='ltr'>decus</span> <span class='ocrx_word' id='word_1_395' title='bbox 1696 2623 1727 2647; x_wconf 84' lang='lat' dir='ltr'>et</span> <span class='ocrx_word' id='word_1_396' title='bbox 1755 2625 1991 2648; x_wconf 81' lang='lat' dir='ltr'>ornamentum.</span> <span class='ocrx_word' id='word_1_397' title='bbox 2042 2617 2136 2649; x_wconf 85' lang='lat' dir='ltr'>Unde</span> 
     </span>
     <span class='ocr_line' id='line_1_57' title="bbox 1149 2658 2136 2700; baseline 0.002 -11"><span class='ocrx_word' id='word_1_398' title='bbox 1149 2658 1151 2680; x_wconf 73' lang='grc'>â€™-</span> <span class='ocrx_word' id='word_1_399' title='bbox 1176 2661 1338 2699; x_wconf 74' lang='lat' dir='ltr'>sequitnr,</span> <span class='ocrx_word' id='word_1_400' title='bbox 1363 2661 1387 2691; x_wconf 86' lang='lat' dir='ltr'>si</span> <span class='ocrx_word' id='word_1_401' title='bbox 1413 2671 1488 2691; x_wconf 84' lang='lat' dir='ltr'>vera</span> <span class='ocrx_word' id='word_1_402' title='bbox 1512 2666 1542 2690; x_wconf 83' lang='lat' dir='ltr'>et</span> <span class='ocrx_word' id='word_1_403' title='bbox 1565 2660 1666 2690; x_wconf 81' lang='lat' dir='ltr'>solida.</span> <span class='ocrx_word' id='word_1_404' title='bbox 1689 2660 1886 2691; x_wconf 84' lang='lat' dir='ltr'>beatitudine</span> <span class='ocrx_word' id='word_1_405' title='bbox 1909 2661 1972 2691; x_wconf 85' lang='lat' dir='ltr'>frui</span> <span class='ocrx_word' id='word_1_406' title='bbox 1996 2661 2136 2700; x_wconf 83' lang='lat' dir='ltr'>cupiant,</span> 
     </span>
    </p>
   </div>
   <div class='ocr_carea' id='block_1_4' title="bbox 162 2574 1122 2701">
    <p class='ocr_par' dir='ltr' id='par_1_5' title="bbox 162 2574 1122 2701">
     <span class='ocr_line' id='line_1_58' title="bbox 162 2574 1122 2615; baseline 0 -11"><span class='ocrx_word' id='word_1_407' title='bbox 162 2574 318 2611; x_wconf 84' lang='lat' dir='ltr'>cordiam,</span> <span class='ocrx_word' id='word_1_408' title='bbox 353 2575 426 2615; x_wconf 85' lang='lat' dir='ltr'>quid</span> <span class='ocrx_word' id='word_1_409' title='bbox 460 2576 497 2606; x_wconf 90' lang='lat' dir='ltr'>de</span> <span class='ocrx_word' id='word_1_410' title='bbox 531 2577 658 2607; x_wconf 80' lang='lat' dir='ltr'>coelesti</span> <span class='ocrx_word' id='word_1_411' title='bbox 694 2576 890 2607; x_wconf 83' lang='lat' dir='ltr'>credendum</span> <span class='ocrx_word' id='word_1_412' title='bbox 921 2574 991 2604; x_wconf 73' lang='lat' dir='ltr'>est?</span> <span class='ocrx_word' id='word_1_413' title='bbox 1027 2574 1122 2612; x_wconf 78' lang='lat' dir='ltr'>Quod</span> 
     </span>
     <span class='ocr_line' id='line_1_59' title="bbox 163 2617 1121 2658; baseline 0.001 -13"><span class='ocrx_word' id='word_1_414' title='bbox 163 2625 280 2647; x_wconf 77' lang='lat' dir='ltr'>terrani</span> <span class='ocrx_word' id='word_1_415' title='bbox 315 2617 470 2648; x_wconf 78' lang='lat' dir='ltr'>Chanaan</span> <span class='ocrx_word' id='word_1_416' title='bbox 513 2619 676 2658; x_wconf 70' lang='lat' dir='ltr'>possident</span> <span class='ocrx_word' id='word_1_417' title='bbox 716 2619 773 2649; x_wconf 85' lang='lat' dir='ltr'>filii</span> <span class='ocrx_word' id='word_1_418' title='bbox 808 2618 924 2654; x_wconf 84' lang='lat' dir='ltr'>Israel,</span> <span class='ocrx_word' id='word_1_419' title='bbox 966 2618 1024 2647; x_wconf 84' lang='lat' dir='ltr'>sibi</span> <span class='ocrx_word' id='word_1_420' title='bbox 1068 2617 1121 2647; x_wconf 84' lang='lat' dir='ltr'>uni</span> 
     </span>
     <span class='ocr_line' id='line_1_60' title="bbox 164 2661 1122 2701; baseline 0.004 -13"><span class='ocrx_word' id='word_1_421' title='bbox 164 2668 325 2699; x_wconf 56' lang='lat' dir='ltr'>acceptum</span> <span class='ocrx_word' id='word_1_422' title='bbox 358 2661 469 2691; x_wconf 82' lang='lat' dir='ltr'>referri</span> <span class='ocrx_word' id='word_1_423' title='bbox 505 2662 589 2692; x_wconf 79' lang='lat' dir='ltr'>vult:</span> <span class='ocrx_word' id='word_1_424' title='bbox 620 2668 739 2701; x_wconf 84' lang='lat' dir='ltr'>quanto</span> <span class='ocrx_word' id='word_1_425' title='bbox 768 2661 866 2701; x_wconf 86' lang='lat' dir='ltr'>igitur</span> <span class='ocrx_word' id='word_1_426' title='bbox 896 2661 1003 2690; x_wconf 75' lang='grc'><strong>10111115</strong></span> <span class='ocrx_word' id='word_1_427' title='bbox 1034 2661 1122 2692; x_wconf 74' lang='lat' dir='ltr'>seret.</span> 
     </span>
    </p>
   </div>
   <div class='ocr_carea' id='block_1_5' title="bbox 886 212 1414 246">
    <p class='ocr_par' dir='ltr' id='par_1_6' title="bbox 886 212 1414 246">
     <span class='ocr_line' id='line_1_61' title="bbox 886 212 1414 246; baseline 0.006 -4"><span class='ocrx_word' id='word_1_428' title='bbox 886 212 1147 245; x_wconf 75' lang='lat' dir='ltr'>PRAEFATIO</span> <span class='ocrx_word' id='word_1_429' title='bbox 1171 215 1218 246; x_wconf 88' lang='lat' dir='ltr'>IN</span> <span class='ocrx_word' id='word_1_430' title='bbox 1243 215 1414 246; x_wconf 68' lang='lat' dir='ltr'>LEGEM.</span> 
     </span>
    </p>
   </div>
   <div class='ocr_carea' id='block_1_6' title="bbox 1146 313 1150 2556">
    <p class='ocr_par' dir='ltr' id='par_1_7' title="bbox 1146 313 1150 2556">
     <span class='ocr_line' id='line_1_62' title="bbox 1146 313 1150 2556; baseline 0 0"><span class='ocrx_word' id='word_1_431' title='bbox 1146 313 1150 2556; x_wconf 95' lang='lat' dir='ltr'> </span> 
     </span>
    </p>
   </div>
   <div class='ocr_carea' id='block_1_7' title="bbox 2076 216 2137 248">
    <p class='ocr_par' dir='ltr' id='par_1_8' title="bbox 2076 216 2137 248">
     <span class='ocr_line' id='line_1_63' title="bbox 2076 216 2137 248; baseline 0 -1"><span class='ocrx_word' id='word_1_432' title='bbox 2076 216 2137 248; x_wconf 78' lang='lat'>236</span> 
     </span>
    </p>
   </div>
   <div class='ocr_carea' id='block_1_8' title="bbox 1172 308 2140 776">
    <p class='ocr_par' dir='ltr' id='par_1_9' title="bbox 1172 308 2140 776">
     <span class='ocr_line' id='line_1_64' title="bbox 1172 308 2135 350; baseline 0.001 -11"><span class='ocrx_word' id='word_1_433' title='bbox 1172 309 1299 340; x_wconf 88' lang='lat' dir='ltr'>obtrudi</span> <span class='ocrx_word' id='word_1_434' title='bbox 1323 310 1383 340; x_wconf 83' lang='lat' dir='ltr'>sibi</span> <span class='ocrx_word' id='word_1_435' title='bbox 1408 310 1575 340; x_wconf 87' lang='lat' dir='ltr'>hominum</span> <span class='ocrx_word' id='word_1_436' title='bbox 1601 309 1717 339; x_wconf 85' lang='lat' dir='ltr'>merita</span> <span class='ocrx_word' id='word_1_437' title='bbox 1740 313 1776 339; x_wconf 82' lang='lat' dir='ltr'>ut</span> <span class='ocrx_word' id='word_1_438' title='bbox 1798 308 1921 340; x_wconf 89' lang='lat' dir='ltr'>eoelum</span> <span class='ocrx_word' id='word_1_439' title='bbox 1945 310 2135 350; x_wconf 78' lang='lat' dir='ltr'>acquirant?</span> 
     </span>
     <span class='ocr_line' id='line_1_65' title="bbox 1173 351 2137 392; baseline 0.002 -10"><span class='ocrx_word' id='word_1_440' title='bbox 1173 352 1239 382; x_wconf 89' lang='lat' dir='ltr'>Nec</span> <span class='ocrx_word' id='word_1_441' title='bbox 1258 359 1306 382; x_wconf 86' lang='lat' dir='ltr'>est</span> <span class='ocrx_word' id='word_1_442' title='bbox 1325 353 1408 392; x_wconf 87' lang='lat' dir='ltr'>quod</span> <span class='ocrx_word' id='word_1_443' title='bbox 1428 351 1606 383; x_wconf 78' lang='lat' dir='ltr'>obtendant</span> <span class='ocrx_word' id='word_1_444' title='bbox 1626 352 1779 391; x_wconf 85' lang='lat' dir='ltr'>papistae,</span> <span class='ocrx_word' id='word_1_445' title='bbox 1802 352 1923 391; x_wconf 85' lang='lat' dir='ltr'>primas</span> <span class='ocrx_word' id='word_1_446' title='bbox 1942 363 1976 383; x_wconf 87' lang='grc'>50</span> <span class='ocrx_word' id='word_1_447' title='bbox 1995 353 2137 384; x_wconf 88' lang='lat' dir='ltr'>tribuere</span> 
     </span>
     <span class='ocr_line' id='line_1_66' title="bbox 1175 394 2136 435; baseline 0.001 -10"><span class='ocrx_word' id='word_1_448' title='bbox 1175 395 1234 425; x_wconf 87' lang='lat' dir='ltr'>Dei</span> <span class='ocrx_word' id='word_1_449' title='bbox 1259 395 1460 426; x_wconf 79' lang='lat' dir='ltr'>liberalitati:</span> <span class='ocrx_word' id='word_1_450' title='bbox 1486 394 1559 434; x_wconf 84' lang='lat' dir='ltr'>quia</span> <span class='ocrx_word' id='word_1_451' title='bbox 1581 394 1641 425; x_wconf 91' lang='lat' dir='ltr'>sibi</span> <span class='ocrx_word' id='word_1_452' title='bbox 1664 395 1698 424; x_wconf 91' lang='lat' dir='ltr'>in</span> <span class='ocrx_word' id='word_1_453' title='bbox 1722 394 1859 424; x_wconf 85' lang='lat' dir='ltr'>solidum</span> <span class='ocrx_word' id='word_1_454' title='bbox 1885 394 2034 426; x_wconf 85' lang='lat' dir='ltr'>vendicat</span> <span class='ocrx_word' id='word_1_455' title='bbox 2053 395 2136 435; x_wconf 90' lang='lat' dir='ltr'>quod</span> 
     </span>
     <span class='ocr_line' id='line_1_67' title="bbox 1172 436 2136 477; baseline 0 -9"><span class='ocrx_word' id='word_1_456' title='bbox 1172 437 1231 477; x_wconf 86' lang='lat' dir='ltr'>ipsi</span> <span class='ocrx_word' id='word_1_457' title='bbox 1256 447 1327 468; x_wconf 89' lang='lat' dir='ltr'>cum</span> <span class='ocrx_word' id='word_1_458' title='bbox 1348 438 1415 477; x_wconf 82' lang='lat' dir='ltr'>ipso</span> <span class='ocrx_word' id='word_1_459' title='bbox 1434 437 1547 477; x_wconf 87' lang='lat' dir='ltr'>partiri</span> <span class='ocrx_word' id='word_1_460' title='bbox 1568 436 1688 467; x_wconf 87' lang='lat' dir='ltr'>volunt.</span> <span class='ocrx_word' id='word_1_461' title='bbox 1726 436 1762 468; x_wconf 79' lang='lat' dir='ltr'>Si</span> <span class='ocrx_word' id='word_1_462' title='bbox 1782 437 1853 477; x_wconf 89' lang='lat' dir='ltr'>quis</span> <span class='ocrx_word' id='word_1_463' title='bbox 1873 443 1980 468; x_wconf 89' lang='lat' dir='ltr'>autem</span> <span class='ocrx_word' id='word_1_464' title='bbox 1999 438 2136 476; x_wconf 86' lang='lat' dir='ltr'>obiiciat,</span> 
     </span>
     <span class='ocr_line' id='line_1_68' title="bbox 1173 480 2137 520; baseline 0.002 -11"><span class='ocrx_word' id='word_1_465' title='bbox 1173 480 1295 511; x_wconf 87' lang='lat' dir='ltr'>dietum</span> <span class='ocrx_word' id='word_1_466' title='bbox 1320 480 1350 510; x_wconf 94' lang='lat' dir='ltr'>id</span> <span class='ocrx_word' id='word_1_467' title='bbox 1382 481 1480 511; x_wconf 79' lang='grc'><strong>1111550</strong></span> <span class='ocrx_word' id='word_1_468' title='bbox 1509 485 1635 510; x_wconf 82' lang='lat' dir='ltr'>tantum</span> <span class='ocrx_word' id='word_1_469' title='bbox 1668 480 1768 510; x_wconf 86' lang='lat' dir='ltr'>veteri</span> <span class='ocrx_word' id='word_1_470' title='bbox 1800 480 1929 519; x_wconf 85' lang='lat' dir='ltr'>populo,</span> <span class='ocrx_word' id='word_1_471' title='bbox 1961 480 2137 520; x_wconf 81' lang='lat' dir='ltr'>respondeo</span> 
     </span>
     <span class='ocr_line' id='line_1_69' title="bbox 1175 522 2137 562; baseline 0.001 -9"><span class='ocrx_word' id='word_1_472' title='bbox 1175 533 1232 553; x_wconf 90' lang='lat' dir='ltr'>nos</span> <span class='ocrx_word' id='word_1_473' title='bbox 1262 534 1323 553; x_wconf 90' lang='lat' dir='ltr'>non</span> <span class='ocrx_word' id='word_1_474' title='bbox 1355 534 1424 553; x_wconf 77' lang='grc'><strong>0550</strong></span> <span class='ocrx_word' id='word_1_475' title='bbox 1455 523 1614 553; x_wconf 86' lang='lat' dir='ltr'>meliores.</span> <span class='ocrx_word' id='word_1_476' title='bbox 1669 522 1853 554; x_wconf 83' lang='lat' dir='ltr'>Descendat</span> <span class='ocrx_word' id='word_1_477' title='bbox 1883 523 2016 562; x_wconf 88' lang='lat' dir='ltr'>quisque</span> <span class='ocrx_word' id='word_1_478' title='bbox 2047 523 2081 553; x_wconf 92' lang='lat' dir='ltr'>in</span> <span class='ocrx_word' id='word_1_479' title='bbox 2105 534 2137 554; x_wconf 88' lang='grc'>50</span> 
     </span>
     <span class='ocr_line' id='line_1_70' title="bbox 1172 565 2137 604; baseline 0.001 -9"><span class='ocrx_word' id='word_1_480' title='bbox 1172 566 1295 604; x_wconf 81' lang='lat' dir='ltr'>ipsumâ·</span> <span class='ocrx_word' id='word_1_481' title='bbox 1332 571 1364 596; x_wconf 87' lang='lat' dir='ltr'>et</span> <span class='ocrx_word' id='word_1_482' title='bbox 1400 566 1551 596; x_wconf 87' lang='lat' dir='ltr'>duritiem</span> <span class='ocrx_word' id='word_1_483' title='bbox 1586 565 1723 596; x_wconf 87' lang='lat' dir='ltr'>cervicis</span> <span class='ocrx_word' id='word_1_484' title='bbox 1752 576 1828 596; x_wconf 87' lang='lat' dir='ltr'>suae</span> <span class='ocrx_word' id='word_1_485' title='bbox 1862 576 1925 596; x_wconf 92' lang='lat' dir='ltr'>non</span> <span class='ocrx_word' id='word_1_486' title='bbox 1960 565 2137 597; x_wconf 79' lang='lat' dir='ltr'>excusabit.</span> 
     </span>
     <span class='ocr_line' id='line_1_71' title="bbox 1173 607 2139 648; baseline 0 -10"><span class='ocrx_word' id='word_1_487' title='bbox 1173 608 1237 646; x_wconf 79' lang='lat' dir='ltr'>Qui</span> <span class='ocrx_word' id='word_1_488' title='bbox 1274 619 1347 639; x_wconf 87' lang='lat' dir='ltr'>vero</span> <span class='ocrx_word' id='word_1_489' title='bbox 1382 609 1519 648; x_wconf 85' lang='lat' dir='ltr'>regeniti</span> <span class='ocrx_word' id='word_1_490' title='bbox 1553 613 1630 638; x_wconf 88' lang='lat' dir='ltr'>sunt</span> <span class='ocrx_word' id='word_1_491' title='bbox 1665 607 1727 638; x_wconf 87' lang='lat' dir='ltr'>Dei</span> <span class='ocrx_word' id='word_1_492' title='bbox 1762 608 1894 647; x_wconf 88' lang='lat' dir='ltr'>spiritu,</span> <span class='ocrx_word' id='word_1_493' title='bbox 1936 608 2041 639; x_wconf 87' lang='lat' dir='ltr'>sciunt</span> <span class='ocrx_word' id='word_1_494' title='bbox 2076 619 2139 638; x_wconf 90' lang='lat' dir='ltr'>non</span> 
     </span>
     <span class='ocr_line' id='line_1_72' title="bbox 1174 651 2140 690; baseline 0.001 -10"><span class='ocrx_word' id='word_1_495' title='bbox 1174 651 1364 682; x_wconf 76' lang='lat' dir='ltr'>naturaliter</span> <span class='ocrx_word' id='word_1_496' title='bbox 1391 662 1424 682; x_wconf 89' lang='grc'>50</span> <span class='ocrx_word' id='word_1_497' title='bbox 1453 651 1492 682; x_wconf 87' lang='lat' dir='ltr'>ad</span> <span class='ocrx_word' id='word_1_498' title='bbox 1524 651 1712 690; x_wconf 87' lang='lat' dir='ltr'>obsequium</span> <span class='ocrx_word' id='word_1_499' title='bbox 1745 651 1898 682; x_wconf 83' lang='lat' dir='ltr'>formatos</span> <span class='ocrx_word' id='word_1_500' title='bbox 1928 660 2011 682; x_wconf 85' lang='lat' dir='ltr'>esse:</span> <span class='ocrx_word' id='word_1_501' title='bbox 2044 656 2140 690; x_wconf 86' lang='lat' dir='ltr'>atque</span> 
     </span>
     <span class='ocr_line' id='line_1_73' title="bbox 1173 693 2140 733; baseline 0 -9"><span class='ocrx_word' id='word_1_502' title='bbox 1173 694 1217 724; x_wconf 82' lang='lat' dir='ltr'>ita</span> <span class='ocrx_word' id='word_1_503' title='bbox 1252 694 1352 724; x_wconf 85' lang='lat' dir='ltr'>solam</span> <span class='ocrx_word' id='word_1_504' title='bbox 1387 705 1455 725; x_wconf 84' lang='lat' dir='ltr'>esse</span> <span class='ocrx_word' id='word_1_505' title='bbox 1498 694 1557 724; x_wconf 92' lang='lat' dir='ltr'>Dei</span> <span class='ocrx_word' id='word_1_506' title='bbox 1592 693 1848 725; x_wconf 83' lang='lat' dir='ltr'>misericordiam</span> <span class='ocrx_word' id='word_1_507' title='bbox 1884 704 1966 733; x_wconf 84' lang='lat' dir='ltr'>quae</span> <span class='ocrx_word' id='word_1_508' title='bbox 2000 693 2088 733; x_wconf 88' lang='lat' dir='ltr'>ipsos</span> <span class='ocrx_word' id='word_1_509' title='bbox 2122 703 2140 724; x_wconf 87' lang='lat' dir='ltr'>a</span> 
     </span>
     <span class='ocr_line' id='line_1_74' title="bbox 1172 736 1506 776; baseline 0.003 -9"><span class='ocrx_word' id='word_1_510' title='bbox 1172 737 1319 776; x_wconf 88' lang='lat' dir='ltr'>pessimis</span> <span class='ocrx_word' id='word_1_511' title='bbox 1343 736 1506 768; x_wconf 87' lang='lat' dir='ltr'>discernit.</span> 
     </span>
    </p>
   </div>
   <div class='ocr_carea' id='block_1_9' title="bbox 1513 906 1797 937">
    <p class='ocr_par' dir='ltr' id='par_1_10' title="bbox 1513 906 1797 937">
     <span class='ocr_line' id='line_1_75' title="bbox 1513 906 1797 937; baseline 0 0"><span class='ocrx_word' id='word_1_512' title='bbox 1513 907 1575 937; x_wconf 77' lang='lat' dir='ltr'>EX</span> <span class='ocrx_word' id='word_1_513' title='bbox 1600 906 1730 937; x_wconf 81' lang='lat' dir='ltr'>DEUT.</span> <span class='ocrx_word' id='word_1_514' title='bbox 1755 906 1797 937; x_wconf 78' lang='lat' dir='ltr'>X.</span> 
     </span>
    </p>
   </div>
   <div class='ocr_carea' id='block_1_10' title="bbox 1167 991 2142 1195">
    <p class='ocr_par' dir='ltr' id='par_1_11' title="bbox 1167 991 2142 1195">
     <span class='ocr_line' id='line_1_76' title="bbox 1258 991 2141 1031; baseline 0 -8"><span class='ocrx_word' id='word_1_515' title='bbox 1258 992 1308 1023; x_wconf 76' lang='lat'>21.</span> <span class='ocrx_word' id='word_1_516' title='bbox 1343 992 1451 1023; x_wconf 71' lang='lat' dir='ltr'>leheim</span> <span class='ocrx_word' id='word_1_517' title='bbox 1482 995 1524 1023; x_wconf 72' lang='lat' dir='ltr'>est</span> <span class='ocrx_word' id='word_1_518' title='bbox 1554 992 1624 1022; x_wconf 75' lang='lat' dir='ltr'>laus</span> <span class='ocrx_word' id='word_1_519' title='bbox 1654 995 1722 1026; x_wconf 69' lang='lat' dir='ltr'>tzm,</span> <span class='ocrx_word' id='word_1_520' title='bbox 1754 994 1780 1022; x_wconf 72' lang='grc'>01</span> <span class='ocrx_word' id='word_1_521' title='bbox 1810 992 1877 1030; x_wconf 76' lang='lat' dir='ltr'>ipse</span> <span class='ocrx_word' id='word_1_522' title='bbox 1907 995 1950 1022; x_wconf 74' lang='lat' dir='ltr'>est</span> <span class='ocrx_word' id='word_1_523' title='bbox 1973 991 2060 1023; x_wconf 76' lang='lat' dir='ltr'>Deus</span> <span class='ocrx_word' id='word_1_524' title='bbox 2087 992 2141 1031; x_wconf 77' lang='lat' dir='ltr'>qui</span> 
     </span>
     <span class='ocr_line' id='line_1_77' title="bbox 1171 1035 2141 1075; baseline 0.001 -10"><span class='ocrx_word' id='word_1_525' title='bbox 1171 1035 1244 1075; x_wconf 76' lang='lat' dir='ltr'>fecit</span> <span class='ocrx_word' id='word_1_526' title='bbox 1274 1038 1369 1066; x_wconf 70' lang='lat' dir='ltr'>tecum</span> <span class='ocrx_word' id='word_1_527' title='bbox 1396 1045 1510 1074; x_wconf 73' lang='lat' dir='ltr'>nzayna</span> <span class='ocrx_word' id='word_1_528' title='bbox 1545 1037 1572 1065; x_wconf 79' lang='lat' dir='ltr'>et</span> <span class='ocrx_word' id='word_1_529' title='bbox 1605 1035 1760 1065; x_wconf 75' lang='lat' dir='ltr'>terribilia</span> <span class='ocrx_word' id='word_1_530' title='bbox 1795 1035 1857 1065; x_wconf 71' lang='lat' dir='ltr'>ista</span> <span class='ocrx_word' id='word_1_531' title='bbox 1890 1045 1968 1074; x_wconf 76' lang='lat' dir='ltr'>quae</span> <span class='ocrx_word' id='word_1_532' title='bbox 1999 1035 2141 1066; x_wconf 67' lang='lat' dir='ltr'>viderunt</span> 
     </span>
     <span class='ocr_line' id='line_1_78' title="bbox 1173 1077 2142 1117; baseline 0 -9"><span class='ocrx_word' id='word_1_533' title='bbox 1173 1078 1252 1109; x_wconf 63' lang='lat' dir='ltr'>oculi</span> <span class='ocrx_word' id='word_1_534' title='bbox 1270 1079 1324 1108; x_wconf 73' lang='lat' dir='ltr'>lui.</span> <span class='ocrx_word' id='word_1_535' title='bbox 1359 1078 1408 1108; x_wconf 74' lang='lat'>22.</span> <span class='ocrx_word' id='word_1_536' title='bbox 1436 1079 1512 1108; x_wconf 60' lang='lat' dir='ltr'>(sum</span> <span class='ocrx_word' id='word_1_537' title='bbox 1530 1078 1725 1117; x_wconf 62' lang='lat' dir='ltr'>septequtnta</span> <span class='ocrx_word' id='word_1_538' title='bbox 1744 1077 1908 1108; x_wconf 73' lang='lat' dir='ltr'>animabus</span> <span class='ocrx_word' id='word_1_539' title='bbox 1926 1078 2142 1109; x_wconf 76' lang='lat' dir='ltr'>descenderunt</span> 
     </span>
     <span class='ocr_line' id='line_1_79' title="bbox 1167 1120 2141 1161; baseline 0.001 -10"><span class='ocrx_word' id='word_1_540' title='bbox 1167 1123 1276 1160; x_wconf 70' lang='lat' dir='ltr'>patres</span> <span class='ocrx_word' id='word_1_541' title='bbox 1299 1121 1345 1151; x_wconf 71' lang='lat' dir='ltr'>tm</span> <span class='ocrx_word' id='word_1_542' title='bbox 1371 1122 1402 1151; x_wconf 75' lang='lat' dir='ltr'>in</span> <span class='ocrx_word' id='word_1_543' title='bbox 1422 1122 1610 1161; x_wconf 64' lang='lat' dir='ltr'>Aeqyptzcm:</span> <span class='ocrx_word' id='word_1_544' title='bbox 1631 1130 1710 1151; x_wconf 72' lang='lat' dir='ltr'>nunc</span> <span class='ocrx_word' id='word_1_545' title='bbox 1732 1123 1833 1151; x_wconf 75' lang='lat' dir='ltr'>antem</span> <span class='ocrx_word' id='word_1_546' title='bbox 1852 1121 1961 1159; x_wconf 72' lang='lat' dir='ltr'>posuit</span> <span class='ocrx_word' id='word_1_547' title='bbox 1982 1122 2009 1151; x_wconf 79' lang='lat' dir='ltr'>te</span> <span class='ocrx_word' id='word_1_548' title='bbox 2028 1120 2141 1152; x_wconf 82' lang='lat' dir='ltr'>Ielwva</span> 
     </span>
     <span class='ocr_line' id='line_1_80' title="bbox 1174 1163 1993 1195; baseline 0 -1"><span class='ocrx_word' id='word_1_549' title='bbox 1174 1163 1261 1195; x_wconf 68' lang='lat' dir='ltr'>Deus</span> <span class='ocrx_word' id='word_1_550' title='bbox 1283 1166 1354 1194; x_wconf 75' lang='lat' dir='ltr'>tuas</span> <span class='ocrx_word' id='word_1_551' title='bbox 1376 1164 1453 1194; x_wconf 71' lang='lat' dir='ltr'>sieut</span> <span class='ocrx_word' id='word_1_552' title='bbox 1476 1164 1581 1194; x_wconf 76' lang='lat' dir='ltr'>stellas</span> <span class='ocrx_word' id='word_1_553' title='bbox 1604 1163 1676 1194; x_wconf 77' lang='lat' dir='ltr'>coeli</span> <span class='ocrx_word' id='word_1_554' title='bbox 1701 1164 1732 1193; x_wconf 80' lang='lat' dir='ltr'>in</span> <span class='ocrx_word' id='word_1_555' title='bbox 1754 1163 1993 1194; x_wconf 73' lang='lat' dir='ltr'>multitudinem.</span> 
     </span>
    </p>
   </div>
   <div class='ocr_carea' id='block_1_11' title="bbox 1506 1333 1811 1366">
    <p class='ocr_par' dir='ltr' id='par_1_12' title="bbox 1506 1333 1811 1366">
     <span class='ocr_line' id='line_1_81' title="bbox 1506 1333 1811 1366; baseline 0.003 -2"><span class='ocrx_word' id='word_1_556' title='bbox 1506 1334 1568 1364; x_wconf 78' lang='lat' dir='ltr'>EX</span> <span class='ocrx_word' id='word_1_557' title='bbox 1594 1333 1726 1366; x_wconf 79' lang='lat' dir='ltr'>DEUT.</span> <span class='ocrx_word' id='word_1_558' title='bbox 1750 1334 1811 1365; x_wconf 87' lang='lat' dir='ltr'>XI.</span> 
     </span>
    </p>
   </div>
   <div class='ocr_carea' id='block_1_12' title="bbox 1168 1419 2142 2273">
    <p class='ocr_par' dir='ltr' id='par_1_13' title="bbox 1168 1419 2142 2273">
     <span class='ocr_line' id='line_1_82' title="bbox 1263 1419 2141 1459; baseline 0 -9"><span class='ocrx_word' id='word_1_559' title='bbox 1263 1421 1288 1450; x_wconf 93' lang='lat'>1.</span> <span class='ocrx_word' id='word_1_560' title='bbox 1314 1419 1419 1459; x_wconf 56' lang='lat' dir='ltr'>Diliqe</span> <span class='ocrx_word' id='word_1_561' title='bbox 1445 1420 1539 1459; x_wconf 68' lang='lat' dir='ltr'>iyitur</span> <span class='ocrx_word' id='word_1_562' title='bbox 1563 1419 1707 1450; x_wconf 76' lang='lat' dir='ltr'>Ielzovam</span> <span class='ocrx_word' id='word_1_563' title='bbox 1731 1419 1831 1450; x_wconf 80' lang='lat' dir='ltr'>Deum</span> <span class='ocrx_word' id='word_1_564' title='bbox 1854 1422 1949 1456; x_wconf 72' lang='lat' dir='ltr'>tuum,</span> <span class='ocrx_word' id='word_1_565' title='bbox 1976 1422 2003 1450; x_wconf 75' lang='lat' dir='ltr'>et</span> <span class='ocrx_word' id='word_1_566' title='bbox 2023 1419 2141 1451; x_wconf 75' lang='lat' dir='ltr'>custodi</span> 
     </span>
     <span class='ocr_line' id='line_1_83' title="bbox 1175 1463 2142 1501; baseline -0.001 -7"><span class='ocrx_word' id='word_1_567' title='bbox 1175 1464 1345 1495; x_wconf 71' lang='lat' dir='ltr'>custodiam</span> <span class='ocrx_word' id='word_1_568' title='bbox 1373 1463 1455 1499; x_wconf 76' lang='lat' dir='ltr'>eins,</span> <span class='ocrx_word' id='word_1_569' title='bbox 1490 1465 1516 1493; x_wconf 73' lang='lat' dir='ltr'>et</span> <span class='ocrx_word' id='word_1_570' title='bbox 1543 1465 1658 1493; x_wconf 71' lang='lat' dir='ltr'>statuta</span> <span class='ocrx_word' id='word_1_571' title='bbox 1686 1463 1767 1501; x_wconf 77' lang='lat' dir='ltr'>eius,</span> <span class='ocrx_word' id='word_1_572' title='bbox 1802 1466 1829 1493; x_wconf 68' lang='lat' dir='ltr'>et</span> <span class='ocrx_word' id='word_1_573' title='bbox 1859 1463 1977 1494; x_wconf 77' lang='lat' dir='ltr'>iudicia</span> <span class='ocrx_word' id='word_1_574' title='bbox 2004 1463 2085 1498; x_wconf 77' lang='lat' dir='ltr'>eius,</span> <span class='ocrx_word' id='word_1_575' title='bbox 2115 1464 2142 1494; x_wconf 79' lang='lat' dir='ltr'>et</span> 
     </span>
     <span class='ocr_line' id='line_1_84' title="bbox 1170 1505 2141 1546; baseline 0 -9"><span class='ocrx_word' id='word_1_576' title='bbox 1170 1509 1336 1546; x_wconf 69' lang='lat' dir='ltr'>praecepta</span> <span class='ocrx_word' id='word_1_577' title='bbox 1358 1506 1425 1536; x_wconf 69' lang='lat' dir='ltr'>eius</span> <span class='ocrx_word' id='word_1_578' title='bbox 1455 1505 1596 1536; x_wconf 60' lang='lat' dir='ltr'>&lt;mnitibus</span> <span class='ocrx_word' id='word_1_579' title='bbox 1625 1505 1739 1536; x_wconf 67' lang='lat' dir='ltr'>(liebus.</span> <span class='ocrx_word' id='word_1_580' title='bbox 1786 1506 1813 1537; x_wconf 79' lang='lat'>2.</span> <span class='ocrx_word' id='word_1_581' title='bbox 1845 1505 1888 1536; x_wconf 78' lang='lat' dir='ltr'>Et</span> <span class='ocrx_word' id='word_1_582' title='bbox 1913 1506 2015 1536; x_wconf 70' lang='lat' dir='ltr'>scitote</span> <span class='ocrx_word' id='word_1_583' title='bbox 2037 1505 2141 1537; x_wconf 69' lang='lat' dir='ltr'>hodie:</span> 
     </span>
     <span class='ocr_line' id='line_1_85' title="bbox 1175 1548 2139 1588; baseline 0 -9"><span class='ocrx_word' id='word_1_584' title='bbox 1175 1560 1233 1580; x_wconf 76' lang='lat' dir='ltr'>non</span> <span class='ocrx_word' id='word_1_585' title='bbox 1256 1549 1336 1580; x_wconf 77' lang='lat' dir='ltr'>enim</span> <span class='ocrx_word' id='word_1_586' title='bbox 1359 1558 1426 1579; x_wconf 74' lang='lat' dir='ltr'>cum</span> <span class='ocrx_word' id='word_1_587' title='bbox 1447 1548 1525 1587; x_wconf 72' lang='lat' dir='ltr'>filiis</span> <span class='ocrx_word' id='word_1_588' title='bbox 1547 1549 1654 1579; x_wconf 68' lang='lat' dir='ltr'>vestris</span> <span class='ocrx_word' id='word_1_589' title='bbox 1678 1549 1798 1587; x_wconf 72' lang='lat' dir='ltr'>loquor,</span> <span class='ocrx_word' id='word_1_590' title='bbox 1826 1549 1880 1588; x_wconf 77' lang='lat' dir='ltr'>qni</span> <span class='ocrx_word' id='word_1_591' title='bbox 1902 1558 1962 1579; x_wconf 77' lang='lat' dir='ltr'>non</span> <span class='ocrx_word' id='word_1_592' title='bbox 1984 1550 2139 1586; x_wconf 73' lang='lat' dir='ltr'>noverunt,</span> 
     </span>
     <span class='ocr_line' id='line_1_86' title="bbox 1175 1591 2140 1632; baseline -0.001 -9"><span class='ocrx_word' id='word_1_593' title='bbox 1175 1602 1268 1631; x_wconf 73' lang='lat' dir='ltr'>neque</span> <span class='ocrx_word' id='word_1_594' title='bbox 1290 1591 1430 1622; x_wconf 75' lang='lat' dir='ltr'>viderunt</span> <span class='ocrx_word' id='word_1_595' title='bbox 1448 1592 1648 1622; x_wconf 74' lang='lat' dir='ltr'>cruditionem</span> <span class='ocrx_word' id='word_1_596' title='bbox 1668 1591 1798 1622; x_wconf 67' lang='lat' dir='ltr'>Ielcovae</span> <span class='ocrx_word' id='word_1_597' title='bbox 1816 1591 1878 1623; x_wconf 63' lang='lat' dir='ltr'>DeiÎ‡</span> <span class='ocrx_word' id='word_1_598' title='bbox 1895 1591 1996 1625; x_wconf 68' lang='lat' dir='ltr'>vestri.</span> <span class='ocrx_word' id='word_1_599' title='bbox 2019 1592 2140 1632; x_wconf 74' lang='lat' dir='ltr'>mayni-</span> 
     </span>
     <span class='ocr_line' id='line_1_87' title="bbox 1176 1634 2140 1673; baseline -0.001 -7"><span class='ocrx_word' id='word_1_600' title='bbox 1176 1636 1314 1666; x_wconf 71' lang='lat' dir='ltr'>tudinem</span> <span class='ocrx_word' id='word_1_601' title='bbox 1334 1635 1409 1669; x_wconf 70' lang='lat' dir='ltr'>eius,</span> <span class='ocrx_word' id='word_1_602' title='bbox 1434 1645 1559 1665; x_wconf 73' lang='lat' dir='ltr'>manum</span> <span class='ocrx_word' id='word_1_603' title='bbox 1582 1635 1649 1665; x_wconf 74' lang='lat' dir='ltr'>eius</span> <span class='ocrx_word' id='word_1_604' title='bbox 1671 1634 1817 1673; x_wconf 67' lang='lat' dir='ltr'>validam,</span> <span class='ocrx_word' id='word_1_605' title='bbox 1842 1637 1868 1665; x_wconf 64' lang='lat' dir='ltr'>eb</span> <span class='ocrx_word' id='word_1_606' title='bbox 1890 1634 2050 1665; x_wconf 75' lang='lat' dir='ltr'>brachium</span> <span class='ocrx_word' id='word_1_607' title='bbox 2072 1635 2140 1665; x_wconf 80' lang='lat' dir='ltr'>eius</span> 
     </span>
     <span class='ocr_line' id='line_1_88' title="bbox 1174 1677 2140 1717; baseline 0 -9"><span class='ocrx_word' id='word_1_608' title='bbox 1174 1680 1333 1713; x_wconf 58' lang='lat' dir='ltr'>emensum,</span> <span class='ocrx_word' id='word_1_609' title='bbox 1380 1677 1408 1707; x_wconf 84' lang='lat'>3.</span> <span class='ocrx_word' id='word_1_610' title='bbox 1440 1677 1483 1707; x_wconf 67' lang='lat' dir='ltr'>Ec</span> <span class='ocrx_word' id='word_1_611' title='bbox 1504 1678 1596 1717; x_wconf 69' lang='lat' dir='ltr'>siyna</span> <span class='ocrx_word' id='word_1_612' title='bbox 1619 1678 1695 1715; x_wconf 69' lang='lat' dir='ltr'>eius,</span> <span class='ocrx_word' id='word_1_613' title='bbox 1719 1680 1745 1708; x_wconf 74' lang='lat' dir='ltr'>et</span> <span class='ocrx_word' id='word_1_614' title='bbox 1767 1688 1858 1716; x_wconf 76' lang='lat' dir='ltr'>opera</span> <span class='ocrx_word' id='word_1_615' title='bbox 1881 1677 1948 1708; x_wconf 78' lang='lat' dir='ltr'>eins</span> <span class='ocrx_word' id='word_1_616' title='bbox 1970 1687 2048 1716; x_wconf 76' lang='lat' dir='ltr'>quae</span> <span class='ocrx_word' id='word_1_617' title='bbox 2068 1677 2140 1717; x_wconf 72' lang='lat' dir='ltr'>fecit</span> 
     </span>
     <span class='ocr_line' id='line_1_89' title="bbox 1175 1719 2141 1760; baseline -0.001 -9"><span class='ocrx_word' id='word_1_618' title='bbox 1175 1721 1208 1751; x_wconf 69' lang='lat' dir='ltr'>tn</span> <span class='ocrx_word' id='word_1_619' title='bbox 1238 1720 1336 1751; x_wconf 75' lang='lat' dir='ltr'>medio</span> <span class='ocrx_word' id='word_1_620' title='bbox 1361 1720 1508 1759; x_wconf 59' lang='lat' dir='ltr'>Aegypti,</span> <span class='ocrx_word' id='word_1_621' title='bbox 1544 1721 1607 1759; x_wconf 67' lang='lat' dir='ltr'>ripsi</span> <span class='ocrx_word' id='word_1_622' title='bbox 1638 1719 1802 1752; x_wconf 75' lang='lat' dir='ltr'>Pharaoni</span> <span class='ocrx_word' id='word_1_623' title='bbox 1835 1721 1899 1760; x_wconf 59' lang='lat' dir='ltr'>repsi</span> <span class='ocrx_word' id='word_1_624' title='bbox 1930 1720 2079 1760; x_wconf 70' lang='lat' dir='ltr'>Aeqypti,</span> <span class='ocrx_word' id='word_1_625' title='bbox 2114 1721 2141 1751; x_wconf 80' lang='lat' dir='ltr'>et</span> 
     </span>
     <span class='ocr_line' id='line_1_90' title="bbox 1173 1762 2140 1802; baseline 0.001 -9"><span class='ocrx_word' id='word_1_626' title='bbox 1173 1763 1336 1794; x_wconf 69' lang='lat' dir='ltr'>uniuersae</span> <span class='ocrx_word' id='word_1_627' title='bbox 1368 1766 1465 1793; x_wconf 69' lang='lat' dir='ltr'>terrae</span> <span class='ocrx_word' id='word_1_628' title='bbox 1497 1763 1573 1799; x_wconf 69' lang='lat' dir='ltr'>eins,</span> <span class='ocrx_word' id='word_1_629' title='bbox 1629 1763 1657 1793; x_wconf 83' lang='lat'>4.</span> <span class='ocrx_word' id='word_1_630' title='bbox 1693 1762 1735 1793; x_wconf 84' lang='lat' dir='ltr'>Et</span> <span class='ocrx_word' id='word_1_631' title='bbox 1767 1774 1846 1802; x_wconf 75' lang='lat' dir='ltr'>qnae</span> <span class='ocrx_word' id='word_1_632' title='bbox 1881 1763 1953 1802; x_wconf 74' lang='lat' dir='ltr'>fecit</span> <span class='ocrx_word' id='word_1_633' title='bbox 1991 1763 2140 1794; x_wconf 68' lang='lat' dir='ltr'>exercitui</span> 
     </span>
     <span class='ocr_line' id='line_1_91' title="bbox 1174 1805 2140 1845; baseline 0 -9"><span class='ocrx_word' id='word_1_634' title='bbox 1174 1807 1404 1845; x_wconf 64' lang='lat' dir='ltr'>Atyjsptiorum,</span> <span class='ocrx_word' id='word_1_635' title='bbox 1423 1806 1508 1844; x_wconf 67' lang='lat' dir='ltr'>equis</span> <span class='ocrx_word' id='word_1_636' title='bbox 1526 1806 1592 1837; x_wconf 71' lang='lat' dir='ltr'>eins</span> <span class='ocrx_word' id='word_1_637' title='bbox 1610 1809 1638 1836; x_wconf 74' lang='lat' dir='ltr'>et</span> <span class='ocrx_word' id='word_1_638' title='bbox 1654 1806 1796 1837; x_wconf 64' lang='lat' dir='ltr'>curribus</span> <span class='ocrx_word' id='word_1_639' title='bbox 1815 1807 1898 1837; x_wconf 72' lang='lat' dir='ltr'>eius.-</span> <span class='ocrx_word' id='word_1_640' title='bbox 1915 1806 1969 1845; x_wconf 76' lang='lat' dir='ltr'>qui</span> <span class='ocrx_word' id='word_1_641' title='bbox 1988 1805 2140 1837; x_wconf 75' lang='lat' dir='ltr'>inundare</span> 
     </span>
     <span class='ocr_line' id='line_1_92' title="bbox 1172 1848 2140 1888; baseline -0.001 -8"><span class='ocrx_word' id='word_1_642' title='bbox 1172 1849 1243 1888; x_wconf 71' lang='lat' dir='ltr'>fecit</span> <span class='ocrx_word' id='word_1_643' title='bbox 1266 1859 1366 1887; x_wconf 72' lang='lat' dir='ltr'>aquas</span> <span class='ocrx_word' id='word_1_644' title='bbox 1388 1849 1488 1879; x_wconf 76' lang='lat' dir='ltr'>maris</span> <span class='ocrx_word' id='word_1_645' title='bbox 1510 1849 1598 1879; x_wconf 71' lang='lat' dir='ltr'>rahrz&#39;</span> <span class='ocrx_word' id='word_1_646' title='bbox 1621 1859 1713 1888; x_wconf 75' lang='lat' dir='ltr'>super</span> <span class='ocrx_word' id='word_1_647' title='bbox 1733 1849 1831 1888; x_wconf 66' lang='lat' dir='ltr'>socies</span> <span class='ocrx_word' id='word_1_648' title='bbox 1854 1858 1966 1885; x_wconf 76' lang='lat' dir='ltr'>eorum,</span> <span class='ocrx_word' id='word_1_649' title='bbox 1990 1848 2065 1879; x_wconf 80' lang='lat' dir='ltr'>dum</span> <span class='ocrx_word' id='word_1_650' title='bbox 2085 1858 2140 1879; x_wconf 77' lang='lat' dir='ltr'>vos</span> 
     </span>
     <span class='ocr_line' id='line_1_93' title="bbox 1168 1891 2139 1931; baseline 0 -10"><span class='ocrx_word' id='word_1_651' title='bbox 1168 1894 1437 1931; x_wconf 67' lang='lat' dir='ltr'>persequerentur:</span> <span class='ocrx_word' id='word_1_652' title='bbox 1467 1894 1492 1922; x_wconf 74' lang='lat' dir='ltr'>et</span> <span class='ocrx_word' id='word_1_653' title='bbox 1515 1892 1655 1930; x_wconf 75' lang='lat' dir='ltr'>perdidit</span> <span class='ocrx_word' id='word_1_654' title='bbox 1678 1902 1727 1922; x_wconf 77' lang='lat' dir='ltr'>eos</span> <span class='ocrx_word' id='word_1_655' title='bbox 1751 1892 1865 1922; x_wconf 64' lang='lat' dir='ltr'>Ivhova</span> <span class='ocrx_word' id='word_1_656' title='bbox 1887 1902 1983 1930; x_wconf 75' lang='lat' dir='ltr'>usqne</span> <span class='ocrx_word' id='word_1_657' title='bbox 2005 1892 2038 1922; x_wconf 76' lang='lat' dir='ltr'>in</span> <span class='ocrx_word' id='word_1_658' title='bbox 2061 1891 2139 1922; x_wconf 73' lang='lat' dir='ltr'>hanc</span> 
     </span>
     <span class='ocr_line' id='line_1_94' title="bbox 1173 1934 2139 1973; baseline 0 -8"><span class='ocrx_word' id='word_1_659' title='bbox 1173 1934 1262 1965; x_wconf 70' lang='lat' dir='ltr'>(lima.</span> <span class='ocrx_word' id='word_1_660' title='bbox 1309 1935 1337 1965; x_wconf 74' lang='lat'>5.</span> <span class='ocrx_word' id='word_1_661' title='bbox 1365 1934 1448 1973; x_wconf 69' lang='lat' dir='ltr'>Quae</span> <span class='ocrx_word' id='word_1_662' title='bbox 1466 1937 1629 1973; x_wconf 72' lang='lat' dir='ltr'>praeterea</span> <span class='ocrx_word' id='word_1_663' title='bbox 1656 1935 1727 1973; x_wconf 74' lang='lat' dir='ltr'>fecit</span> <span class='ocrx_word' id='word_1_664' title='bbox 1749 1935 1832 1965; x_wconf 74' lang='lat' dir='ltr'>vobis</span> <span class='ocrx_word' id='word_1_665' title='bbox 1855 1935 1889 1965; x_wconf 72' lang='lat' dir='ltr'>in</span> <span class='ocrx_word' id='word_1_666' title='bbox 1911 1934 2026 1965; x_wconf 71' lang='lat' dir='ltr'>deserto</span> <span class='ocrx_word' id='word_1_667' title='bbox 2048 1935 2139 1966; x_wconf 83' lang='lat' dir='ltr'>donec</span> 
     </span>
     <span class='ocr_line' id='line_1_95' title="bbox 1173 1977 2140 2016; baseline 0 -9"><span class='ocrx_word' id='word_1_668' title='bbox 1173 1978 1315 2007; x_wconf 63' lang='lat' dir='ltr'>veniretis</span> <span class='ocrx_word' id='word_1_669' title='bbox 1345 1987 1438 2016; x_wconf 72' lang='lat' dir='ltr'>nsque</span> <span class='ocrx_word' id='word_1_670' title='bbox 1469 1977 1510 2007; x_wconf 77' lang='lat' dir='ltr'>ad</span> <span class='ocrx_word' id='word_1_671' title='bbox 1540 1977 1635 2008; x_wconf 72' lang='lat' dir='ltr'>laeum</span> <span class='ocrx_word' id='word_1_672' title='bbox 1666 1978 1767 2008; x_wconf 66' lang='lat' dir='ltr'>istum.</span> <span class='ocrx_word' id='word_1_673' title='bbox 1821 1978 1849 2008; x_wconf 80' lang='grc'>6.</span> <span class='ocrx_word' id='word_1_674' title='bbox 1885 1977 1926 2007; x_wconf 81' lang='lat' dir='ltr'>Et</span> <span class='ocrx_word' id='word_1_675' title='bbox 1958 1987 2036 2015; x_wconf 80' lang='lat' dir='ltr'>quae</span> <span class='ocrx_word' id='word_1_676' title='bbox 2066 1977 2140 2016; x_wconf 75' lang='lat' dir='ltr'>fecit</span> 
     </span>
     <span class='ocr_line' id='line_1_96' title="bbox 1172 2019 2138 2058; baseline -0.001 -7"><span class='ocrx_word' id='word_1_677' title='bbox 1172 2019 1312 2051; x_wconf 68' lang='lat' dir='ltr'>Damam</span> <span class='ocrx_word' id='word_1_678' title='bbox 1342 2022 1367 2049; x_wconf 75' lang='lat' dir='ltr'>et</span> <span class='ocrx_word' id='word_1_679' title='bbox 1391 2020 1523 2050; x_wconf 69' lang='lat' dir='ltr'>Altiram</span> <span class='ocrx_word' id='word_1_680' title='bbox 1551 2020 1629 2058; x_wconf 61' lang='lat' dir='ltr'>filas</span> <span class='ocrx_word' id='word_1_681' title='bbox 1652 2019 1747 2050; x_wconf 74' lang='lat' dir='ltr'>Eliab</span> <span class='ocrx_word' id='word_1_682' title='bbox 1778 2020 1840 2058; x_wconf 63' lang='lat' dir='ltr'>filie&lt;</span> <span class='ocrx_word' id='word_1_683' title='bbox 1864 2019 1986 2057; x_wconf 78' lang='lat' dir='ltr'>Ruben,</span> <span class='ocrx_word' id='word_1_684' title='bbox 2016 2019 2138 2058; x_wconf 77' lang='lat' dir='ltr'>qnando</span> 
     </span>
     <span class='ocr_line' id='line_1_97' title="bbox 1173 2063 2138 2103; baseline -0.001 -10"><span class='ocrx_word' id='word_1_685' title='bbox 1173 2063 1296 2101; x_wconf 69' lang='lat' dir='ltr'>aperuit</span> <span class='ocrx_word' id='word_1_686' title='bbox 1324 2065 1408 2093; x_wconf 73' lang='lat' dir='ltr'>terra</span> <span class='ocrx_word' id='word_1_687' title='bbox 1438 2073 1472 2093; x_wconf 80' lang='lat' dir='ltr'>os</span> <span class='ocrx_word' id='word_1_688' title='bbox 1500 2073 1608 2099; x_wconf 75' lang='lat' dir='ltr'>sunnz,</span> <span class='ocrx_word' id='word_1_689' title='bbox 1640 2065 1665 2093; x_wconf 74' lang='lat' dir='ltr'>et</span> <span class='ocrx_word' id='word_1_690' title='bbox 1695 2063 1854 2103; x_wconf 64' lang='lat' dir='ltr'>deylntivit</span> <span class='ocrx_word' id='word_1_691' title='bbox 1881 2072 1947 2100; x_wconf 80' lang='lat' dir='ltr'>eos,</span> <span class='ocrx_word' id='word_1_692' title='bbox 1977 2063 2138 2101; x_wconf 77' lang='lat' dir='ltr'>domosque</span> 
     </span>
     <span class='ocr_line' id='line_1_98' title="bbox 1173 2105 2137 2143; baseline 0 -8"><span class='ocrx_word' id='word_1_693' title='bbox 1173 2115 1277 2136; x_wconf 72' lang='lat' dir='ltr'>eorum</span> <span class='ocrx_word' id='word_1_694' title='bbox 1300 2115 1335 2136; x_wconf 77' lang='lat' dir='ltr'>ac</span> <span class='ocrx_word' id='word_1_695' title='bbox 1363 2105 1562 2136; x_wconf 73' lang='lat' dir='ltr'>tabernacula</span> <span class='ocrx_word' id='word_1_696' title='bbox 1591 2116 1711 2142; x_wconf 80' lang='lat' dir='ltr'>eorum,</span> <span class='ocrx_word' id='word_1_697' title='bbox 1743 2109 1833 2143; x_wconf 73' lang='lat' dir='ltr'>atque</span> <span class='ocrx_word' id='word_1_698' title='bbox 1861 2105 2039 2135; x_wconf 76' lang='lat' dir='ltr'>universam</span> <span class='ocrx_word' id='word_1_699' title='bbox 2065 2105 2137 2135; x_wconf 82' lang='lat' dir='ltr'>sub-</span> 
     </span>
     <span class='ocr_line' id='line_1_99' title="bbox 1173 2147 2137 2187; baseline -0.001 -9"><span class='ocrx_word' id='word_1_700' title='bbox 1173 2149 1320 2179; x_wconf 71' lang='lat' dir='ltr'>stantiam</span> <span class='ocrx_word' id='word_1_701' title='bbox 1341 2158 1418 2187; x_wconf 70' lang='lat' dir='ltr'>quae</span> <span class='ocrx_word' id='word_1_702' title='bbox 1441 2151 1506 2178; x_wconf 64' lang='lat' dir='ltr'>erat</span> <span class='ocrx_word' id='word_1_703' title='bbox 1529 2149 1560 2178; x_wconf 76' lang='lat' dir='ltr'>in</span> <span class='ocrx_word' id='word_1_704' title='bbox 1579 2148 1714 2186; x_wconf 69' lang='lat' dir='ltr'>pedibus</span> <span class='ocrx_word' id='word_1_705' title='bbox 1735 2157 1850 2184; x_wconf 71' lang='lat' dir='ltr'>eornm,</span> <span class='ocrx_word' id='word_1_706' title='bbox 1875 2148 1906 2178; x_wconf 78' lang='lat' dir='ltr'>in</span> <span class='ocrx_word' id='word_1_707' title='bbox 1928 2147 2025 2178; x_wconf 78' lang='lat' dir='ltr'>medio</span> <span class='ocrx_word' id='word_1_708' title='bbox 2046 2147 2137 2178; x_wconf 75' lang='lat' dir='ltr'>totius</span> 
     </span>
     <span class='ocr_line' id='line_1_100' title="bbox 1175 2190 2138 2230; baseline 0 -9"><span class='ocrx_word' id='word_1_709' title='bbox 1175 2190 1314 2221; x_wconf 74' lang='lat' dir='ltr'>Israelis.</span> <span class='ocrx_word' id='word_1_710' title='bbox 1376 2191 1402 2221; x_wconf 82' lang='lat'>7.</span> <span class='ocrx_word' id='word_1_711' title='bbox 1450 2191 1704 2230; x_wconf 70' lang='lat' dir='ltr'>szncloquidem</span> <span class='ocrx_word' id='word_1_712' title='bbox 1744 2191 1822 2221; x_wconf 66' lang='lat' dir='ltr'>oculi</span> <span class='ocrx_word' id='word_1_713' title='bbox 1861 2190 1954 2220; x_wconf 73' lang='lat' dir='ltr'>vestri</span> <span class='ocrx_word' id='word_1_714' title='bbox 1994 2190 2138 2221; x_wconf 67' lang='lat' dir='ltr'>viderunt</span> 
     </span>
     <span class='ocr_line' id='line_1_101' title="bbox 1173 2233 1877 2273; baseline -0.001 -9"><span class='ocrx_word' id='word_1_715' title='bbox 1173 2234 1276 2264; x_wconf 82' lang='lat' dir='ltr'>omnia</span> <span class='ocrx_word' id='word_1_716' title='bbox 1300 2244 1392 2272; x_wconf 79' lang='lat' dir='ltr'>opera</span> <span class='ocrx_word' id='word_1_717' title='bbox 1416 2233 1544 2264; x_wconf 71' lang='lat' dir='ltr'>Ielzovae</span> <span class='ocrx_word' id='word_1_718' title='bbox 1566 2243 1679 2273; x_wconf 72' lang='lat' dir='ltr'>nzaqna</span> <span class='ocrx_word' id='word_1_719' title='bbox 1700 2243 1778 2272; x_wconf 77' lang='lat' dir='ltr'>quae</span> <span class='ocrx_word' id='word_1_720' title='bbox 1798 2233 1877 2272; x_wconf 74' lang='lat' dir='ltr'>fecit.</span> 
     </span>
    </p>
   </div>
   <div class='ocr_carea' id='block_1_13' title="bbox 1175 2317 2162 2446">
    <p class='ocr_par' dir='ltr' id='par_1_14' title="bbox 1175 2317 2162 2446">
     <span class='ocr_line' id='line_1_102' title="bbox 1262 2317 2139 2356; baseline 0.001 -8"><span class='ocrx_word' id='word_1_721' title='bbox 1262 2319 1358 2349; x_wconf 85' lang='lat' dir='ltr'>Dent.</span> <span class='ocrx_word' id='word_1_722' title='bbox 1381 2319 1429 2355; x_wconf 81' lang='lat'>10,</span> <span class='ocrx_word' id='word_1_723' title='bbox 1453 2319 1502 2349; x_wconf 75' lang='lat'>21.</span> <span class='ocrx_word' id='word_1_724' title='bbox 1540 2318 1654 2349; x_wconf 71' lang='lat' dir='ltr'>Ielzova</span> <span class='ocrx_word' id='word_1_725' title='bbox 1672 2321 1716 2348; x_wconf 67' lang='lat' dir='ltr'>est</span> <span class='ocrx_word' id='word_1_726' title='bbox 1734 2318 1804 2348; x_wconf 77' lang='lat' dir='ltr'>laus</span> <span class='ocrx_word' id='word_1_727' title='bbox 1824 2320 1885 2349; x_wconf 76' lang='lat' dir='ltr'>lua.</span> <span class='ocrx_word' id='word_1_728' title='bbox 1920 2317 1993 2356; x_wconf 81' lang='lat' dir='ltr'>Quo</span> <span class='ocrx_word' id='word_1_729' title='bbox 2012 2318 2139 2350; x_wconf 84' lang='lat' dir='ltr'>facilius</span> 
     </span>
     <span class='ocr_line' id='line_1_103' title="bbox 1175 2360 2138 2401; baseline 0.001 -10"><span class='ocrx_word' id='word_1_730' title='bbox 1175 2361 1367 2401; x_wconf 82' lang='lat' dir='ltr'>persuadeat</span> <span class='ocrx_word' id='word_1_731' title='bbox 1391 2362 1457 2391; x_wconf 83' lang='lat' dir='ltr'>suis</span> <span class='ocrx_word' id='word_1_732' title='bbox 1482 2361 1691 2401; x_wconf 80' lang='lat' dir='ltr'>popularibus</span> <span class='ocrx_word' id='word_1_733' title='bbox 1708 2361 1812 2391; x_wconf 66' lang='lat' dir='ltr'>Moses</span> <span class='ocrx_word' id='word_1_734' title='bbox 1833 2360 1912 2391; x_wconf 86' lang='grc'><strong>1111111</strong></span> <span class='ocrx_word' id='word_1_735' title='bbox 1934 2371 2003 2391; x_wconf 83' lang='lat' dir='ltr'>esse</span> <span class='ocrx_word' id='word_1_736' title='bbox 2022 2361 2138 2392; x_wconf 87' lang='lat' dir='ltr'>melius</span> 
     </span>
     <span class='ocr_line' id='line_1_104' title="bbox 1175 2402 2162 2446; baseline 0 -12"><span class='ocrx_word' id='word_1_737' title='bbox 1175 2409 1232 2434; x_wconf 84' lang='lat' dir='ltr'>aut</span> <span class='ocrx_word' id='word_1_738' title='bbox 1255 2405 1356 2443; x_wconf 74' lang='lat' dir='ltr'>magis</span> <span class='ocrx_word' id='word_1_739' title='bbox 1388 2404 1529 2443; x_wconf 90' lang='lat' dir='ltr'>optabile</span> <span class='ocrx_word' id='word_1_740' title='bbox 1559 2414 1654 2443; x_wconf 87' lang='lat' dir='ltr'>quam</span> <span class='ocrx_word' id='word_1_741' title='bbox 1678 2414 1712 2434; x_wconf 81' lang='lat' dir='ltr'>se</span> <span class='ocrx_word' id='word_1_742' title='bbox 1734 2402 1882 2434; x_wconf 90' lang='lat' dir='ltr'>addicere</span> <span class='ocrx_word' id='word_1_743' title='bbox 1906 2404 2041 2443; x_wconf 87' lang='lat' dir='ltr'>imperio</span> <span class='ocrx_word' id='word_1_744' title='bbox 2065 2404 2137 2441; x_wconf 87' lang='lat' dir='ltr'>Dei,</span> <span class='ocrx_word' id='word_1_745' title='bbox 2159 2442 2162 2446; x_wconf 26' lang='lat'><strong><em>Â³</em></strong></span> 
     </span>
    </p>
   </div>
   <div class='ocr_carea' id='block_1_14' title="bbox 1148 2446 2137 2487">
    <p class='ocr_par' dir='ltr' id='par_1_15' title="bbox 1148 2446 2137 2487">
     <span class='ocr_line' id='line_1_105' title="bbox 1148 2446 2137 2487; baseline 0.002 -11"><span class='ocrx_word' id='word_1_746' title='bbox 1148 2451 1149 2476; x_wconf 55' lang='grc'>1</span> <span class='ocrx_word' id='word_1_747' title='bbox 1175 2446 1326 2476; x_wconf 82' lang='lat' dir='ltr'>admouet</span> <span class='ocrx_word' id='word_1_748' title='bbox 1349 2447 1428 2477; x_wconf 86' lang='lat' dir='ltr'>nihil</span> <span class='ocrx_word' id='word_1_749' title='bbox 1454 2452 1546 2476; x_wconf 75' lang='lat' dir='ltr'>extra</span> <span class='ocrx_word' id='word_1_750' title='bbox 1566 2457 1639 2476; x_wconf 87' lang='grc'><strong>01101</strong></span> <span class='ocrx_word' id='word_1_751' title='bbox 1660 2456 1728 2476; x_wconf 77' lang='lat' dir='ltr'>esse</span> <span class='ocrx_word' id='word_1_752' title='bbox 1748 2447 1781 2476; x_wconf 89' lang='lat' dir='ltr'>in</span> <span class='ocrx_word' id='word_1_753' title='bbox 1803 2457 1864 2485; x_wconf 90' lang='lat' dir='ltr'>quo</span> <span class='ocrx_word' id='word_1_754' title='bbox 1883 2447 2077 2487; x_wconf 84' lang='lat' dir='ltr'>glorientur:</span> <span class='ocrx_word' id='word_1_755' title='bbox 2101 2457 2137 2478; x_wconf 86' lang='lat' dir='ltr'>ac</span> 
     </span>
    </p>
   </div>
   <div class='ocr_carea' id='block_1_15' title="bbox 1174 2488 2137 2614">
    <p class='ocr_par' dir='ltr' id='par_1_16' title="bbox 1174 2488 2137 2614">
     <span class='ocr_line' id='line_1_106' title="bbox 1174 2488 2137 2528; baseline 0.001 -9"><span class='ocrx_word' id='word_1_756' title='bbox 1174 2490 1199 2519; x_wconf 83' lang='grc'>51</span> <span class='ocrx_word' id='word_1_757' title='bbox 1224 2489 1357 2525; x_wconf 81' lang='lat' dir='ltr'>diceret,</span> <span class='ocrx_word' id='word_1_758' title='bbox 1389 2489 1497 2520; x_wconf 80' lang='lat' dir='ltr'>felices</span> <span class='ocrx_word' id='word_1_759' title='bbox 1528 2488 1586 2520; x_wconf 89' lang='grc'><strong>1100</strong></span> <span class='ocrx_word' id='word_1_760' title='bbox 1609 2499 1672 2518; x_wconf 90' lang='lat' dir='ltr'>uno</span> <span class='ocrx_word' id='word_1_761' title='bbox 1701 2500 1770 2519; x_wconf 75' lang='grc'><strong>0550</strong></span> <span class='ocrx_word' id='word_1_762' title='bbox 1800 2489 1883 2528; x_wconf 84' lang='lat' dir='ltr'>quod</span> <span class='ocrx_word' id='word_1_763' title='bbox 1907 2500 1960 2520; x_wconf 86' lang='lat' dir='ltr'>eos</span> <span class='ocrx_word' id='word_1_764' title='bbox 1992 2490 2080 2521; x_wconf 88' lang='lat' dir='ltr'>Deus</span> <span class='ocrx_word' id='word_1_765' title='bbox 2102 2490 2137 2520; x_wconf 90' lang='lat' dir='ltr'>in</span> 
     </span>
     <span class='ocr_line' id='line_1_107' title="bbox 1176 2531 2137 2571; baseline 0.001 -9"><span class='ocrx_word' id='word_1_766' title='bbox 1176 2531 1269 2562; x_wconf 81' lang='lat' dir='ltr'>tidem</span> <span class='ocrx_word' id='word_1_767' title='bbox 1294 2543 1384 2562; x_wconf 83' lang='lat' dir='ltr'>suam</span> <span class='ocrx_word' id='word_1_768' title='bbox 1410 2532 1574 2571; x_wconf 74' lang='lat' dir='ltr'>receperit,</span> <span class='ocrx_word' id='word_1_769' title='bbox 1599 2531 1658 2561; x_wconf 83' lang='lat' dir='ltr'>liae</span> <span class='ocrx_word' id='word_1_770' title='bbox 1682 2539 1788 2562; x_wconf 79' lang='lat' dir='ltr'>autem</span> <span class='ocrx_word' id='word_1_771' title='bbox 1809 2532 1915 2571; x_wconf 75' lang='lat' dir='ltr'>gloria</span> <span class='ocrx_word' id='word_1_772' title='bbox 1938 2532 2053 2569; x_wconf 82' lang='lat' dir='ltr'>ablata,</span> <span class='ocrx_word' id='word_1_773' title='bbox 2078 2533 2137 2563; x_wconf 89' lang='lat' dir='ltr'>mi-</span> 
     </span>
     <span class='ocr_line' id='line_1_108' title="bbox 1638 2575 2136 2614; baseline 0.002 -9"><span class='ocrx_word' id='word_1_774' title='bbox 1638 2575 1727 2605; x_wconf 87' lang='lat' dir='ltr'>Laus</span> <span class='ocrx_word' id='word_1_775' title='bbox 1755 2575 1839 2605; x_wconf 82' lang='lat' dir='ltr'>onim</span> <span class='ocrx_word' id='word_1_776' title='bbox 1871 2575 1979 2614; x_wconf 92' lang='lat' dir='ltr'>populi</span> <span class='ocrx_word' id='word_1_777' title='bbox 2009 2575 2059 2606; x_wconf 90' lang='lat' dir='ltr'>sui</span> <span class='ocrx_word' id='word_1_778' title='bbox 2083 2586 2136 2606; x_wconf 85' lang='lat' dir='ltr'>vo-</span> 
     </span>
    </p>
   </div>
  </div>
 </body>
</html>
