2304 3034
56 220 113 251 561

58 317 91 344 et
117 310 348 351 profanatione.
393 308 498 347 Atque
527 306 572 336 ita
598 303 774 345 particulae
808 295 890 335 3⁴<in
921 312 1016 341 oppo-

58 355 148 386 nitur
166 353 306 384 nominis
318 351 377 383 Dei
397 348 557 385 sanctitas,
577 357 658 387 quae
681 357 738 377 nos
762 346 794 376 in
808 346 876 376 eius
890 345 1015 381 timore,

59 402 91 429 et
110 407 186 428 vera
203 396 324 436 pietare
342 395 494 425 continet.
539 389 625 428 Quia
648 399 724 421 vero
748 388 829 419 nihil
854 386 1017 418 difficilius

59 444 109 471 est
126 449 221 478 quam
241 438 402 468 hominum
426 432 585 465 licentiam
608 432 755 462 fraenare
778 431 810 460 in
835 430 894 460 hac
918 434 1018 468 parte,

60 486 93 513 et
123 481 162 512 ad
192 481 314 512 crimen
339 475 567 510 excusandum,
600 474 651 505 vel
675 473 790 504 saltem
814 471 1017 507 elevandum,

60 524 191 564 linguae
223 520 403 553 obtenditur
431 517 608 555 lubricitas,
644 516 773 546 additur
815 525 934 554 poenae
963 513 1017 544 de-

61 566 240 598 nunciatio:
271 563 297 595 si
320 562 380 593 Dei
410 570 526 591 nomen
561 566 681 590 temere
715 559 899 598 expositum
922 556 1019 587 fuerit

62 609 178 649 probro
206 607 255 638 vel
289 602 498 642 contemptui,
527 601 632 641 ipsum
663 601 732 632 fore
755 601 902 631 ultorem.
946 598 1018 637 Quo

61 651 162 692 igitur
191 648 291 688 magis
319 648 350 677 in
374 656 432 676 sua
453 644 584 676 licentia
602 643 827 679 obduruerint,
851 652 888 672 eo
912 642 1019 672 minus

62 694 191 733 impune
218 689 312 722 laturi
338 693 427 720 sunt:
459 691 587 718 tantum
616 686 721 724 abest,
751 691 788 716 ut
810 684 937 725 culpam
960 683 1019 714 mi-

62 740 143 767 nuat
164 743 262 774 prava
283 729 486 764 consuetudo.

128 945 401 985 EXPOSITIO
434 944 612 981 TERTII
643 943 957 980 PRAECEPTI.

364 1027 427 1058 EX
451 1027 600 1058 LEVIT.
624 1025 718 1058 XIX.

148 1115 195 1147 12.
227 1113 297 1145 Non
318 1112 467 1144 iurabitis
488 1122 548 1151 per
577 1121 685 1142 nomen
708 1120 807 1142 meum
829 1110 1023 1147 mendaciter,

64 1168 115 1191 nec
130 1155 315 1198 profanabis
336 1165 442 1186 nomen
463 1154 525 1186 Dei
546 1155 608 1185 tui:
629 1163 681 1195 eqo
705 1153 827 1185 Ielzova.

346 1324 411 1356 EX
432 1323 583 1356 EXODI
605 1323 739 1355 XXIII.

150 1412 197 1443 13.
228 1411 347 1442 Nomen
376 1410 501 1441 deorum
529 1409 700 1440 alienorum
722 1418 782 1439 non
807 1406 1024 1444 memorabitis,

65 1466 126 1487 non
147 1454 290 1487 audietur
310 1454 342 1483 in
363 1463 412 1484 ore
434 1455 492 1483 tuo.

394 1622 459 1654 EX
482 1622 614 1654 DEUT.
639 1621 698 1652 VI.

152 1711 199 1742 13.
225 1709 287 1741 Per
309 1718 417 1739 nomen
438 1707 506 1739 eius
528 1706 659 1738 iurabis.

412 1877 470 1908 EX
493 1876 627 1908 DEU'P.
651 1876 687 1907 X.

152 1964 202 1996 20.
225 1963 265 1994 In
289 1964 407 1994 nomine
430 1963 496 1993 cius
518 1962 647 1993 iurabis.

153 2048 260 2080 Levit.
286 2048 334 2084 19,
359 2048 407 2079 12.
444 2047 514 2078 Non
544 2047 692 2078 durabitis
708 2058 768 2087 per
794 2057 908 2079 nomen.
955 2047 1027 2078 Etsi

70 2091 175 2123 Moses
188 2091 314 2122 disserit
336 2090 375 2121 de
397 2089 511 2121 officiis
534 2090 695 2121 secundae
719 2090 856 2128 tabulae,
881 2100 916 2121 ac
941 2094 1027 2129 post-

69 2143 166 2174 quam
202 2138 346 2165 vetuerat
380 2132 602 2163 fraudulenter
632 2143 728 2172 agere
758 2143 830 2163 cum
860 2133 1027 2173 proximis,

72 2176 264 2207 sententiam
277 2176 359 2206 hane
377 2175 525 2215 adiungit
543 2175 797 2206 confirmationis
816 2175 899 2207 loco:
920 2180 1027 2206 tamen

71 2228 113 2249 ex
132 2218 269 2250 secundo
298 2218 442 2249 membro
472 2228 585 2249 versus
608 2218 759 2258 colligere
782 2218 872 2255 licet,
901 2219 1028 2258 proprie

72 2270 146 2291 eum
175 2266 331 2300 spectasse
359 2261 399 2291 ad
430 2260 490 2291 Dei
515 2260 666 2299 gloriam,
704 2271 802 2300 quum
826 2261 918 2292 dicit:
952 2260 1027 2291 Non

73 2302 195 2343 pollues
214 2313 329 2334 nomen
341 2302 404 2334 Dei
423 2304 479 2334 tui.
508 2303 602 2334 Facit
621 2303 707 2333 enim
731 2303 846 2334 insana
868 2303 949 2334 lucri
973 2314 1027 2334 cu-

72 2344 201 2384 piditas,
233 2349 268 2376 ut
295 2356 410 2377 avarus
439 2351 471 2376 et
498 2356 599 2385 rapax
629 2355 695 2376 non
720 2349 848 2377 tantum
879 2346 1027 2377 homines

72 2386 215 2423 fraudet,
254 2387 308 2418 sed
340 2389 590 2419 contumeliosus
625 2389 667 2418 sit
700 2388 734 2418 in
768 2388 874 2428 ipsum
911 2389 1026 2420 Deum.

72 2429 160 2469 Ergo
172 2429 286 2466 Moses,
310 2432 455 2469 quamvis
478 2441 517 2462 ex
541 2431 683 2470 professo
706 2430 838 2462 damnet
861 2431 1028 2462 mendacia

72 2476 105 2502 et
116 2471 244 2502 fraudes
262 2472 375 2511 quibus
393 2474 530 2513 proximi
550 2472 732 2509 laeduntur,
752 2483 809 2513 per
827 2474 1026 2505 occasionem

72 2513 167 2545 simul
190 2514 315 2551 inserit,
337 2516 513 2546 cavendum
535 2526 604 2547 esse
627 2526 668 2546 ne
691 2516 745 2547 ubi
768 2526 825 2547 nos
848 2516 887 2547 ad
911 2527 1027 2547 nocen-

73 2556 149 2586 dum
168 2555 303 2596 impellit
324 2557 488 2597 cupiditas,
513 2568 578 2589 non
602 2563 728 2589 tantum
753 2558 945 2596 hominibus,
970 2559 1026 2590 sed

71 2598 134 2638 ipsi
163 2608 286 2638 quoque
316 2598 384 2630 Deo
412 2601 467 2631 fiat
495 2601 622 2632 iniuria.
668 2601 742 2632 Non
765 2602 896 2641 ponitur
918 2606 1025 2632 autem

71 2641 124 2672 hic
161 2651 277 2671 nomen
314 2647 373 2673 &tw
405 2647 442 2673 ut
470 2643 576 2682 prius,
607 2643 662 2675 sed
685 2649 765 2687 ἿΡΨ,
789 2644 872 2684 quod
896 2644 1025 2684 proprie

143 2689 252 2717 Calvini
267 2698 358 2724 opera.
402 2693 456 2719 Vol.
474 2693 587 2720 XXIV.

759 209 965 241 TERTIUM
990 208 1308 240 PRAEOEPTUM.

1968 205 2031 237 562

1068 301 1227 332 fallaciam
1254 302 1429 342 significat:
1461 305 1493 330 et
1526 299 1597 330 ideo
1626 298 1708 336 dixi,
1736 310 1850 330 cavere
1882 310 1922 329 ne
1951 299 2029 338 quid

1069 355 1172 375 noxae
1190 344 1340 384 periuriis
1359 344 1472 374 afferat
1491 343 1625 382 quisque
1646 342 1791 381 proximo
1812 353 1887 372 suo:
1914 342 2031 372 nihilo-

1069 387 1176 417 minus
1189 387 1273 418 hanc
1288 386 1538 426 prohibitionem
1561 389 1707 424 spectare
1727 386 1766 415 ad
1787 386 1917 415 tertium
1937 395 2031 424 prac-

1069 436 1212 468 ceptum,
1244 430 1319 469 quia
1346 429 1380 459 in
1411 429 1470 459 hac
1494 432 1585 467 parte
1608 427 1749 457 maxime
1772 427 1890 457 insistit
1914 427 2031 463 Moses,

1070 472 1231 510 profanari
1252 482 1368 502 nomen
1388 471 1449 502 Dei
1472 470 1630 510 periuriis
1673 470 1780 508 Atque
1803 470 1848 499 ita
1871 480 1935 500 non
1959 476 2032 500 tan-

1070 520 1139 544 tum
1170 514 1390 554 integritatem
1419 511 1639 548 commendat,
1668 510 1723 543 sed
1754 511 1912 542 rationem
1937 512 2034 543 habet

1070 556 1209 595 pietatis,
1230 567 1270 587 ne
1288 556 1429 586 violetur
1442 555 1505 585 Dei
1528 555 1688 585 maiestas.
1724 554 1773 585 Ac
1797 559 1908 584 notatu
1933 554 2032 595 digna

1070 603 1118 629 cst
1141 599 1293 639 loquutio‚
1314 598 1387 629 Non
1411 598 1534 638 pollues
1557 607 1673 628 nomen
1698 597 1758 628 Dei
1785 597 1846 627 tui:
1871 596 1945 636 quia
1968 607 2033 628 non

1071 646 1176 681 potest
1194 641 1292 677 Deus,
1316 642 1369 680 qui
1389 646 1520 671 aeterna
1538 644 1586 671 est
1608 640 1730 670 veritas
1753 649 1790 670 ac
1812 639 2032 674 immutabilis.

1071 684 1190 714 maiore
1208 683 1407 715 contumelia
1429 683 1514 713 affici
1537 693 1634 722 quam
1658 682 1710 712 ubi
1733 682 1851 713 citatur
1874 682 2033 712 mendacii

1072 726 1175 757 testis:
1208 737 1289 766 quae
1316 729 1403 757 certe
1433 725 1569 765 indigna
1598 728 1648 755 est
1671 735 1707 756 ac
1730 723 1866 755 nefanda
1892 724 2033 763 pollutio.

1073 768 1143 799 Hoc
1168 768 1429 799 animadversum
1454 778 1519 798 non
1542 767 1603 798 fuit
1624 778 1642 798 a
1664 766 1806 807 profanis
1836 766 2036 797 hominibus:

1072 811 1125 850 qui
1145 812 1205 841 etsi
1225 810 1287 841 Dei
1311 821 1427 841 nomen
1451 821 1485 841 se
1507 810 1647 841 revereri
1670 809 1805 840 iurando
1828 808 2036 846 simulabant,

1074 864 1129 892 pro
1159 853 1259 884 nihilo
1289 858 1394 883 tamen
1427 852 1587 883 ducebant
1615 851 1741 888 fallere,
1769 852 1795 882 si
1825 851 1872 882 ita
1901 852 2036 882 meritus

1072 903 1141 926 erat
1169 896 1224 926 ille
1252 897 1303 926 cui
1332 895 1426 926 fidem
1450 894 1613 925 dederant.
1658 894 1747 925 Dicit
1768 893 1927 935 Thyestes
1948 893 2035 934 apud

1074 946 1213 977 poetam,
1243 939 1313 979 Ego
1343 948 1420 968 vero
1449 937 1545 968 fidem
1578 947 1682 977 neque
1711 937 1783 968 dedi
1814 937 1937 968 infideli
1965 937 2032 968 cui-

1074 991 1185 1020 quam,
1217 990 1321 1021 neque
1351 979 1390 1011 do
1404 980 1444 1020 ¹):
1468 980 1618 1019 quoniam
1641 980 1816 1010 sceleratus
1837 984 1906 1009 erat
1928 979 2038 1017 frater,

1074 1023 1198 1054 nullam
1228 1034 1301 1054 cum
1331 1033 1368 1053 eo
1399 1022 1589 1062 religionem
1621 1021 1756 1053 ducebat
1777 1022 1836 1053 sibi
1860 1021 2037 1052 colendam.

1075 1066 1177 1104 Quasi
1209 1076 1284 1096 vero
1307 1064 1446 1105 pendeat
1466 1065 1527 1095 Dei
1550 1065 1699 1095 maiestas
1721 1064 1760 1094 ab
1783 1064 1951 1095 hominum
1974 1075 2039 1095 me-

1076 1109 1154 1145 ritis,
1179 1114 1215 1139 ut
1233 1119 1307 1139 eum
1327 1112 1440 1139 testem
1460 1107 1635 1147 producere
1658 1106 1760 1143 liceat,
1784 1107 1859 1137 dum
1884 1107 2040 1138 fallaciter

1077 1152 1211 1191 agimus.
1257 1151 1390 1181 Maneat
1420 1160 1497 1190 ergo
1520 1149 1601 1180 illud
1625 1149 1741 1186 fixum,
1775 1149 1913 1189 primam
1937 1150 1970 1179 in
1993 1149 2038 1180 iu-

1077 1194 1232 1224 ramentis
1262 1194 1419 1223 rationem
1451 1192 1514 1222 Dei
1543 1191 1724 1222 habendam
1755 1202 1839 1229 esse,
1869 1191 1960 1222 cuius
1989 1202 2038 1223 sa-

1077 1246 1168 1266 crum
1198 1246 1314 1267 nomen
1338 1240 1469 1266 centum
1492 1234 1624 1265 mundis
1647 1234 1818 1273 pretiosius
1841 1238 1898 1264 est.

1162 1278 1268 1309 Exodi
1283 1278 1334 1315 23,
1359 1277 1407 1309 13.
1444 1277 1562 1308 Nomen
1582 1277 1708 1308 deorum
1730 1276 1909 1307 alienorum.
1951 1276 2039 1315 Quin

1080 1321 1157 1352 haec
1170 1321 1332 1352 sententia
1345 1321 1493 1352 connecti
1512 1319 1625 1350 debeat
1648 1330 1721 1350 cum
1745 1319 1839 1349 tertio
1862 1324 2041 1359 praecepto,

1079 1364 1212 1394 minime
1243 1363 1377 1394 dubium
1407 1368 1464 1394 est.
1509 1362 1635 1393 Nomen
1663 1371 1740 1402 ergo
1772 1361 1832 1392 Dei
1861 1362 1981 1391 frustra
2010 1366 2042 1391 et

1079 1416 1247 1446 perperam
1280 1406 1362 1437 sumi
1394 1405 1629 1445 interpretatur
1660 1404 1783 1440 Moses,
1821 1403 1848 1435 si
1878 1414 1934 1443 per
1967 1403 2041 1434 deos

1079 1449 1200 1480 alienos
1228 1449 1362 1479 iuretur.
1408 1448 1521 1488 Neque
1548 1448 1634 1478 enim
1657 1446 1750 1477 alteri
1773 1457 1868 1486 quam
1893 1446 1948 1477 uni
1973 1446 2042 1477 Deo

1079 1492 1126 1522 fas
1150 1496 1199 1522 est
1221 1491 1374 1523 iudicium
1397 1490 1520 1521 deferre
1544 1489 1582 1520 de
1605 1489 1700 1521 rebus
1723 1489 1904 1530 incognitis.
1948 1488 2042 1520 Unde

1080 1535 1232 1574 sequitur,
1256 1534 1294 1564 ad
1314 1544 1367 1565 eos
1386 1533 1555 1564 transferri
1578 1532 1706 1563 deitatis
1728 1532 1864 1572 gloriam
1888 1542 1943 1571 per
1966 1541 2044 1571 quo·

1079 1588 1151 1607 rum
1187 1587 1303 1607 nomen
1338 1577 1478 1613 iuratur,
1510 1575 1581 1606 ideo
1614 1585 1726 1606 severe
1756 1574 1929 1605 denunciat
1952 1575 2042 1604 Dens

1080 1629 1139 1660 per
1164 1619 1354 1660 prophetam
1378 1618 1490 1660 (Soph.
1517 1619 1544 1654 1,
1573 1617 1616 1659 4),
1639 1627 1673 1648 se
1703 1617 1901 1657 perditurum
1931 1627 2043 1647 omnes

1080 1663 1133 1702 qui
1154 1662 1263 1692 iurant
1282 1672 1339 1701 per
1358 1672 1475 1692 nomen
1496 1671 1600 1698 suum,
1625 1666 1656 1691 et
1675 1660 1769 1690 simul
1790 1670 1846 1699 per
1865 1659 2040 1690 Melchom:

1079 1705 1154 1745 quia
1172 1704 1232 1735 hoc
1251 1703 1343 1735 modo
1362 1704 1541 1735 miscebant
1559 1713 1632 1734 eum
1652 1702 1765 1733 Iudaei
1783 1712 1854 1733 cum
1875 1713 1931 1732 suo
1950 1701 2043 1738 idolo,

1080 1758 1117 1778 ac
1129 1746 1262 1787 proinde
1281 1747 1486 1778 sanctitatem
1506 1747 1575 1776 eius
1593 1745 1818 1786 inquinabant.
1853 1744 1893 1774 In
1906 1754 2042 1783 summa,

1081 1801 1180 1830 quum
1211 1789 1348 1820 iurando
1377 1790 1588 1828 profiteamur
1617 1799 1691 1819 eum
1716 1787 1809 1818 nobis
1839 1797 1906 1818 esse
1936 1787 2040 1824 deum,

1080 1843 1174 1873 quem
1198 1839 1229 1862 et
1251 1832 1394 1863 cordium
1415 1832 1622 1871 cognitorem,
1647 1838 1678 1861 et
1700 1829 1836 1861 iudicem
1862 1831 1893 1859 in
1917 1830 2042 1860 animas

1082 1880 1209 1906 nostras
1238 1875 1428 1911 statuimus,
1461 1875 1547 1905 hunc
1578 1874 1733 1904 honorem
1764 1872 1825 1904 sibi
1848 1874 1879 1902 in
1903 1872 2039 1902 solidum

1082 1918 1196 1948 merito
1219 1917 1333 1949 asserit
1357 1927 1452 1948 verus
1476 1918 1581 1953 Deus,
1604 1917 1679 1956 quia
1698 1926 1760 1946 non
1785 1921 1912 1945 tantum
1936 1914 2041 1944 detra-

1082 1961 1171 1991 hitur
1207 1960 1347 1991 nominis
1384 1961 1452 1990 eius
1489 1959 1626 1999 gloriae,
1658 1959 1684 1989 si
1715 1959 1821 1989 minus
1856 1962 2041 1987 reverenter

1082 2014 1178 2044 quam
1203 2003 1312 2034 deceat
1335 2002 1373 2032 do
1396 2003 1465 2042 ipso
1488 2002 1660 2042 loquimur,
1686 2011 1799 2031 verum
1822 2001 1916 2030 etiam
1941 2001 1966 2030 si
1991 2010 2040 2029 so—

1081 2047 1146 2078 cios
1175 2045 1382 2085 adiungimus
1411 2045 1465 2084 qui
1486 2049 1612 2085 partem
1636 2044 1713 2075 iuris
1737 2047 1902 2082 occupent.
1946 2041 2041 2080 Quod

1080 2089 1178 2120 etiam
1202 2087 1324 2119 duobus
1346 2087 1437 2125 locis,
1466 2098 1544 2128 quos
1566 2098 1606 2118 ex
1630 2087 1726 2117 Deut.
1750 2085 1953 2121 adduximus,
1977 2085 2041 2115 cla-

1081 2133 1147 2162 rius
1177 2135 1280 2170 patet,
1310 2130 1363 2161 ubi
1394 2130 1523 2161 iubetur
1554 2130 1689 2170 populus
1720 2139 1776 2168 per
1806 2137 1919 2158 nomen
1945 2128 2040 2158 unius

1080 2174 1141 2204 Dei
1162 2174 1285 2204 iurare:
1304 2172 1386 2212 quod
1410 2173 1602 2204 tantundem
1627 2172 1712 2203 valet
1735 2176 1828 2210 atque
1850 2170 1884 2199 in
1907 2175 2042 2200 externa

1079 2217 1184 2248 cultus
1204 2216 1401 2256 professione
1424 2216 1583 2256 integram
1607 2225 1703 2254 quam
1726 2217 1868 2244 meretur
1891 2222 2043 2242 reveren-

1081 2260 1157 2289 tiam
1192 2262 1356 2298 praestare
1379 2268 1468 2289 sacro
1498 2259 1567 2289 eius
1598 2256 1729 2288 nomini.
1776 2255 1947 2286 Caeterum
1978 2266 2041 2285 non

1079 2302 1193 2333 incitat
1216 2300 1306 2331 Deus
1328 2300 1483 2340 populum
1515 2301 1554 2331 ad
1585 2299 1711 2331 iurandi
1742 2297 1920 2334 licentiam,
1950 2308 1986 2328 ac
2016 2298 2042 2328 si

1079 2344 1266 2384 frequenter
1284 2342 1420 2374 iurando
1440 2354 1474 2374 se
1497 2347 1686 2374 exercerent
1708 2342 1740 2371 in
1765 2340 1878 2371 officiis
1900 2340 2040 2378 pietatis:

1079 2387 1133 2418 sed
1158 2385 1312 2426 intelligit
1333 2386 1531 2426 simpliciter,
1554 2386 1608 2416 ubi
1631 2395 1711 2424 opus
1734 2383 1838 2418 fuerit,
1860 2382 1908 2412 vel
1933 2392 2041 2413 neces-

1079 2430 1156 2460 sitas
1183 2434 1239 2459 aut
1268 2429 1355 2459 iusta
1373 2429 1457 2460 ratio
1490 2429 1522 2460 id
1558 2426 1747 2468 postulabit,
1782 2435 1846 2455 non
1878 2425 1971 2455 aliter
1994 2425 2042 2456 iu-

1078 2471 1215 2502 randum
1252 2481 1348 2510 quam
1384 2477 1421 2502 ut
1457 2472 1524 2511 ipse
1555 2471 1641 2501 solus
1674 2468 1847 2499 advocetur
1878 2468 1968 2499 testis
2007 2478 2043 2499 ac

1078 2514 1186 2545 iudex.

1147 2650 1174 2682 1)
1193 2649 1340 2676 Laudatur
1357 2650 1400 2676 hic
1417 2657 1511 2676 versus
1529 2657 1546 2674 a
1565 2648 1691 2674 Cicerone
1709 2646 1737 2671 in
1759 2645 1836 2713 Ofl'i30.
1860 2645 1917 2670 III.
1937 2645 1977 2670 29.

1824 2688 1840 2712 6
