2304 3034
136 185 197 216 233

137 283 169 309 et
187 288 393 318 quaecunque
413 277 467 308 alii
480 286 538 307 sua
556 275 716 306 industria
728 274 918 314 magnisque
931 271 1094 303 laboribus

135 325 346 361 paraverant,
371 320 404 350 in
428 319 499 350 illos
522 318 712 348 transferre:
736 317 782 346 ita
805 326 840 346 eo
862 315 966 355 magis
990 314 1094 345 detes-

136 363 241 394 tabilis
272 368 340 394 erat
369 362 533 401 impietas,
570 361 675 400 ipsum
711 359 890 398 negligere,
925 368 1020 397 quum
1061 367 1094 387 se

136 406 276 446 quotidie
298 406 331 435 10
355 405 410 435 illa
428 402 598 442 multiplici
618 402 775 432 bonorum
795 400 944 439 congerie
967 410 1093 438 reprae-

136 452 289 479 sentaret.
334 448 503 478 Discamus
534 446 642 484 itaque
665 454 704 474 ex
729 443 788 474 hoe
811 443 879 473 loco
902 442 1095 472 liberalitate

135 490 199 521 Dei
218 501 276 521 nos
295 489 427 520 invitari
447 488 485 519 ad
505 487 573 518 eins
593 487 732 518 cultum:
760 491 791 515 et
810 485 932 525 quoties
954 484 1094 523 benigne

136 533 302 564 nobiscum
340 532 422 572 agit,
461 530 594 571 gloriam
627 539 716 559 suam
753 534 826 558 ante
860 528 967 559 oculos
1001 526 1092 557 nobis

137 580 287 606 statuere.
344 573 407 605 Sed
448 583 488 603 ex
528 572 672 611 opposito
713 570 972 605 meminerimus,
1013 579 1093 609 qnae

138 617 295 649 debebant
328 616 417 647 nobis
452 625 520 645 esse
553 612 703 644 vehicula
736 612 775 643 ad
810 618 933 643 mentes
966 619 1093 642 nostras

137 671 263 692 sursum
287 658 444 690 tollendas
473 657 552 687 vitio
579 661 687 687 nostro
715 656 859 686 converti
889 656 921 685 in
952 665 1093 685 remoras

137 708 170 734 et
187 701 363 734 obstacula:
383 710 444 739 quo
463 699 582 730 scilicet
603 698 704 737 magis
721 698 759 728 ad
780 697 957 729 cavendum
978 697 1093 728 attenti

137 746 246 776 simus.
291 744 330 774 In
349 743 412 774 fine
435 752 545 772 versus
570 741 609 771 12
632 741 694 771 alia
717 740 959 772 circumstantia
982 750 1093 770 eorum

138 787 330 818 dementiam
354 784 507 825 coarguit,
531 784 556 814 si
576 788 706 822 repente
727 783 818 813 ditati
840 783 1094 822 intemperanter

136 830 307 861 insultent:
337 838 372 859 ac
402 828 428 858 si
458 826 592 862 diceret,
621 826 753 856 minime
781 825 978 856 tolerabilem
1011 825 1094 856 hanc

136 883 205 904 esse
228 870 411 905 socordiam,
435 870 459 899 si
480 868 541 899 Dei
561 869 771 899 beneficentia
794 868 899 898 ornati
922 878 985 898 non
1009 867 1094 907 cogi-

136 919 206 946 tent
229 914 266 945 de
289 923 346 945 sua
375 912 515 952 origine:
546 911 621 950 quia
651 910 731 941 nihil
763 911 865 951 magis
894 910 932 941 ad
963 910 1095 940 humili-

135 962 234 988 tatem
257 966 309 987 eos
331 956 460 986 flectere
484 953 593 984 debuit
616 964 711 993 quam
735 954 851 984 misera
875 953 931 983 illa
953 954 1094 984 servitus

135 999 220 1031 unde
243 998 344 1038 erepti
368 998 503 1028 fuerant.
549 996 637 1036 Ergo
661 996 786 1035 amplae
810 996 1036 1031 dominationi,
1062 996 1094 1025 in

135 1053 229 1082 quam
242 1041 313 1072 illos
327 1041 417 1071 Deus
431 1038 601 1075 extulerat,
622 1039 754 1078 opponit
768 1039 896 1069 domum
916 1048 1093 1074 servorum,

134 1091 172 1116 ut
211 1084 364 1125 pristinae
398 1082 492 1113 sortis
526 1081 703 1112 recordatio
738 1082 932 1121 proterviam
967 1092 1093 1111 omnem

134 1131 320 1167 compescat.

457 1294 520 1326 EX
545 1294 675 1325 DEUT.
700 1293 762 1325 IX.

220 1381 245 1411 1.
276 1380 365 1411 Audi
388 1379 507 1410 Israel:
534 1379 582 1410 Tu
605 1379 723 1410 transis
745 1379 834 1410 bodie
859 1378 1038 1413 Iordanem,
1063 1382 1094 1409 nt

131 1423 321 1463 inyrediaris
342 1422 383 1453 ad
399 1422 621 1461 possidendum
642 1425 744 1462 flentes
762 1432 893 1461 maynas
912 1425 938 1452 et
955 1422 1094 1452 robustas

126 1469 250 1507 praeter
268 1468 302 1502 te,
326 1464 417 1496 urbes
439 1475 570 1504 nzaynas
592 1467 617 1495 et
635 1465 771 1495 munitas
790 1475 886 1503 nsque
904 1465 945 1495 ad
962 1464 1091 1495 coelum:

132 1510 161 1540 2.
186 1508 338 1548 Populum
360 1517 506 1547 mamzum
525 1510 552 1538 et
568 1518 742 1546 procerum,
762 1507 845 1545 filios
863 1507 997 1538 Enae'im
1016 1517 1093 1546 quos

131 1555 162 1582 tu
186 1552 272 1588 nosti,
296 1554 322 1581 et
343 1551 379 1582 de
402 1550 511 1589 quibus
528 1553 559 1581 tn
580 1551 714 1581 audisti:
742 1550 818 1589 (guis
836 1551 973 1581 consistet
990 1560 1093 1581 coram

130 1595 208 1634 filiis
230 1593 342 1625 Enoc?
383 1593 411 1624 3.
439 1592 519 1623 Scito
542 1593 644 1631 itaque
666 1593 753 1623 hodie
775 1593 855 1631 qnod
874 1592 986 1624 Ielzova·
1005 1592 1093 1624 Deus

132 1640 202 1668 tuus
223 1637 288 1676 ‘ipse
311 1638 353 1666 est
371 1636 424 1675 qui
443 1636 555 1666 transit
572 1638 642 1666 ante
657 1638 690 1672 te,
713 1636 793 1674 iynis
811 1646 1004 1666 consumens:
1029 1636 1093 1674 ipse

132 1679 237 1712 delebit
259 1689 323 1715 eos,
347 1689 384 1710 ac
412 1678 588 1709 humiliabit
616 1688 663 1708 eos
691 1688 793 1709 eoram
823 1681 864 1713 te,
897 1682 926 1708 al
958 1679 1093 1717 <affirmas

132 1732 180 1754 eos
192 1722 366 1761 perdasque
384 1731 433 1752 eos
450 1721 515 1758 cito,
535 1721 787 1760 quemadmodum
805 1721 885 1751 dixit
898 1721 1011 1752 Ielcova
1029 1720 1091 1751 tibi.

132 1765 161 1796 4.
186 1764 234 1795 Ne
256 1764 342 1795 dicas
365 1765 399 1794 in
419 1763 504 1794 eorde
527 1766 583 1800 IuO,
607 1773 701 1802 qaum
719 1763 992 1802 erpuleritlebova
1006 1763 1093 1794 Dens

133 1811 203 1838 tun-s·
221 1807 293 1838 illos
306 1818 324 1837 (ι
342 1807 423 1846 facie
440 1809 502 1843 tua,
522 1807 664 1837 dicendo:
686 1806 817 1844 Propter
830 1807 982 1837 iustitiam
994 1816 1093 1837 meam

132 1850 300 1881 ‘introduxit
318 1859 365 1880 me
378 1849 489 1879 lolem-a
508 1851 542 1879 nt
555 1849 732 1887 possideam
750 1851 862 1879 terram
884 1849 977 1879 lianc:
999 1859 1092 1888 qaam
1118 1866 1119 1870 =

127 1895 254 1932 propter
285 1892 479 1931 iniquitatem
511 1892 646 1932 yentiam
675 1893 805 1922 istarum
827 1891 937 1922 [ebora
962 1892 1093 1932 &pellat

133 1945 184 1966 eas
206 1945 225 1965 a
246 1935 326 1974 facie
353 1937 414 1965 tua.
460 1934 488 1964 5.
522 1934 592 1965 Non
617 1937 744 1973 propter
771 1935 923 1965 iustitiam
953 1937 1038 1965 ticam
1067 1937 1092 1965 et

132 1978 338 2008 rectitudinem
360 1977 460 2007 cordis
481 1977 527 2007 tui
549 1980 581 2007 tn
604 1978 787 2017 inyredieris
811 1977 853 2007 ad
871 1978 1092 2016 possidendam

132 2023 244 2051 terram
262 2030 374 2056 eorum,
394 2020 446 2050 sed
458 2022 585 2058 propter
607 2020 790 2059 impietatem
807 2021 943 2059 (sentium
960 2021 1092 2050 istarmn

134 2062 244 2093 Iebova
256 2062 344 2094 Deus
362 2065 432 2092 tuus
447 2063 569 2101 expellit
584 2073 638 2093 eas
657 2074 676 2093 a
693 2063 774 2101 faeie
797 2065 860 2099 tua,
883 2066 916 2093 ul
939 2063 1093 2101 confirmet
1118 2087 1120 2095 s

133 2105 252 2136 verbum
266 2105 344 2144 quod
356 2105 472 2135 iuravit
484 2106 549 2144 ipse
563 2104 675 2136 Ielzova
688 2105 833 2143 patribus
847 2106 917 2143 tuis,
936 2105 1091 2137 Abrahae.

136 2147 228 2178 Isaac
255 2150 280 2178 et
303 2147 401 2178 Iacob.
454 2148 482 2177 6.
519 2148 599 2178 Scito
633 2149 736 2187 {taque
769 2148 849 2187 quod
881 2158 941 2178 non
968 2150 1093 2187 propter

135 2190 283 2220 iustitiam
316 2192 401 2220 tuam
435 2190 546 2221 Ielzova
581 2190 669 2221 Deus
701 2193 773 2221 tuus
805 2191 857 2221 dat
890 2191 945 2221 tibi
978 2194 1093 2222 terram

139 2232 229 2262 istam
251 2233 409 2270 optimam,
439 2235 471 2263 ut
492 2234 655 2272 possideas
678 2243 761 2264 eam:
789 2234 941 2272 siquidem
958 2234 1094 2273 populus

139 2273 234 2304 durae
253 2275 377 2306 cervicis
399 2285 437 2306 es.

226 2358 253 2389 1.
279 2358 326 2389 Tu
347 2361 462 2391 transis
482 2360 569 2392 bodie
588 2360 762 2392 Iordanem.
808 2362 909 2393 Totus
934 2361 985 2392 hic
1008 2361 1095 2393 loeus

141 2401 280 2441 elogium
313 2402 454 2432 continet
485 2404 645 2443 gratuitae
682 2404 741 2435 Dei
772 2404 992 2439 liberalitatis,
1033 2415 1095 2444 qua

141 2444 200 2475 sibi
223 2443 374 2483 populum
398 2443 542 2476 devinxit
565 2446 604 2476 ad
628 2446 708 2487 legis
731 2447 929 2487 obsequium.
976 2447 1096 2477 Debuit
1121 2454 1123 2463 '

142 2492 248 2517 antem
272 2485 403 2526 (utiam
433 2489 537 2518 visum
568 2489 629 2530 est)
659 2490 834 2520 acerrimus
864 2489 915 2520 hic
946 2500 1015 2520 esse
1039 2490 1095 2521 sti-

142 2529 248 2559 mulus
267 2528 306 2558 ad
324 2530 510 2568 pungendos
522 2531 695 2568 Israelitas,
716 2537 749 2562 ut
762 2534 891 2572 penitus
904 2537 1096 2572 raperentur

142 2571 181 2602 ad
216 2570 380 2618 colendum
415 2576 445 2602 et
478 2574 648 2605 amandum
682 2574 806 2612 Deum,
847 2576 897 2606 cui
932 2580 1097 2614 tantopere

144 2613 288 2644 obstricti
311 2618 411 2645 erant.
454 2614 631 2647 Consilium
656 2628 732 2658 ergo
757 2618 857 2649 Mosis
881 2618 942 2648 fnit
966 2618 1095 2648 docere:

856 179 1117 212 PRAEFATIO
1141 179 1190 210 IN
1214 179 1384 210 LEGEM.

2044 178 2106 208 234

1148 272 1245 303 nullis
1269 272 1393 302 meritis
1415 271 1590 309 IsraelitaS,
1613 271 1668 302 sed
1692 270 1847 310 singulari
1867 269 1929 300 Dei
1952 270 2106 300 beneficio

1148 315 1301 346 haeredes
1324 315 1390 345 sore
1412 319 1516 345 torrae
1533 314 1702 344 Ghanaan:
1726 313 1821 353 idque
1845 317 1950 344 totum
1974 322 2106 343 manare

1147 368 1187 387 ex
1211 357 1336 388 foedere
1360 362 1391 387 et
1413 357 1581 396 adoptione
1611 357 1768 396 gratuita:
1801 360 1835 386 ut
1865 355 2009 386 vicissim
2033 366 2105 395 per-

1147 405 1270 430 starent
1304 400 1336 430 in
1368 399 1454 430 fideli
1488 399 1711 430 observatione
1745 398 1898 434 foederis,
1933 402 2027 437 atque
2060 397 2107 428 ita

1147 443 1249 481 magis
1272 442 1421 482 propensi
1444 446 1550 472 essent
1574 441 1612 472 ad
1636 442 1703 472 eius
1726 441 1858 472 cultum.
1892 440 1995 471 Nimis
2019 440 2106 470 enim

1146 484 1316 524 indignum
1348 489 1432 515 esset
1461 495 1525 515 non
1556 495 1723 515 occurrere
1746 484 1815 514 Deo
1842 483 2043 514 voluntarios
2067 482 2106 513 ad

1146 527 1348 557 subeundum
1373 527 1441 557 eius
1474 527 1644 566 imperium
1676 537 1754 565 quos
1785 536 1843 556 sua
1876 526 1981 566 gratia
2014 535 2106 565 prae-

1146 570 1246 600 venit.
1292 570 1395 600 Porro
1420 580 1459 600 ne
1489 569 1549 600 sibi
1578 569 1751 608 quidquam
1782 572 1949 607 arrogent,
1981 567 2107 607 magni-

1146 611 1292 642 tudinem
1318 612 1480 651 potentiae
1505 612 1564 642 Dei
1589 613 1620 641 10
1645 622 1680 641 eo
1710 611 1914 642 commendat
1945 610 2028 650 quod
2059 614 2107 641 tot

1145 655 1291 694 gentium
1316 655 1452 685 victores
1475 665 1544 685 esse
1574 659 1750 693 nequeant,
1786 653 1846 684 nisi
1875 653 2066 683 mirabiliter
2089 663 2106 684 e

1146 697 1233 727 coelo
1262 697 1370 727 adiuti.
1416 697 1486 727 Hac
1515 697 1638 727 ratione
1666 696 1741 727 dicit
1764 701 1876 736 gentes
1899 695 1970 726 illas
1994 695 2103 726 multi-

1146 738 1258 770 tudine
1283 744 1315 769 et
1337 749 1485 774 numero,
1521 739 1636 769 deinde
1667 738 1854 769 fortitudine
1877 738 1990 769 bellica
2012 748 2104 777 prae-

1145 782 1269 812 cellere.
1316 781 1432 819 Addit,
1455 792 1563 811 eorum
1588 781 1683 811 urbes
1707 792 1775 812 esse
1799 791 1934 820 magnas
1957 785 1988 811 et
2012 781 2104 810 inex-

1146 824 1351 864 pugnabiles:
1383 828 1544 863 postremo
1574 824 1606 853 in
1634 823 1698 854 illis
1728 834 1796 854 esse
1825 823 1906 854 filios
1934 823 2104 863 gigantum

1147 877 1278 906 procera
1301 872 1424 896 statura
1454 866 1679 897 formidabiles.
1725 866 1807 897 Nam
1832 866 1922 897 Euae
1952 865 2002 906 (ut
2030 876 2104 896 nar-

1147 915 1238 939 ratur
1267 909 1363 939 Iosue
1395 909 1442 939 15.
1471 908 1588 949 capite)
1618 910 1757 940 famosus
1786 909 1877 948 gigas
1907 908 1983 944 fuit,
2013 908 2104 939 cuius

1147 952 1266 992 posteri
1297 952 1397 982 vocati
1426 956 1504 981 sunt
1533 951 1677 982 Enacim.
1731 952 1773 981 Et
1805 961 1867 990 quo
1897 950 2029 982 tollatur
2058 952 2104 981 eis

1147 994 1312 1030 dubitatio,
1336 994 1413 1025 citat
1436 994 1521 1033 ipsos
1544 999 1651 1029 testes,
1675 993 1757 1033 quod
1781 994 1909 1024 illorum
1932 997 2104 1033 conspectu

1147 1037 1268 1067 fuerint
1312 1036 1457 1067 exterriti
1498 1041 1533 1066 ut
1570 1036 1671 1066 velint
1710 1046 1839 1066 cursum
1878 1036 2104 1067 retroflectere.

1148 1080 1244 1110 Nune
1280 1085 1423 1110 tenemus
1455 1089 1607 1118 quorsum
1643 1078 1776 1109 tendant
1816 1089 1927 1109 omnes
1967 1078 2105 1109 circum-

1148 1123 1300 1159 stantiae,
1326 1132 1439 1161 nempe
1463 1127 1497 1151 ut
1519 1122 1550 1151 in
1575 1122 1715 1152 victoriis
1740 1121 1845 1160 populi
1870 1126 1902 1151 et
1924 1121 2008 1152 felici
2031 1132 2104 1152 suc—

1148 1175 1239 1196 cessu
1269 1164 1428 1204 refulgeat
1458 1164 1517 1194 Dei
1547 1164 1656 1203 gloria.
1702 1164 1791 1194 Haec
1821 1163 1933 1201 verba,
1961 1173 2039 1202 quos
2069 1169 2104 1194 tu

1149 1208 1240 1244 nosti,
1261 1207 1342 1238 etde
1362 1206 1475 1246 quibus
1496 1207 1622 1243 audisti,
1642 1206 1680 1237 ad
1701 1206 1919 1245 exploratores
1937 1205 2105 1237 referenda

1148 1255 1231 1281 sunt.
1288 1250 1399 1289 Neque
1443 1249 1528 1279 enim
1569 1250 1716 1289 gigantes
1755 1248 1802 1278 illi
1844 1248 1949 1279 adhuc
1986 1248 2104 1288 populo

1148 1303 1256 1324 coram
1288 1295 1508 1323 innotuerant:
1545 1291 1598 1322 sed
1628 1291 1665 1322 ad
1695 1302 1804 1321 ornnes
1833 1291 1987 1322 transfert
2020 1290 2104 1330 quod

1147 1345 1321 1375 paucorum
1345 1340 1429 1365 erat:
1453 1334 1526 1374 quia
1549 1344 1589 1364 ex
1613 1344 1721 1364 eorum
1746 1333 1849 1364 relatu
1871 1333 1990 1373 passim
2015 1344 2104 1374 gras-

1147 1383 1235 1409 satus
1259 1386 1329 1408 erat
1352 1383 1455 1407 terror
1478 1388 1534 1417 per
1556 1382 1668 1413 castra,
1692 1387 1728 1407 ac
1751 1377 1776 1406 si
1795 1377 1858 1406 iam
1878 1376 2045 1407 venissent
2064 1376 2104 1406 ad

1147 1421 1343 1452 conflictum.
1382 1420 1466 1459 Quia
1489 1430 1564 1459 ergo
1588 1419 1729 1459 persuasi
1752 1420 1878 1449 fuerant
1901 1429 1934 1449 se
1958 1418 2103 1450 hostibus

1148 1465 1212 1494 fore
1242 1464 1398 1503 impares,
1427 1468 1459 1492 et
1488 1462 1664 1492 exanimati
1697 1462 1824 1492 fuerant
1857 1461 1895 1492 ad
1930 1471 2102 1498 rumorem,

1147 1507 1256 1537 Moses
1291 1517 1344 1536 eos
1378 1505 1506 1545 proprio
1538 1505 1719 1535 testimonio
1753 1504 1913 1544 coarguit:
1949 1515 1988 1534 ne
2022 1504 2104 1534 forte

1147 1555 1257 1589 postea
1297 1548 1424 1579 laudem
1460 1549 1514 1578 uni
1550 1548 1618 1578 Deo
1653 1546 1789 1578 debitam
1824 1546 1863 1577 ad
1898 1557 1931 1577 se
1964 1547 2102 1585 rapiant.

1148 1593 1309 1623 Docemnr
1332 1597 1438 1622 autom
1463 1601 1502 1621 ex
1526 1590 1575 1620 bis
1605 1590 1711 1621 verbis
1741 1600 1809 1619 eam
1840 1599 1911 1620 esse
1935 1589 2103 1619 hominum

1147 1634 1413 1675 ingratitudinem
1448 1638 1482 1663 nt
1516 1632 1577 1663 Dei
1615 1633 1767 1663 beneficia
1809 1636 1963 1670 qnantum
1998 1632 2031 1661 in
2066 1642 2100 1662 se

1118 1670 1119 1690 ³
1147 1687 1194 1708 est
1217 1678 1401 1710 obscurent,
1427 1686 1528 1715 neque
1552 1686 1691 1714 unquam
1716 1675 1846 1711 cedant,
1871 1675 1931 1704 nisi
1955 1674 2102 1705 convicti.

1231 1721 1259 1751 3.
1286 1720 1366 1750 Scito
1390 1719 1492 1757 itaque
1512 1718 1608 1749 bodie.
1655 1717 1786 1757 Colligit
1809 1728 1847 1747 cx
1874 1716 2103 1756 superioribus,

1146 1763 1242 1793 nimis
1272 1763 1430 1802 malignos
1460 1762 1526 1791 fore
1556 1760 1720 1791 Israelitas
1750 1759 1810 1790 nisi
1840 1763 2017 1799 agnoscant
2041 1758 2104 1789 Dei

1118 1807 1120 1814 ‘
1147 1817 1244 1836 manu
1265 1806 1448 1845 profligatos
1467 1814 1535 1834 esse
1555 1803 1670 1834 hostes.
1702 1803 1745 1833 Et
1763 1812 1825 1841 quo
1841 1802 1944 1841 magis
1962 1801 2105 1832 illustret

1146 1849 1353 1885 miraculum,
1377 1846 1587 1877 similitudine
1612 1846 1729 1880 utitur,
1754 1844 1860 1875 Deum
1884 1844 1950 1884 igni
1974 1854 2104 1883 eompa-

1146 1902 1240 1928 rans,
1269 1891 1322 1931 qui
1354 1890 1483 1920 insolito
1513 1888 1607 1919 modo
1635 1892 1666 1918 et
1696 1886 1875 1919 incredibili
1900 1891 1946 1916 tot
1969 1886 2104 1926 populos

1117 1948 1119 1977 3
1144 1940 1319 1966 consumet.
1345 1932 1485 1963 Perinde
1498 1932 1582 1962 enim
1602 1936 1649 1961 cst
1663 1941 1697 1961 ac
1710 1931 1736 1960 si
1750 1929 1893 1966 dixisset,
1914 1928 2104 1959 humanitus

1146 1977 1214 2007 fieri
1236 1987 1297 2007 non
1317 1986 1418 2015 posse,
1443 1985 1500 2005 nec
1524 1974 1649 2004 usitatis
1667 1972 1853 2007 rationibus
1878 1975 1911 2002 ut
1932 1976 1976 2001 tot
1995 1972 2105 2011 populi

1145 2025 1176 2050 et
1200 2025 1265 2049 tam
1297 2018 1437 2049 bellicosi
1468 2017 1530 2047 cito
1560 2020 1700 2055 pereant.
1748 2015 1833 2045 Alibi
1860 2017 1993 2044 vocatur
2017 2014 2104 2045 Deus

1145 2063 1230 2101 ignis
1261 2070 1468 2096 consumens,
1498 2059 1625 2089 diverso
1656 2068 1767 2095 sensuy
1798 2062 1833 2087 ut
1862 2057 1943 2086 iram
1974 2057 2041 2087 eius
2069 2066 2105 2086 ac

1145 2100 1323 2145 potentiani
1365 2108 1554 2133 metuamus.
1611 2100 1675 2131 Sed
1711 2100 1761 2131 hic
1794 2103 1920 2130 tantum
1953 2099 2105 2139 intelligit

1147 2148 1253 2179 Moses
1294 2145 1481 2177 admirabile
1521 2144 1588 2175 fore
1627 2144 1695 2174 eius
1737 2153 1816 2182 opus
1861 2141 2104 2180 dissipationem

1146 2191 1291 2231 gentium
1316 2189 1489 2219 sfhanaan:

1231 2233 1259 2263 4.
1284 2232 1332 2263 Ne
1349 2232 1436 2262 dicas
1456 2231 1486 2260 in
1505 2229 1591 2260 corde
1609 2231 1667 2259 tuo.
1692 2227 1784 2258 Nunc
1797 2227 1940 2266 apertius
1953 2225 2106 2257 admonet

1148 2276 1301 2315 populum
1333 2286 1372 2304 ne
1401 2284 1434 2303 so
1462 2273 1545 2303 fastu
1574 2276 1605 2301 et
1635 2270 1733 2301 stulta
1763 2270 1952 2310 gloriatione
1982 2269 2104 2299 efferat.

1148 2318 1217 2349 Nisi
1237 2323 1301 2348 tam
1323 2328 1421 2357 pravo
1441 2321 1472 2346 et
1491 2314 1632 2354 maligno
1650 2313 1762 2343 fuisset
1781 2312 1920 2351 ingenio,
1941 2311 2017 2342 satis
2037 2316 2106 2341 erat

1147 2372 1212 2392 uno
1246 2360 1345 2391 verbo
1378 2359 1514 2399 gratiam
1549 2357 1609 2387 Dei
1641 2354 1781 2385 ostendi:
1815 2355 1869 2385 sed
1904 2365 1968 2385 non
2002 2354 2107 2393 potnit

1148 2405 1241 2434 aliter
1274 2414 1327 2433 eos
1362 2403 1468 2432 Moses
1502 2399 1541 2430 ad
1582 2397 1811 2439 gratitudinem
1853 2396 2011 2428 adducere
2044 2396 2106 2426 nisi

1148 2452 1288 2478 correcta
1325 2450 1357 2476 et
1392 2444 1513 2474 deiecta
1546 2441 1703 2481 superbia.
1761 2439 1970 2470 Obstaculum
2008 2439 2106 2478 igitur

1148 2489 1227 2520 illud
1241 2489 1333 2524 tollit,
1354 2498 1414 2527 quo
1428 2485 1597 2524 conspicua
1615 2484 1657 2514 sit
1675 2481 1760 2522 apud
1773 2493 1825 2512 eos
1842 2482 1901 2512 Dei
1919 2481 2106 2512 liberalitas.

1153 2532 1266 2563 Dicere
1290 2532 1321 2561 in
1346 2530 1439 2561 corde
1462 2526 1651 2558 tantundem
1682 2525 1767 2556 valet
1798 2535 1833 2555 ac
1862 2529 2028 2564 reputare,
2053 2523 2106 2554 vel

1149 2575 1332 2614 opinionem
1363 2572 1535 2611 concipere.
1582 2568 1690 2607 Quare
1721 2577 1785 2597 non
1814 2572 1939 2597 tantum
1970 2567 2107 2606 castigat

1150 2618 1258 2648 Moses
1277 2616 1406 2655 linguae
1430 2612 1624 2649 iactantiam,
1647 2610 1702 2641 sed
1726 2610 1886 2640 oecultum
1906 2610 2026 2640 fastum
2046 2619 2106 2648 quo
