2304 3034
93 214 151 245 341

94 311 155 338 tur.
191 306 273 337 Nam
289 311 373 337 certe
396 305 455 337 hac
469 304 671 337 caeremonia
693 309 858 334 ostensum
883 302 942 332 fuit
967 303 1051 341 quod

95 349 185 380 docet
216 349 339 380 Paulus
370 349 401 389 (1
433 349 547 379 Timet.
577 347 611 383 4,
636 346 684 387 5),
718 345 910 376 sanctificari
944 345 1051 375 omnia

94 391 241 432 precibus
262 396 294 422 et
318 391 427 422 verbo:
458 401 521 421 non
552 388 634 429 quod
665 398 720 427 per
750 398 783 418 se
811 386 984 426 quidquam
1009 387 1052 417 sit

95 436 273 473 impurum:
296 433 351 465 sed
375 434 450 473 quia
471 443 510 463 ex
539 431 742 470 corruptione
773 429 912 460 hominis
943 434 1049 460 conta-

96 477 223 517 gionem
248 482 333 507 terra
355 475 529 506 contraxit:
554 473 668 504 merito
692 472 794 512 quoad
819 482 876 502 nos
900 472 1052 502 innoxiae

96 520 192 550 etiam
215 519 324 559 fruges
347 522 519 549 censentur
547 516 664 546 habere
693 514 928 545 immunditiem
961 525 1051 553 prae-

95 562 188 601 putii.
222 561 261 592 In
285 571 410 591 summa
432 559 532 590 voluit
552 559 639 588 Deus
663 557 834 588 maceriam
859 557 1052 593 interiicere,

96 615 158 643 qua
180 603 331 643 populum
356 612 449 633 suum
473 612 490 632 a
513 600 662 641 gentibus
686 605 865 639 separaret,
897 609 933 629 ac
956 600 1051 630 simul

96 645 385 681 commonefacere,
420 654 529 674 eorum
561 653 640 682 quae
670 647 756 672 terra
791 641 940 681 producit
975 642 1053 681 legi-

96 689 208 719 timum
243 698 334 718 usum
371 686 496 717 nonnisi
527 685 683 725 singulari
718 684 887 725 privilegio
931 695 947 715 a
980 685 1054 715 filiis

96 731 186 762 Adae
214 729 342 770 percipi.
393 728 458 760 Sed
489 727 656 768 aptissima
691 727 752 758 fuit
787 727 948 767 praeputii
979 732 1054 757 ante

97 773 277 805 condictum
322 771 573 803 circumcisionis
624 780 745 800 annum
780 770 973 807 similitudo,
1020 775 1055 800 ut

97 818 324 856 agnoscerent,
355 813 465 844 eodem
498 813 566 843 iure
596 823 657 852 quo
687 812 864 843 consecrati
900 817 993 843 erant
1021 812 1054 842 in

97 858 158 889 Dei
190 857 362 897 peculium,
393 866 490 896 puros
528 855 587 886 sibi
628 855 778 886 arborum
816 865 884 885 esse
922 855 1054 886 fructus.

96 901 197 932 Porro
221 911 259 930 ne
281 899 388 939 gravis
411 898 452 928 sit
475 898 569 928 trium
595 908 753 928 annorum
777 898 946 934 sterilitas,
970 908 1055 929 com·
1081 913 1082 922 κ

98 943 318 983 pensationem
340 941 501 981 promittit
530 952 569 970 ex
600 941 709 971 futura
733 941 793 971 Dei
824 940 1054 977 benedictione,

97 986 170 1025 quia
193 985 244 1016 ubi
275 985 313 1014 ab
343 983 508 1014 immundo
537 984 644 1014 fructu
674 983 905 1020 abstinuerint,
935 983 1056 1023 largior

97 1032 271 1068 proventus
293 1027 325 1056 in
349 1032 511 1065 posterum
535 1025 713 1065 sperandus
736 1026 806 1056 fuit.

180 1070 229 1100 26.
255 1069 325 1100 Non
347 1069 537 1099 attondebitis
564 1078 690 1099 comam.
737 1068 878 1108 Liquido
910 1073 1054 1107 apparet,

96 1122 160 1143 non
184 1112 270 1143 aliud
294 1112 390 1142 fuisse
411 1111 471 1141 Dei
494 1110 665 1142 consilium
689 1121 783 1150 quam
809 1116 843 1141 ut
866 1111 1055 1150 interposito

95 1154 255 1186 obstaculo
279 1154 430 1193 populum
455 1164 549 1184 suum
579 1164 597 1183 a
626 1154 769 1193 profanis
797 1153 947 1194 gentibus
976 1153 1053 1184 diri-

95 1202 204 1228 meret.
244 1196 333 1227 Nihil
358 1196 444 1226 enim
469 1196 571 1236 magis
596 1196 736 1235 proclive
760 1207 853 1235 quam
879 1203 915 1226 ut
938 1195 991 1226 alii
1015 1196 1054 1227 ad

93 1240 226 1270 aliorum
249 1238 516 1270 consuetudinem
541 1249 573 1269 se
596 1239 745 1269 forment.
780 1239 830 1269 Ita
852 1239 888 1269 fit
912 1244 947 1269 ut
971 1239 1055 1270 inter

92 1292 125 1312 se
156 1283 240 1312 ultro
270 1282 412 1321 citroque
442 1282 679 1312 communicent
714 1292 771 1312 sua
802 1281 891 1312 vitia.
944 1282 1053 1319 Quare

92 1324 123 1355 in
148 1324 258 1364 primis
281 1324 457 1355 cavendum
482 1324 542 1354 fuit
566 1335 604 1355 ne
629 1324 765 1364 populus
784 1324 886 1355 Israel
910 1324 1052 1364 suscipe-
1079 1319 1081 1356 i

92 1371 141 1398 ret
170 1373 294 1398 exteros
324 1368 419 1405 ritus,
451 1373 480 1398 et
511 1366 570 1398 hac
600 1367 754 1397 facilitate
783 1378 800 1397 a
830 1367 969 1407 genuino
992 1367 1052 1397 Dei

93 1409 180 1441 cultu
205 1410 368 1441 deficeret:
400 1409 485 1440 unde
509 1409 606 1440 etiam
630 1409 768 1440 obtinuit
799 1409 943 1449 vulgaris
967 1420 1052 1447 usus,

93 1458 128 1483 ut
151 1463 317 1483 commune
338 1452 497 1492 acciperet
520 1462 578 1491 pro
609 1452 784 1482 immundo.
832 1451 952 1483 Severe
975 1463 1052 1493 ergo

92 1494 239 1535 prohibet
268 1496 356 1526 Deus
391 1506 430 1525 ne
460 1494 650 1526 declinando
681 1494 721 1525 ad
756 1495 902 1535 gentium
938 1506 1052 1532 mores,

93 1537 264 1568 discrimen
288 1549 306 1568 a
329 1549 362 1568 se
386 1538 525 1577 positum
549 1537 756 1568 confundant.
792 1537 895 1568 Notas
918 1538 950 1568 in
971 1537 1052 1569 facie
1078 1545 1079 1553 ¹

92 1579 240 1618 incidere,
261 1590 382 1610 comam
407 1580 539 1611 tondere
562 1580 601 1611 ad
632 1586 736 1611 certos
762 1580 881 1619 gradus
914 1580 962 1611 vel
991 1581 1051 1612 cir-

93 1622 188 1658 culos,
212 1629 244 1653 et
266 1624 297 1653 in
320 1623 407 1654 luctu
431 1633 559 1653 carnem
591 1633 681 1653 suam
706 1623 863 1657 lacerare,
889 1623 940 1654 vel
972 1624 1051 1663 stig·
1078 1643 1079 1649 η

93 1665 231 1696 matibus
253 1665 388 1702 foedare,
413 1676 478 1696 non
502 1665 635 1696 dubium
667 1666 744 1705 quin
775 1666 926 1705 gentibus
957 1667 1053 1697 usita-
1077 1679 1079 1697 l

94 1713 160 1738 tum
183 1708 279 1738 fuerit
298 1709 534 1748 superstitionis
558 1719 662 1739 cansa.
698 1708 817 1739 Notum
832 1714 878 1739 est
899 1713 935 1739 ut
958 1709 1053 1739 sacri-
1077 1740 1078 1751 ζ

94 1750 144 1781 fici
168 1749 304 1791 Cybeles
326 1751 439 1782 cultris
462 1762 498 1782 ac
523 1750 686 1782 novaculis
710 1762 839 1782 carnem
871 1761 960 1781 suam
985 1751 1052 1782 lan-

93 1793 255 1830 cinarent‚
288 1804 323 1825 ac
347 1793 536 1825 vulneribus
564 1804 597 1824 sc
624 1799 705 1824 totos
735 1793 917 1831 foedarent,
948 1800 1052 1824 osten·
1077 1807 1079 1830 ς

442 1836 479 1867 ld
504 1836 575 1867 aliis
595 1837 692 1867 etiam
716 1846 887 1867 commune
911 1837 987 1867 fuit:
1012 1838 1053 1867 si-
1077 1858 1079 1869 2

94 1835 181 1865 tandi
211 1836 269 1866 zeli
292 1846 396 1867 causa.

93 1878 158 1908 cuti
199 1888 384 1919 pomparum
431 1879 557 1910 obiectu
598 1878 738 1909 mundus
787 1879 878 1909 facile
919 1880 1051 1919 capitur.

94 1919 283 1960 Quanquam
319 1927 425 1952 autem
461 1927 529 1952 erat
563 1922 594 1952 id
630 1932 685 1961 per
720 1932 753 1952 se
776 1922 933 1959 medium,
961 1922 1052 1953 Deus

94 1969 200 1994 tamen
224 1964 338 2004 populo
361 1975 417 1995 suo
441 1965 542 1995 noluit
566 1965 700 1995 liberum
724 1975 808 2002 esse,
839 1970 875 1995 ut
898 1971 1050 2004 tanquam

93 2006 183 2044 pueri
206 2017 246 2037 ex
270 2007 376 2046 parvis
400 2006 590 2038 rudimentis
621 2007 790 2043 discerent,
814 2018 847 2038 se
871 2018 934 2038 non
959 2007 1053 2038 aliter

93 2047 162 2078 Deo
186 2049 250 2079 sore
274 2056 382 2089 gratos
406 2050 466 2080 nisi
489 2051 609 2080 exteris
637 2056 668 2079 et
700 2050 912 2089 praeputiatis
945 2056 1052 2081 essent

94 2100 222 2129 prorsus
245 2091 425 2127 dissimiles,
445 2103 480 2122 ac
506 2093 690 2133 longissime
710 2093 859 2123 abessent
878 2093 916 2123 ab
940 2104 1051 2124 corum

95 2134 264 2172 exemplis:
303 2135 490 2174 praesertim
526 2146 601 2166 vero
636 2135 715 2165 ritus
756 2146 867 2165 omnes
901 2136 1052 2176 fugerent

96 2175 208 2213 quibus
247 2181 363 2208 testata
403 2178 500 2208 fiebat
540 2178 662 2218 religio.
718 2178 929 2217 Expericntia
965 2180 1049 2209 enim

97 2216 185 2247 docet
207 2225 399 2259 quantopere
424 2231 536 2251 verum
562 2221 622 2251 Dei
646 2221 767 2251 cultum
793 2221 940 2251 obscuret
960 2222 1051 2260 quid-

97 2259 171 2297 quid
195 2266 241 2290 est
264 2262 444 2300 ascititium,
468 2268 500 2294 et
523 2274 617 2303 quam
643 2263 736 2294 facile
755 2263 910 2303 obrepant
934 2274 1051 2302 pravae

98 2303 352 2342 superstitiones,
382 2305 434 2336 ubi
459 2306 518 2336 Dei
550 2307 648 2337 verbo
679 2313 853 2336 assuuntur
884 2306 1049 2338 hominum

98 2350 284 2376 commenta.
324 2347 435 2378 Posset
457 2348 585 2387 quidem
609 2359 684 2388 pars
706 2349 777 2386 ista,
803 2348 908 2388 Super
927 2356 1052 2381 mortuo

98 2396 160 2415 non
195 2386 314 2434 incides
336 2394 393 2420 etc.
422 2391 538 2430 exponi
567 2396 721 2430 tanquam
753 2391 913 2421 immodici
946 2392 1052 2424 luctus

98 2433 264 2459 correctio:
288 2431 360 2469 quia
382 2433 499 2463 scimus
518 2444 612 2472 quam
633 2434 885 2473 intemperanter
908 2434 1055 2467 ferantur

99 2470 244 2501 homiues
275 2472 428 2504 adversus
459 2474 562 2506 Deum
601 2476 653 2507 ubi
689 2476 787 2507 dolori
819 2488 876 2507 suo
912 2477 1080 2509 habenas2

99 2513 222 2560 laxant:
248 2524 359 2545 verum
383 2517 455 2555 quia
468 2517 542 2548 finis
564 2520 709 2558 gentium
729 2526 807 2556 erat,
831 2520 916 2549 iusta
929 2521 1054 2552 solvere

100 2562 241 2590 mortuis,
265 2563 296 2586 et
310 2558 423 2589 ferales
446 2562 610 2599 exsequias
630 2561 767 2601 quodam
794 2562 910 2601 piaculi
935 2574 1053 2603 genere

100 2597 275 2635 celebrare,
304 2600 465 2638 probabile
495 2609 541 2633 est
570 2614 606 2634 ac
637 2604 750 2635 melius
780 2606 950 2643 convenit,
985 2611 1053 2637 toto

100 2646 250 2670 contextu
275 2641 419 2673 damnari
443 2652 661 2684 praeposteros
690 2653 815 2686 gestus,
846 2647 899 2686 qui
924 2649 1053 2688 pietatis

814 209 998 240 PRIMUM
1022 209 1341 242 PRAEOEPTUM.

2005 212 2067 242 :342

1103 307 1197 333 erant
1221 305 1403 336 testimonia
1425 305 1510 336 inter
1533 309 1655 346 gentes,
1680 305 1713 336 in
1737 304 1855 345 populo
1877 308 1984 335 autem
2004 304 2066 335 Dei

1102 346 1238 376 fuissent
1261 347 1516 387 inquinamenta.
1552 348 1641 378 Idem
1666 358 1705 378 ex
1725 347 1795 379 loco
1811 347 2065 384 Deuteronomii,

1104 388 1156 426 qui
1180 390 1325 427 proxime
1347 391 1500 430 sequitur,
1524 390 1641 421 clarius
1663 395 1768 430 patet:
1793 389 1847 420 ubi
1871 390 2067 421 coniunctim

1104 431 1276 462 incisuram
1300 438 1332 463 et
1355 433 1520 464 calvitium
1544 443 1641 473 super
1660 438 1784 463 mortuo
1803 433 1935 463 damnat
1950 432 2067 469 Moses,

1103 473 1192 512 quasi
1216 485 1283 504 rem
1308 486 1421 511 unam,
1451 480 1483 506 et
1514 476 1617 515 legem
1647 476 1815 506 confirmat
1842 475 1988 515 generali
2016 484 2066 504 ra-

1104 516 1203 546 tione:
1229 517 1311 556 quod
1335 528 1367 548 se
1392 518 1528 549 debeant
1551 518 1590 548 ab
1613 519 1701 549 omni
1727 518 1973 558 inquinamento
1992 517 2067 548 sub-

1104 556 1237 594 ducere,
1268 565 1419 599 tanquam
1449 561 1506 591 filii
1538 561 1614 592 Dei:
1649 560 1777 600 quando
1806 560 1898 591 electi
1928 564 2004 591 sunt
2034 560 2068 590 in

1105 601 1259 640 populum
1291 603 1494 641 peculiarem.
1542 605 1589 634 Ac
1618 604 1645 634 si
1676 603 1811 637 diceret,
1842 603 1967 633 irritam
1999 602 2068 633 fieri

1107 642 1167 673 Dei
1192 644 1341 683 gratiam,
1365 646 1390 676 si
1415 646 1493 676 nihil
1518 646 1556 676 ab
1581 646 1695 677 alienis
1719 645 1871 686 gentibus
1902 645 2064 676 differant.

1106 685 1199 723 Quod
1231 686 1347 718 electos
1376 698 1445 718 esse
1476 688 1554 720 dicit
1583 700 1621 719 cx
1651 689 1775 720 cunctis
1805 688 1972 728 gentibus,
2004 698 2068 718 non

1107 738 1219 767 parum
1243 729 1384 760 illustrat
1417 732 1590 771 gratuitam
1615 732 1675 762 Dei
1706 730 1975 767 misericordiam,
2006 740 2069 769 qua

1107 780 1160 801 eos
1184 771 1333 811 dignatus
1357 777 1405 803 est
1428 774 1511 804 solos
1530 774 1721 814 posthabitis
1734 773 1894 813 gentibus,
1918 772 1958 803 ad
1978 783 2068 812 spem

1108 817 1257 844 aeternae
1282 814 1393 846 salutis
1418 826 1544 847 vocans.
1589 817 1701 856 Neque
1725 817 1810 846 enim
1844 815 1891 845 vel
1918 815 2069 846 nobilitas

1106 856 1140 886 in
1171 856 1234 887 illis
1271 863 1396 896 reperta
1426 864 1489 896 est,
1524 858 1574 890 vel
1606 869 1738 889 numero
1772 858 1982 894 excellebant,
2019 857 2068 888 vel

1107 899 1220 937 quavis
1244 899 1307 930 alia
1332 902 1544 939 praestantia,
1567 912 1624 932 cur
1646 902 1731 941 ipsos
1755 901 1813 931 toti
1836 899 1957 931 mundo
1981 910 2070 940 prae-

1107 941 1215 972 ferret.
1261 942 1436 973 Caeterum
1457 944 1514 975 hoc
1543 944 1674 975 consilio
1698 943 1862 983 singulare
1887 943 1948 973 Dei
1971 943 2068 973 bene-

1106 984 1213 1014 ficium
1235 985 1439 1016 commendat
1452 986 1558 1018 Moses
1582 997 1643 1026 quo
1667 987 1769 1026 magis
1793 985 1989 1016 exhorreant
2008 986 2069 1015 im-

1079 1046 1081 1055 .
1107 1037 1221 1065 puram
1245 1028 1521 1067 commixtionem,
1549 1040 1610 1069 qua
1633 1040 1665 1060 se
1690 1028 1839 1069 gentibus
1863 1027 2028 1068 aequando
2053 1038 2071 1059 a

1106 1075 1196 1099 tanto
1222 1070 1341 1100 honore
1361 1071 1561 1103 excidebant.

1396 1240 1458 1270 EX
1482 1239 1630 1270 LEVIT.
1654 1239 1721 1270 XX
1737 1239 1768 1280 ¹).

1192 1324 1241 1354 25.
1282 1324 1341 1355 Vos
1377 1335 1492 1363 qaoque
1527 1324 1690 1355 discrimen
1724 1324 1816 1363 facite
1845 1324 1923 1354 inter
1950 1324 2070 1354 animal

1106 1367 1255 1397 mundum
1279 1369 1305 1397 et
1328 1367 1532 1403 immzmdum,
1564 1370 1590 1397 et
1613 1367 1692 1397 inter
1714 1377 1799 1397 avem
1828 1367 2021 1397 immundam
2043 1368 2069 1397 et

1106 1410 1263 1445 mundam,
1288 1412 1314 1440 et
1335 1420 1372 1440 ne
1394 1409 1613 1440 abominabiles
1635 1409 1772 1440 reddatis
1800 1410 1923 1439 animas
1953 1411 2068 1440 vestras

1106 1453 1140 1483 in
1164 1452 1354 1483 animalibus
1376 1455 1401 1483 et
1417 1452 1600 1489 volatilibus,
1625 1454 1714 1491 atque
1737 1453 1770 1482 in
1793 1452 1875 1482 omni
1898 1452 1979 1490 quod
1999 1461 2067 1490 rep-

1105 1498 1149 1525 tat
1178 1496 1211 1526 in
1238 1498 1334 1525 terra:
1369 1505 1446 1533 qnae
1473 1495 1619 1534 separavi
1648 1494 1732 1526 vobis
1760 1494 1801 1525 ad
1830 1494 2067 1525 immunditiam.

1106 1538 1156 1568 26.
1182 1538 1284 1569 Eritis
1306 1540 1407 1568 (cutem
1429 1537 1528 1568 sancti
1550 1537 1642 1567 milii:
1672 1538 1745 1575 quia
1776 1539 1900 1567 sanctus
1922 1546 1993 1567 sum
2015 1546 2067 1577 eqo

1107 1581 1230 1616 Ieltova,
1253 1584 1278 1611 et
1301 1580 1445 1619 separari
1467 1590 1518 1611 vos
1541 1590 1560 1610 a
1579 1579 1714 1619 populis,
1738 1583 1771 1610 ut
1793 1579 1897 1610 essetis
1919 1579 1986 1610 mei.

1469 1749 1618 1780 LEVIT.
1642 1749 1702 1780 XI.

1192 1837 1218 1866 1,
1243 1835 1285 1866 Et
1308 1835 1448 1874 loquutus
1478 1837 1519 1865 est
1543 1834 1656 1865 Ielzova
1679 1834 1719 1864 acl
1742 1833 1851 1865 Illosen
1880 1835 1906 1864 et
1929 1833 2067 1872 Alimon,

1103 1879 1226 1910 (licenda
1242 1879 1283 1909 ad
1306 1888 1371 1908 eos:
1404 1878 1432 1908 2.
1448 1877 1627 1916 Loquimini
1640 1876 1682 1907 ad
1696 1876 1778 1915 filios
1791 1876 1900 1913 Israel,
1923 1876 2068 1907 dicendo:

1105 1922 1189 1953 Haec
1212 1924 1282 1952 sunt
1306 1921 1457 1951 anbnalia
1480 1929 1558 1959 quite
1585 1919 1742 1950 comedetis
1771 1929 1807 1949 ez
1835 1918 1974 1949 omnibus
1996 1919 2064 1949 ani-

1077 1985 1078 1990 η
1103 1965 1237 1995 malibus·
1259 1974 1335 2002 quae
1364 1965 1435 1993 sunt
1463 1972 1556 2000 super
1583 1964 1712 1992 terram:
1749 1961 1776 1992 3.
1804 1961 1897 1992 Omne
1921 1961 2063 1992 dividens

1104 2007 1251 2047 unyulam
1275 2009 1299 2036 et
1320 2006 1441 2044 findens
1459 2005 1608 2043 fissuram
1630 2003 1830 2044 unquZarum,
1853 2006 1879 2034 et
1901 2005 2065 2035 ruminans

1104 2052 1181 2081 iuter
1210 2049 1378 2086 animalia,
1407 2048 1486 2079 illud
1507 2047 1671 2078 comedetis.
1718 2046 1746 2076 4.
1778 2046 1992 2077 Verumtamen
2013 2046 2066 2078 hoc

1077 2095 1078 2098 ’
1104 2103 1165 2124 non
1188 2092 1344 2123 comedetis
1366 2101 1402 2121 er
1425 2090 1474 2121 bis
1496 2100 1573 2129 quae
1595 2090 1769 2127 ruminant,
1802 2092 1828 2119 et
1853 2099 1889 2119 ex
1910 2088 1960 2119 la's
1988 2099 2066 2128 quae

1103 2135 1247 2167 dividunt
1262 2134 1417 2173 mamalum,
1441 2132 1595 2169 camelum,
1619 2132 1693 2171 quia
1707 2131 1853 2167 ruminat,
1879 2133 1904 2161 et
1916 2132 2065 2172 ungulam

1105 2179 1168 2218 ipse
1192 2188 1250 2208 non
1273 2177 1400 2208 dividit:
1430 2175 1610 2206 immundus
1632 2175 1690 2205 erit
1718 2173 1809 2204 vobis.
1855 2173 1883 2204 5.
1909 2173 1950 2204 Et
1977 2175 2064 2205 cuni-

1189 2313 1215 2343 1)
1236 2315 1318 2337 Autre
1338 2311 1506 2344 dependence
1532 2309 1661 2335 touchant
1685 2310 1723 2334 les
1748 2310 1836 2334 bestes
1861 2316 1940 2341 pures
1966 2317 1999 2334 ou
2018 2309 2065 2334 im-

1104 2356 1193 2381 pures.
1215 2361 1242 2364 —
1272 2348 1375 2379 Operae
1397 2345 1509 2377 pretium
1535 2344 1650 2373 fortasse
1673 2343 1776 2374 facturi
1802 2350 1893 2368 sumus
1917 2342 2066 2375 adscriptis

1077 2392 1079 2394 ·
1104 2382 1264 2407 animalium
1290 2382 1314 2406 h.
1333 2381 1347 2405 1.
1374 2380 1568 2405 occurrentium
1591 2377 1744 2402 nominibus
1768 2377 1800 2402 de
1818 2378 1914 2409 quibus
1937 2377 1977 2402 vel
1995 2378 2066 2403 inter

1104 2417 1195 2441 doctos
1215 2424 1267 2441 non
1287 2414 1394 2439 omnino
1413 2416 1523 2438 constat.
1559 2412 1623 2437 Leo.
1642 2420 1665 2436 v.
1686 2411 1725 2436 11.
1745 2411 1892 2440 cuniculus,
1920 2411 1943 2435 le
1968 2412 2065 2437 connil.

1104 2459 1126 2476 v.
1141 2450 1187 2475 13:
1207 2450 1333 2483 gryphus,
1345 2448 1461 2480 l'orfray:
1481 2447 1633 2475 haliaeetus,
1653 2446 1795 2478 let'aucon3
1814 2453 1837 2470 v.
1857 2443 1996 2477 14.(Deut.
2009 2445 2065 2477 13):

1104 2486 1172 2517 irtus⁷
1192 2485 1216 2509 le
1236 2484 1358 2515 ηπῶς-ῃ
1386 2482 1482 2509 vultur,
1510 2481 1534 2505 le
1557 2480 1653 2510 milan;
1681 2480 1784 2510 milvus,
1805 2479 1829 2504 le
1848 2480 1937 2503 milau.
1975 2487 1997 2504 v.
2018 2480 2063 2505 16:

1105 2523 1211 2548 noctua,
1231 2519 1256 2543 la
1275 2518 1401 2544 hullott‹·;
1427 2516 1509 2545 larus⁷
1528 2516 1552 2539 le
1572 2522 1642 2539 cocu.
1680 2522 1702 2539 v.
1723 2513 1768 2538 17:
1795 2514 1949 2546 nycticorax
1973 2512 2065 2546 (Dent,

1104 2553 1255 2585 herodius),
1275 2554 1301 2576 la
1319 2552 1456 2576 ebonem:
1476 2549 1622 2581 mergulus,
1647 2548 1670 2572 le
1690 2548 1835 2580 plongeou:
1854 2546 1913 2575 ibis,
1932 2548 1956 2572 le
1975 2548 2064 2574 hibou.

1104 2596 1127 2613 v.
1148 2588 1186 2612 18.
1207 2587 1380 2619 porphyrius,
1401 2585 1424 2609 le
1443 2587 1600 2608 cormorant.
1637 2590 1660 2607 v.
1680 2582 1719 2607 19.
1739 2581 1908 2611 charadrius,
1930 2581 1953 2606 le
1972 2581 2066 2609 heron.

1106 2630 1128 2647 v.
1144 2621 1185 2646 22.
1205 2626 1316 2649 attacus,
1338 2619 1518 2651 ophiomacus,
1533 2617 1661 2645 bruchus;
1679 2618 1722 2641 lnc
1740 2616 1850 2641 nomina
1868 2616 1994 2642 hebraica
2011 2623 2065 2642 ser-

1104 2659 1212 2681 vantur.
1248 2655 1283 2680 In
1302 2654 1412 2686 reliquis
1429 2651 1496 2676 m'ln'l
1514 2654 1608 2676 notatu
1627 2650 1745 2683 ‹qunum

1812 2692 1861 2717 22*
