2304 3034
188 198 248 230 567

194 290 434 322 aestimationem
456 291 542 318 taam
563 285 704 316 manebit.
752 285 801 315 18.
827 283 863 315 Si
892 293 962 315 vero
982 285 1054 323 post
1077 282 1163 314 Iubi-

196 334 295 364 laeum
319 329 535 362 consecraverit
556 338 667 368 aqrum
689 338 791 364 suum,
815 330 879 358 tum
900 326 1079 365 supputabit
1095 335 1163 356 cum

195 386 227 406 eo
248 374 389 405 sacerdos
414 371 581 411 pecuniam
609 370 776 402 secundum
803 379 901 400 annos
926 369 981 408 qui
1006 371 1165 399 remanent

197 428 289 456 usquc
310 417 350 447 ad
375 424 492 446 annum
513 413 664 450 Iubilaei,
695 416 722 444 et
752 412 928 444 detrahetur
955 412 992 442 de
1022 411 1164 442 aestima-

193 461 271 490 tione
299 461 361 489 tua.
408 457 457 488 19.
490 456 527 487 Si·
556 459 659 487 autem
686 455 862 488 redimendo
894 454 1028 485 redimat
1053 463 1165 494 ayrum

195 503 248 541 qai
270 500 455 532 consecravit
473 500 586 538 ipsum,
609 499 700 530 addet
722 499 865 538 quintam
877 499 999 537 partem
1014 497 1165 535 pecuniae

193 543 414 575 aestimationis
441 545 512 573 tuae
538 551 632 580 super
655 551 735 577 eam,
766 543 793 572 et
815 539 948 571 manebit
970 539 1007 570 ei.
1052 539 1103 570 20.
1129 538 1165 570 Si

192 597 260 617 vero
280 596 338 616 non
357 585 519 616 redemerit
540 594 659 624 aqram,
683 586 709 614 et
731 584 759 615 si
781 583 954 614 vendiderit
971 591 1083 622 aqrum
1100 582 1166 612 viro

193 629 296 662 alteri.
326 639 384 659 non
414 627 541 658 redimet
570 627 668 658 ultra:
702 626 753 657 21.
787 625 846 657 Sed
877 625 935 656 erit
964 635 1038 664 aqer
1071 634 1166 664 quum

194 671 363 711 eqrcdictar
381 670 551 707 Iabilaeus,
574 670 723 700 sanctitas
742 669 880 705 1ehovae,
900 668 978 699 sicut
997 677 1070 707 aqer
1088 677 1166 698 ana-

195 714 351 745 theniatis:
381 713 532 744 sacerdoti
562 713 620 743 erit
644 712 801 750 possessio
829 711 906 742 etus.
951 710 1002 741 22.
1034 710 1069 740 Si
1098 720 1167 741 vero

194 766 304 796 (tyrum
326 759 458 795 emptum
477 766 497 786 a
519 765 551 786 se
569 755 623 794 qui
646 765 704 785 non
723 757 789 785 erat
810 754 847 784 de
870 763 945 793 ayro
958 753 1167 793 possessionis

196 810 284 836 suae,
307 798 529 830 consecraverit
551 797 697 829 Iehovae:
725 797 776 828 23.
803 796 889 827 Tunc
917 795 1098 835 supputabit
1118 795 1167 826 illi

196 842 337 873 sacerdos
357 851 519 872 numerum
540 841 765 871 aestimationis
784 842 856 870 tuae
878 848 974 878 usque
992 838 1033 869 ad
1051 847 1168 868 annum

198 884 340 916 [nbilam.
363 884 506 923 dabitque
525 884 769 914 aestimationem
784 885 869 912 tuam
886 882 919 912 in
937 882 987 913 die
1010 880 1062 912 illo
1080 890 1167 911 sanc·

197 929 310 958 litatem
335 926 472 957 Iae‘liovae.
505 926 555 957 24.
581 925 621 956 In
643 936 724 957 armo
748 924 885 956 labicaei'
908 926 1074 955 revertetur
1096 933 1168 964 ayer

198 970 239 1001 ad
260 980 327 1000 cnm
351 980 369 999 a
392 980 451 1009 quo
473 972 586 1000 emerat
608 970 729 1007 ipsum,
752 968 793 999 ad
815 977 885 999 eum
905 967 996 999 cuius
1017 969 1082 998 erat
1098 976 1169 1005 pos-

197 1013 291 1044 sessio
321 1015 429 1043 terrae.
474 1012 523 1043 25.
558 1012 667 1042 Omnis
695 1013 796 1042 autem
826 1010 998 1041 aestimatio
1029 1012 1083 1040 tua
1112 1009 1170 1040 erit

198 1056 364 1087 secundum
377 1055 489 1086 siclum
502 1054 694 1086 sanctuarii:
712 1053 823 1094 viyinti
837 1053 992 1085 obolorum
1007 1055 1052 1083 est
1063 1052 1168 1083 siclus.

456 1224 521 1256 EX
544 1224 709 1256 EODEM
734 1223 911 1255 CAPITE.

286 1311 336 1342 27.
370 1310 405 1341 Si
427 1320 498 1342 vero
519 1310 615 1350 fuerit
638 1321 675 1341 coc
704 1308 894 1340 animalibus
915 1309 1103 1347 immundis,
1126 1319 1171 1339 re-

201 1355 292 1385 dimet
324 1355 410 1384 iuxta
445 1354 689 1384 aestimationem
714 1355 815 1390 tuam,
849 1354 875 1383 et
908 1352 1000 1383 addet
1032 1352 1171 1391 quintam

195 1400 316 1437 partem
341 1397 408 1427 eius
430 1396 511 1426 ultra
534 1406 611 1433 eam,
636 1399 662 1427 et
684 1396 712 1426 si
734 1405 796 1426 non
817 1395 997 1432 redimatur,
1021 1394 1172 1425 vendatur

203 1442 291 1470 iacta
326 1439 572 1470 aestimationem
605 1442 700 1470 tuam.
751 1438 801 1469 28.
835 1437 1052 1469 Verumtamen
1083 1447 1170 1468 omne

201 1482 363 1513 anatliema
387 1482 466 1521 quod
484 1481 668 1513 consecrabit
691 1481 808 1520 aliquis
827 1480 958 1511 Ieliovae
976 1490 1013 1511 eo:
1031 1480 1171 1511 omnibus

202 1536 278 1565 qaae
300 1525 401 1563 habet,
431 1525 468 1555 de
490 1524 664 1555 hominibus
686 1527 713 1555 et
736 1523 940 1560 animalibus,
970 1525 997 1554 et
1026 1523 1063 1554 de
1085 1523 1172 1563 aqris

195 1568 405 1607 possessionis
444 1577 535 1603 suae,
575 1578 636 1598 non
675 1567 820 1598 vendetur
858 1576 953 1605 neque
994 1566 1170 1597 redimetur.

207 1613 300 1641 Umne
323 1611 403 1641 enim
426 1610 590 1641 anatliema
613 1610 764 1641 sanctitas
786 1609 983 1640 sanctitatum
1005 1609 1063 1640 erit
1086 1608 1172 1640 Ieho-

204 1664 264 1685 cae.
295 1654 345 1684 29.
373 1653 466 1684 Omne
489 1653 653 1683 catathema
676 1653 756 1691 quod
775 1652 1000 1683 consecrabitur
1018 1652 1054 1682 de
1076 1651 1172 1683 homi-

204 1697 292 1728 nibus
315 1706 376 1727 non
399 1697 583 1726 redimetur:
606 1695 764 1726 moriendo
786 1695 941 1726 morietur.

291 1784 317 1813 1.
349 1782 512 1821 Loquutus
540 1784 590 1812 cst.
636 1781 709 1812 Hoc
739 1781 843 1820 capite
874 1780 967 1812 docet
990 1780 1115 1817 Moses,
1145 1780 1173 1811 si

206 1829 285 1856 torte
317 1831 389 1855 vota
418 1824 584 1856 commode
614 1824 695 1855 solvi
726 1828 904 1863 nequeant,
935 1823 1095 1863 quomodo
1119 1822 1172 1853 vel

204 1878 265 1908 quo
285 1868 388 1907 pretio
408 1867 633 1898 redimendum
653 1868 695 1898 sit
717 1866 801 1906 quod
821 1866 920 1897 semel
944 1866 1087 1896 oblatum
1111 1866 1173 1896 fuit

205 1911 284 1941 Deo.
332 1911 432 1941 Porro
460 1910 639 1941 notandum
668 1916 716 1941 est
740 1909 820 1940 duas
843 1910 941 1940 fuisse
965 1909 1173 1940 consecrandi

207 1954 328 1993 specics
352 1954 385 1983 in
410 1953 511 1984 veteri
536 1953 661 1992 populo,
687 1963 810 1992 nempe,
835 1952 869 1982 in
892 1952 1065 1982 anathema
1089 1950 1173 1991 quod

209 1996 349 2027 Hebraei
379 2002 495 2027 vocant
524 2002 608 2033 mn,
640 1995 690 2026 vel
720 1996 750 2025 in
780 2005 873 2026 usum
899 1995 1027 2034 templi,
1056 2000 1088 2025 et
1112 1994 1175 2025 alia

208 2040 334 2078 pietatis
359 2039 521 2069 exercitia.
556 2038 742 2069 Anathema
765 2038 835 2068 fieri
859 2038 964 2077 potuit
986 2049 1024 2068 ex
1050 2037 1173 2068 anima-

208 2082 290 2112 libns
318 2081 508 2119 immundis,
538 2086 569 2112 ct
598 2081 670 2111 aliis
701 2081 844 2120 profanis
872 2081 984 2117 rebus,
1016 2080 1111 2112 sicuti
1141 2080 1173 2110 in

209 2126 287 2155 urbe
301 2125 437 2162 Iericho,
460 2130 492 2155 et
511 2124 582 2155 aliis
602 2124 759 2155 similibus
779 2124 936 2163 exemplis
956 2123 1065 2154 videre
1084 2123 1174 2154 licet:

210 2168 263 2198 sed
298 2168 427 2207 proprie
455 2172 531 2199 vota
562 2177 750 2206 nuncupare
779 2167 828 2197 fas
855 2178 917 2197 non
944 2166 1020 2203 fuit,
1051 2166 1111 2196 nisi
1137 2165 1175 2196 de

213 2211 342 2241 bomine
373 2211 421 2240 vel
452 2210 584 2240 animali
615 2209 751 2246 munde,
788 2209 839 2240 vel
869 2209 930 2240 alia
961 2220 994 2240 re
1023 2219 1105 2249 quae
1136 2208 1175 2238 ad

215 2253 270 2284 Dei
291 2253 414 2284 cultum
432 2253 535 2293 aptari
556 2258 674 2292 posset.
706 2252 759 2284 Sic
778 2263 817 2283 ex
841 2252 994 2292 gregibus
1018 2251 1177 2282 vovebant

213 2297 316 2326 hircos
348 2296 397 2326 vel
427 2306 516 2326 oves:
549 2306 588 2326 ex
612 2296 767 2326 armentis
789 2296 887 2326 boves
912 2301 966 2325 aut
989 2294 1118 2330 vitulos,
1143 2298 1178 2324 ut

215 2339 271 2369 Uei
298 2340 431 2373 aratiam
456 2339 488 2368 in
512 2338 726 2369 foecunditate
750 2339 918 2368 sentirent.
950 2337 985 2369 Si
1008 2348 1102 2377 quem
1127 2347 1177 2367 or-

214 2383 320 2412 bitani>-
352 2382 514 2419 taedebat,
549 2381 687 2412 sobolem
718 2391 736 2411 a
766 2382 834 2411 Deo
863 2380 1045 2421 postulans,
1074 2379 1177 2410 filium

215 2426 260 2454 vel
285 2425 381 2454 tiliam
407 2431 478 2455 voto
501 2423 672 2455 offerebat:
697 2435 759 2463 qua
784 2424 907 2454 ratione
921 2423 1063 2459 Samuel,
1088 2426 1177 2453 ante-

214 2479 306 2506 quam
340 2468 370 2497 in
401 2473 492 2497 utero
515 2467 753 2506 conciperetur,
786 2467 855 2497 Deo
880 2467 937 2497 fuit
962 2467 1095 2497 dicatus.
1142 2463 1179 2495 Si

213 2511 260 2539 vui
293 2517 386 2539 nutu-⁴
410 2518 478 2540 erat
502 2510 692 2540 imbecillior
714 2509 835 2547 foetus,
858 2509 910 2540 vel
934 2510 960 2539 si
982 2509 1054 2548 quis
1077 2519 1117 2538 ex
1140 2507 1178 2537 li-

213 2553 296 2582 beris
316 2553 347 2582 in
372 2563 503 2591 gravem
529 2553 675 2583 morbum
700 2552 867 2590 inciderat,
890 2552 939 2583 vel
964 2552 1031 2591 ipse
1054 2555 1123 2582 erat
1145 2549 1179 2580 in

215 2596 320 2633 aliqum
341 2594 534 2631 discrimine,
559 2596 657 2625 moris
682 2602 751 2625 erat
774 2595 812 2625 ad
838 2600 915 2626 vota
938 2595 1120 2634 confugere,
1144 2598 1180 2623 ut

219 2639 303 2667 1)·ἰι-
323 2638 406 2676 «sumi
427 2639 486 2669 sibi
508 2638 650 2669 dicatum
671 2644 748 2675 crat,
772 2643 927 2669 tueretur.
960 2637 1026 2668 Nec
1045 2635 1179 2667 dubium

911 189 1121 222 TERTIUM
1143 188 1466 221 PRAEOEPTUM.

2121 187 2184 220 568

1215 288 1265 314 est
1295 283 1374 323 quin
1397 292 1566 322 perperam
1590 282 1684 313 multi
1708 281 1747 313 ad
1771 281 1912 321 ineptias
1935 281 2078 322 prolapsi
2101 282 2185 314 sint:

1214 337 1297 366 quae
1320 326 1399 357 vitia
1422 325 1467 357 sic
1490 325 1643 356 toleravit
1665 324 1773 362 Deus,
1796 330 1831 355 ut
1854 334 1906 355 res
1928 324 1998 364 ipsa
2020 333 2092 356 cum
2114 325 2186 366 lege

1215 379 1280 400 non
1309 374 1478 409 pugnaret.
1522 368 1625 399 Porro
1655 367 1729 407 quia
1760 377 1856 407 saepe
1884 367 2043 408 contingit
2073 372 2108 398 ut
2130 368 2185 408 qui

1217 416 1365 443 votorum
1390 410 1534 442 damnati
1559 416 1653 446 sunt,
1677 413 1801 440 mutato
1824 409 1968 447 consilio,
1992 409 2032 440 ad
2056 409 2185 441 solven-

1216 453 1293 485 dum
1323 454 1431 485 minus
1461 454 1527 484 sint
1556 452 1678 484 alacres
1702 463 1738 483 ac
1760 452 1920 492 prompti,
1948 452 2013 483 imo
2036 462 2131 493 aegre
2153 457 2186 484 et

1216 497 1311 528 inviti
1332 506 1401 528 sese
1420 496 1575 527 liberent:
1595 499 1630 526 ut
1649 494 1853 526 voluntariae
1871 501 1979 526 essent
1997 494 2185 534 oblationes,

1216 539 1307 570 Deus
1325 539 1428 579 pretio
1447 538 1522 570 dato
1541 538 1700 569 redimere
1718 538 1865 577 permisit
1887 536 1972 578 quod
1990 538 2185 578 promissum

1217 586 1296 613 erat.
1328 581 1484 622 Imposito
1508 585 1615 612 autem
1643 581 1760 620 pretio,
1789 580 1882 620 quasi
1908 580 2028 612 mulcta
2053 580 2185 620 indicta,

1218 625 1384 656 temeritas
1407 628 1551 656 correcta
1573 624 1650 658 fuit,
1672 628 1704 654 et
1726 623 1759 653 in
1783 628 1949 663 posterum
1972 624 2118 654 fraenata
2140 624 2185 655 le-

1219 667 1318 699 vitas:
1351 672 1386 698 ut
1416 672 1491 698 ante
1519 671 1709 706 conceptum
1733 670 1843 697 votum
1867 666 1966 706 probe
1988 666 2186 697 meditaren-

1218 715 1272 741 tur
1301 710 1377 750 quid
1408 709 1526 740 facturi
1554 714 1677 745 essent,
1702 719 1742 739 ne
1765 708 1939 740 molestum
1962 708 2078 740 deinde
2101 712 2187 740 esset

1218 753 1387 792 promissis
1421 759 1516 783 stare.
1570 751 1756 782 Notandum
1786 761 1882 791 porro
1910 755 1957 783 est
1988 756 2058 783 rata
2085 750 2186 783 fuisse

1219 800 1305 833 vota,
1329 806 1392 826 non
1411 795 1486 835 quia
1504 796 1631 835 penitus
1644 793 1715 825 Deo
1734 793 1907 834 placerent,
1926 794 1981 825 sed
2000 805 2042 825 ne
2060 804 2186 826 assues-

1219 843 1306 869 ceret
1325 838 1463 879 populus
1482 837 1521 868 ad
1544 838 1678 877 impium
1704 837 1772 868 eius
1795 842 2024 877 contemptum,
2048 838 2074 867 si
2097 836 2186 869 frau-

1219 880 1312 912 dator
1330 882 1463 921 impnne
1486 881 1556 911 Deo
1578 884 1713 920 negaret
1735 880 1817 919 quod
1842 880 2042 920 promiserat.
2075 879 2186 911 Primo

1220 923 1288 964 agit
1304 924 1411 955 Moses
1435 923 1474 954 de
1496 923 1642 963 personis
1665 929 1696 953 et
1719 923 1897 954 masculum
1923 923 2073 954 aestimat
2092 923 2186 963 quin-

1220 966 1374 1007 quaginta
1400 966 1486 998 siclis
1509 965 1686 997 sanctuarii
1709 964 1749 996 ab
1773 965 1867 996 annis
1890 965 2006 1006 viginti
2030 966 2070 997 ab
2093 976 2186 997 sexa-

1221 1010 1327 1049 ginta:
1351 1009 1501 1049 quoniam
1521 1007 1602 1039 illud
1621 1014 1669 1039 est
1688 1008 1894 1048 praecipuum
1915 1008 2030 1039 aetatis
2049 1012 2186 1049 tempus,

1221 1062 1283 1091 quo
1312 1052 1401 1083 utilis
1430 1062 1498 1082 esse
1529 1056 1634 1091 potest
1663 1050 1831 1081 hominnm
1862 1061 1969 1091 opera.
2013 1051 2187 1083 Feminam

1221 1095 1371 1126 aestimat
1383 1094 1518 1134 triginta
1531 1094 1633 1125 siclis:
1647 1094 1723 1133 quia
1742 1099 1778 1124 ut
1791 1094 1968 1133 plurimum
1980 1095 2089 1125 minus
2102 1095 2187 1126 fruc-

1221 1142 1272 1168 tus
1292 1137 1470 1178 percipitur
1489 1148 1527 1167 ex
1547 1136 1668 1167 femina
1686 1147 1784 1176 quam
1804 1137 1957 1168 masculo.
1990 1136 2188 1177 Quanquam

1223 1188 1329 1211 autem
1360 1180 1430 1211 fieri
1454 1183 1560 1220 potest
1584 1183 1619 1210 ut
1640 1179 1781 1210 feminae
1805 1179 1963 1219 quaedam
1988 1180 2068 1211 viris
2091 1180 2188 1221 longe

1223 1227 1400 1263 praestent,
1433 1221 1522 1263 (quia
1555 1221 1718 1253 interdum
1757 1223 1966 1262 reperiuntur
1998 1222 2187 1261 industriae,

1223 1265 1416 1306 prudentes,
1439 1265 1588 1297 cordatae
1610 1265 1766 1302 feminae,
1790 1271 1823 1296 et
1846 1264 1886 1296 ad
1908 1265 2076 1296 ferendum
2099 1265 2187 1297 labo-

1222 1319 1289 1339 rem
1314 1309 1478 1339 robustae:
1507 1308 1570 1339 viri
1594 1312 1702 1338 autem
1732 1308 1858 1348 ignavi,
1882 1307 1990 1345 bardi,
2013 1309 2133 1339 inertes
2155 1312 2188 1339 et

1223 1350 1349 1392 molles)
1363 1351 1413 1381 lex
1427 1356 1536 1381 tamen
1557 1351 1736 1381 communis
1754 1350 1890 1382 ferenda
1908 1351 1976 1389 fuit,
1996 1351 2072 1390 quia
2090 1351 2188 1382 nimis

1223 1393 1352 1425 difficile
1365 1393 1479 1424 fuisset
1494 1403 1640 1431 examen,
1664 1394 1690 1424 si
1709 1393 1830 1434 singuli
1850 1403 1907 1433 pro
1927 1393 1993 1425 suis
2012 1394 2189 1425 virtutibus

1224 1436 1417 1468 aestimandi
1447 1440 1568 1467 essent:
1596 1436 1682 1467 Deus
1710 1447 1787 1476 ergo
1817 1442 1929 1467 exacte
1960 1446 2025 1467 non
2048 1436 2189 1468 attendit

1224 1480 1262 1510 ad
1283 1479 1435 1519 cuiusque
1454 1479 1617 1515 meritum,
1641 1478 1696 1509 sed
1720 1479 1848 1519 vulgari
1871 1479 1995 1510 ratione
2018 1483 2190 1511 contentus

1223 1522 1294 1553 fuit.
1339 1521 1466 1553 Deinde
1501 1521 1657 1562 praecipit
1691 1521 1730 1552 de
1765 1522 1882 1552 minori
1915 1526 2023 1553 aetate
2053 1532 2071 1553 a
2097 1522 2190 1562 quin-

1224 1565 1362 1606 quennio
1394 1575 1493 1604 usque
1522 1564 1561 1594 ad
1595 1575 1717 1595 annum
1746 1565 1951 1602 vicesimum,
1986 1569 2018 1596 et
2046 1565 2190 1596 masculo

1224 1608 1353 1648 quidem
1372 1607 1488 1638 indicit
1510 1606 1627 1647 viginti
1653 1607 1764 1644 siclos,
1795 1608 1937 1639 feminae
1969 1618 2045 1639 vero
2068 1607 2189 1640 decem.

1224 1651 1341 1682 Postea
1371 1650 1411 1681 ad
1434 1650 1574 1680 infantes
1599 1649 1780 1687 descendit,
1811 1654 1843 1681 et
1866 1651 1899 1681 in
1924 1650 2069 1682 masculo
2093 1651 2190 1682 unius

1224 1693 1345 1724 mensis
1380 1691 1421 1723 ad
1454 1693 1693 1732 quinquennem
1731 1693 1871 1732 pretinm
1903 1693 2018 1724 statuit
2046 1693 2190 1734 quinque

1224 1736 1326 1773 siclos,
1350 1740 1416 1766 tres
1438 1740 1547 1766 autem
1571 1735 1603 1765 in
1627 1735 1756 1766 femina.
1802 1735 1927 1773 Quarto
1949 1736 2018 1767 loco
2041 1736 2192 1767 aestimat

1225 1789 1278 1810 eos
1307 1779 1362 1818 qui
1392 1778 1614 1817 sexagenariis
1644 1783 1720 1809 sunt
1748 1778 1902 1815 maiores,
1933 1789 2051 1819 nempe
2082 1780 2190 1810 virum

1225 1821 1405 1862 quindecim
1428 1821 1530 1857 siclis,
1562 1821 1716 1851 feminam
1741 1820 1867 1852 decem:
1894 1822 1969 1861 quia
1992 1822 2118 1853 senium
2143 1822 2192 1853 vi-

1225 1875 1333 1905 gorem
1365 1870 1430 1894 tam
1462 1864 1604 1903 corporis
1627 1873 1722 1902 qnam
1748 1864 1847 1894 animi
1871 1864 2034 1902 debilitat,
2058 1870 2090 1895 et
2112 1875 2193 1905 pau-

1225 1908 1326 1938 latum
1355 1907 1523 1938 consumit.
1569 1905 1693 1944 Quinto
1716 1906 1785 1937 loco
1809 1906 1939 1937 additur
1962 1907 2122 1948 exceptio,
2152 1917 2193 1938 ne

1225 1955 1353 1991 praeter
1382 1959 1457 1980 suae
1488 1948 1654 1979 tenuitatis
1678 1949 1844 1979 modulum
1868 1954 2049 1989 graventur
2071 1960 2193 1990 paupe-

1226 2003 1286 2031 res,
1309 1999 1345 2023 ut
1367 1991 1515 2023 sacerdos
1538 1998 1694 2031 quantum
1720 1991 1883 2022 videbitur
1906 2002 1945 2022 ex
1970 1993 2075 2032 pretio
2099 1992 2193 2023 dimi—

1226 2039 1314 2067 nuat.
1359 2034 1552 2074 Quanquam
1582 2034 1659 2065 haec
1688 2034 1785 2064 ctiam
1809 2035 1985 2066 moderatio
2006 2035 2111 2066 locum
2135 2035 2193 2065 ha—

1228 2079 1298 2110 buit
1316 2078 1348 2108 in
1368 2077 1531 2114 divitibus,
1554 2077 1581 2108 si
1601 2087 1772 2108 commune
1791 2077 1931 2116 pretium
1951 2088 2015 2108 non
2039 2082 2193 2117 aequaret

1228 2121 1283 2161 qui
1315 2119 1523 2152 redimendus
1553 2124 1638 2150 erat:
1662 2120 1857 2159 pauperibus
1881 2125 1990 2151 tamen
2015 2120 2121 2151 Deum
2140 2120 2194 2151 hic

1228 2163 1432 2205 peculiariter
1450 2162 1617 2193 consulere
1637 2172 1676 2192 ex
1701 2161 1808 2192 verbis
1832 2167 1982 2202 apparet:
2006 2162 2193 2194 Secundum

1229 2206 1312 2246 quod
1349 2204 1567 2246 apprehendet
1598 2215 1713 2235 manns
1742 2206 1906 2236 voventis:
1943 2215 2006 2245 qna
2035 2206 2194 2245 particula

1229 2250 1310 2281 solet
1332 2249 1439 2280 Moses
1467 2247 1625 2279 defectum
1646 2247 1698 2278 vel
1721 2248 1865 2287 inopiam
1889 2252 2015 2286 notare,
2044 2249 2119 2288 quia
2141 2259 2194 2280 co-

1230 2293 1281 2333 pia
1311 2292 1422 2332 egenis
1449 2290 1503 2321 vel
1532 2289 1684 2321 tenuibus
1715 2301 1772 2329 pro
1796 2290 1930 2321 arbitrio
1953 2301 2017 2322 non
2039 2291 2194 2331 suppetit.

1316 2336 1364 2365 11.
1391 2333 1426 2365 Si
1450 2336 1551 2364 autem
1571 2332 1668 2371 fuerit
1690 2333 1840 2371 quodlibet
1858 2333 1986 2364 animal.
2030 2333 2125 2365 Nunc
2148 2344 2195 2365 se-

1230 2377 1334 2409 cundo
1364 2377 1431 2408 loco
1462 2375 1501 2406 de
1532 2376 1635 2406 brutis
1657 2376 1851 2407 animalibus
1873 2376 1942 2416 agit
1965 2376 2089 2407 Moses:
2113 2387 2194 2416 quae

1230 2421 1257 2452 si
1281 2426 1355 2460 apta
1377 2420 1442 2450 sint
1465 2419 1629 2449 sacrificiis
1652 2419 1786 2449 mactari
1810 2419 1868 2449 sibi
1884 2419 1972 2449 Deus
1996 2419 2092 2450 iubet.
2126 2419 2195 2450 Nec

1231 2468 1340 2494 votum
1363 2462 1482 2492 mutari
1507 2461 1637 2500 patitur.
1684 2461 1778 2500 Quod
1802 2462 1827 2492 si
1852 2461 1966 2492 mutila
1989 2463 2117 2499 fuerint,
2141 2462 2195 2493 vel

1230 2504 1404 2541 immunda,
1429 2504 1532 2543 legem
1551 2503 1728 2534 redimendi
1753 2504 1848 2543 ponit.
1887 2504 1950 2535 Sed
1975 2504 2026 2535 hic
2048 2505 2196 2536 exoritur

1231 2548 1387 2588 quaestio,
1415 2546 1572 2587 quomodo
1604 2557 1720 2577 vovero
1748 2546 1875 2577 licuerit
1904 2558 1985 2586 qnae
2016 2547 2106 2579 Deus
2135 2547 2195 2578 sibi

1232 2591 1340 2623 offerri
1379 2593 1543 2627 vetuerat,
1579 2589 1721 2628 adeoque
1759 2589 1970 2629 prohibuerat
1999 2589 2038 2620 ab
2065 2600 2193 2622 accessu

1232 2633 1342 2673 templi
1367 2638 1521 2671 tanquam
1546 2632 1720 2662 immunda.
1755 2633 1852 2663 Certo
1875 2633 1900 2663 si
1925 2633 1975 2664 cui
1996 2633 2029 2663 in
2053 2637 2194 2664 mentem
