2304 3034
197 200 260 231 675

194 293 254 324 lini
283 298 390 322 essent
420 290 453 319 in
481 290 647 328 Aegypto,
677 285 879 326 indiguerint
907 284 1014 316 aliena
1042 285 1169 317 miseri-

197 334 315 368 cordia.

508 475 574 506 EX
597 474 747 506 LEVIT.
767 473 865 504 XIX.

283 545 333 576 35.
371 545 442 576 Non
463 543 586 583 facietis
612 543 809 582 iniquitatem
840 542 874 572 in
904 541 1036 579 iudicio,
1066 542 1098 572 in
1125 541 1169 572 di—

197 589 364 625 mensione,
397 588 427 618 ἰιι
445 587 580 626 pondere
603 588 629 616 et
653 595 808 616 mensura.
853 584 904 615 36.
931 584 1052 616 Statera
1076 584 1168 623 iusta,

193 632 336 672 pondera
361 631 452 668 iusta,
479 629 557 669 epha
580 629 706 667 iustum,
737 631 763 659 et
784 627 838 658 lein
860 628 978 658 iustum
1000 627 1058 659 erit
1078 627 1169 658 vobis.

507 772 571 803 EX
594 771 727 803 DEUT.
751 770 857 802 XXV.

287 843 334 873 13.
371 841 441 872 Xon
461 841 521 871 erit
542 840 597 871 tibi
628 841 662 871 in
690 840 811 871 sacculo
833 842 882 871 tuo
898 841 1025 879 pondus
1048 844 1074 872 et
1090 851 1170 880 pon-

199 886 276 918 dus.
299 886 403 916 maius
421 887 446 915 et
469 884 588 914 mimis:
612 883 660 913 14.
698 883 766 913 Non
793 883 853 914 erit
874 883 928 914 tibi
954 884 985 914 in
1008 884 1094 915 domo
1117 887 1171 916 tua

197 929 320 960 modius
343 930 368 958 et
391 927 521 964 modias,
545 927 645 957 maior
667 928 692 957 et
714 926 825 957 minor.
873 926 920 957 15.
960 926 1088 958 Pondus
1100 938 1173 966 per-

197 973 310 1013 fectum
332 973 359 1002 et
384 971 498 1001 iustam
520 970 577 1000 erit
600 969 671 1005 tibi,
702 969 825 1000 modias
840 969 999 1008 perfectus
1023 972 1049 1000 et
1070 970 1172 1001 iustus

200 1015 256 1046 erit
286 1014 356 1051 tibi,
388 1015 419 1043 at
437 1022 584 1052 proroyes
607 1012 672 1042 dies
716 1014 785 1042 tuos
814 1022 907 1051 saper
935 1013 1048 1043 terram
1078 1023 1171 1052 quam

200 1057 312 1088 lehara
346 1055 435 1086 Dens
469 1058 542 1086 taus
576 1055 628 1086 dat
669 1054 732 1085 tibi.
781 1054 830 1086 16.
872 1055 954 1094 Quia
987 1055 1172 1087 abominatio

201 1100 330 1131 Ielzorae
355 1098 417 1130 Dei
450 1098 497 1129 tui
518 1100 561 1128 est
583 1098 757 1137 quicunque
777 1098 854 1136 facit
876 1097 963 1136 haee,
994 1099 1094 1130 omnis
1121 1099 1170 1138 fa—

197 1144 279 1174 ciens
305 1142 507 1181 iniquitatem.

284 1227 394 1259 Levit.
430 1227 478 1263 19,
520 1226 570 1258 35.
615 1226 685 1257 Non
724 1226 846 1265 facietis
884 1226 1088 1265 iniquitatem.
1134 1225 1171 1258 Si

199 1270 353 1302 iudicium
377 1270 489 1301 stricte
517 1269 667 1309 accipias,
696 1269 833 1308 speciale
863 1269 923 1299 erit
952 1274 1170 1309 praeceptum,

198 1319 234 1345 ut
258 1313 381 1344 iudices
404 1313 543 1343 fideliter
566 1312 680 1352 cuique
702 1312 752 1343 ius
776 1322 871 1343 suum
896 1311 1042 1348 reddant,
1067 1322 1170 1352 neque

199 1363 349 1389 evertant
372 1355 472 1387 bonas
495 1366 609 1387 causas
632 1355 743 1385 favore
770 1355 818 1386 vel
842 1355 923 1386 odio.
948 1355 1070 1385 Verum
1095 1355 1170 1394 quia

201 1410 318 1431 nomen
351 1405 451 1432 ΕΞῐ-ῖή
486 1410 543 1438 pro
578 1398 770 1429 rectitudine
805 1408 900 1437 saepe
934 1398 1077 1438 eapitur,
1106 1408 1169 1428 non

200 1442 284 1474 male
308 1442 489 1479 conveniet,
513 1442 548 1472 in
572 1451 690 1482 genere
715 1441 863 1472 damnari
886 1451 998 1472 omnes
1019 1440 1170 1480 iniquita-

200 1492 248 1517 tes
288 1485 469 1525 integritati
504 1484 700 1515 contrarias:
736 1483 853 1514 deinde
891 1483 931 1515 ad
965 1483 1087 1523 species
1116 1483 1170 1514 de-

201 1528 320 1563 scendi,
345 1539 424 1568 quas
444 1527 545 1558 altero
559 1527 628 1559 loco
652 1528 873 1566 prosequitur:
897 1526 953 1557 ubi
973 1526 1060 1557 furta
1083 1536 1170 1557 com-

201 1577 360 1603 memorat
384 1582 460 1611 prae
485 1570 554 1601 aliis
579 1570 720 1601 maxime
740 1570 846 1605 noxia,
870 1574 902 1600 et
923 1579 1003 1609 quae
1031 1579 1170 1600 crassam

200 1614 320 1655 publici
343 1615 422 1645 iuris
446 1614 655 1645 violationem
678 1623 787 1644 seeum
810 1612 954 1643 trahant.
1000 1611 1171 1651 Corruptio

203 1658 288 1689 enim
319 1668 399 1697 quae
431 1656 470 1688 ad
495 1655 671 1687 evertenda
694 1655 813 1687 iudicia
838 1655 941 1686 tendit
967 1655 1015 1686 vel
1040 1655 1169 1686 rectitu-

203 1700 311 1731 dinem
338 1699 582 1742 [labefactanda
607 1703 791 1730 contractus
815 1709 927 1730 omnes
950 1697 1068 1739 vitiat]‚
1091 1696 1172 1728 nihil

204 1743 359 1783 relinquit
389 1743 530 1775 salvum:
561 1742 685 1773 falsitas
715 1747 822 1772 autem
853 1741 888 1772 in
917 1741 1110 1781 ponderibus
1141 1744 1172 1770 et

204 1786 366 1817 mensuris
385 1796 498 1816 omnes
516 1785 677 1826 legitimas
696 1783 909 1816 contrahendi
929 1784 1071 1815 rationes
1089 1782 1174 1814 tollit

207 1836 237 1861 et
260 1829 375 1860 abolet.
400 1829 502 1860 Porro
525 1835 677 1868 corrupto
701 1827 864 1858 vendendi
888 1831 919 1858 et
942 1826 1070 1858 emendi
1092 1826 1172 1862 iure,

207 1872 442 1912 quodammodo
455 1871 631 1911 dissipatur
650 1870 819 1901 hominum
840 1871 984 1906 societas,
1006 1873 1040 1900 ut
1058 1878 1172 1908 parum

207 1916 336 1946 differat
364 1915 418 1954 qui
449 1916 481 1945 in
514 1914 709 1954 aequalitate
738 1913 890 1954 ponderis
920 1913 971 1944 vel
1003 1921 1174 1942 mensurae

208 1958 306 1996 fallit,
340 1957 380 1988 ab
414 1968 449 1988 eo
484 1959 536 1997 qui
578 1956 732 1997 supponit
774 1966 922 1986 nummos
963 1954 1172 1986 adulterinos

208 2001 316 2040 Quare
357 2001 443 2031 inter
488 2000 634 2031 falsarios
674 2004 867 2030 numeratur
908 1998 962 2038 qui
1004 2007 1173 2028 mensuras

208 2044 334 2084 publice
357 2043 526 2083 probatas,
551 2043 634 2080 vini,
658 2042 831 2079 frumenti,
857 2041 907 2072 vel
936 2041 982 2072 rei
1005 2039 1176 2072 cuiuslibet

208 2087 403 2126 corruperit,
430 2087 497 2117 sive
524 2091 650 2125 emptor
673 2085 741 2115 sive
771 2084 929 2115 venditor.
976 2085 1023 2115 Ac
1052 2082 1085 2113 in
1116 2081 1174 2112 du-

210 2130 297 2170 plum
329 2129 457 2169 quidem
492 2128 616 2169 legibus
649 2128 808 2158 Romanis
840 2127 1027 2157 damnatur:
1061 2135 1176 2156 verum

211 2173 338 2204 decreto
361 2182 418 2203 suo
444 2172 609 2202 Adrianus
633 2172 665 2201 in
689 2171 829 2201 insulam
853 2170 975 2210 relegat
989 2168 1021 2210 ¹).
1067 2167 1177 2206 Quare

211 2226 273 2246 non
295 2215 351 2246 abs
370 2225 404 2246 re
424 2215 540 2245 iterum
562 2213 698 2244 eandem
711 2213 906 2245 sententiam
920 2211 1035 2252 repetit
1049 2210 1178 2241 Solomo

212 2258 321 2298 (Prov.
345 2258 402 2295 20,
430 2257 496 2299 10),
521 2268 584 2297 quo
605 2256 721 2288 melius
739 2267 809 2287 cam
835 2255 953 2295 defigat
976 2255 1008 2284 in
1033 2253 1176 2285 omnium

212 2300 370 2332 cordibus.
416 2300 487 2331 Etsi
519 2305 626 2330 autem
658 2299 757 2339 pestis
784 2299 863 2330 haec
887 2297 1020 2328 minime
1044 2295 1178 2326 ferenda

213 2351 275 2379 est,
308 2343 362 2374 sed
387 2344 503 2374 acriter
530 2342 745 2379 vendicanda,
778 2341 866 2372 Deus
897 2346 1020 2377 tamen,
1051 2337 1177 2369 etiamsi

211 2392 339 2417 cessent
358 2386 466 2426 legum
486 2396 615 2426 poenae,
636 2386 847 2416 conscientias
868 2385 906 2414 ad
923 2381 1063 2413 tribunal
1083 2390 1177 2412 suum
1203 2404 1204 2410 ,

212 2435 357 2460 revocat:
390 2429 486 2468 idque
528 2434 593 2459 tam
628 2427 846 2467 promittendo
880 2436 976 2465 quam
1015 2423 1177 2454 minando.
1204 2460 1205 2465 1

213 2471 345 2502 Pondus
373 2482 527 2511 aequum,
562 2472 680 2511 inquit,
715 2478 746 2501 et
777 2471 861 2500 iusta
890 2477 1040 2499 mensura
1069 2475 1178 2506 proro-

214 2515 334 2554 gabunt
366 2515 488 2545 homini
520 2515 635 2544 vitam:
671 2514 723 2553 qui
756 2524 833 2543 vcro
862 2512 895 2542 in
926 2510 976 2541 his
1010 2509 1179 2548 deceperit,

215 2557 409 2587 abominatio
433 2563 481 2587 est
504 2567 609 2588 coram
634 2567 693 2587 me.
736 2554 916 2595 Improprie
935 2552 1062 2593 quidem
1087 2551 1180 2581 iustis

303 2652 328 2682 1)
350 2651 491 2676 Modestin.
511 2651 544 2675 ud
563 2651 648 2683 legem
669 2649 745 2674 Corn.
766 2649 798 2673 de
817 2648 897 2673 falsis.

909 191 1134 224 OOTAVUM
1157 192 1478 224 PRAECEPTUM.

2125 191 2188 222 676

1220 286 1416 327 ponderibus
1433 292 1464 317 et
1480 286 1640 317 mensuris
1659 283 1852 315 adscribitur
1870 283 1956 314 vitae
1975 283 2188 318 diuturnitas:

1221 329 1277 360 sed
1301 330 1374 369 quia
1397 330 1488 360 avari
1511 329 1646 368 impium
1670 327 1795 358 lucrum
1820 326 1995 365 captando,
2022 327 2117 360 nimis
2140 333 2187 359 at-

1223 373 1305 403 tenti
1329 378 1407 403 sunt
1435 371 1474 403 ad
1498 371 1651 403 caducam
1676 370 1760 400 hanc
1790 369 1909 404 vitam,
1934 368 2025 400 Deus
2047 374 2084 400 ut
2114 381 2188 403 suos

1222 425 1240 446 a
1258 425 1351 446 caeca
1370 414 1426 445 illa
1444 420 1475 445 et
1495 413 1661 454 praecipiti
1680 412 1856 452 cupiditate
1876 412 2035 450 retrahat,
2058 412 2187 453 longam

1222 458 1323 489 vitam
1342 457 1510 497 promittit,
1534 458 1560 487 si
1583 467 1601 487 a
1620 455 1691 486 dolo
1715 455 1799 485 malo
1823 460 1854 484 et
1878 465 2029 495 perverso
2053 461 2189 494 quaestu

1222 501 1281 531 sibi
1313 507 1456 531 caveant.
1514 500 1686 530 Caeterum
1716 508 1755 528 ex
1784 498 1847 528 fine
1874 498 2095 537 cognoscitur,
2124 509 2189 530 non

1223 543 1316 574 modo
1344 544 1377 574 in
1408 554 1471 574 nna
1501 543 1561 573 hac
1584 546 1689 581 parte,
1721 539 1778 571 sed
1806 540 1841 570 in
1874 539 2020 571 omnibus
2051 541 2190 581 negotiis

1222 586 1367 616 damnari
1392 585 1535 616 fallacias
1553 594 1665 615 omnes
1684 583 1800 622 quibus
1822 583 1962 622 proximi
1985 582 2189 616 fraudantur.

1224 629 1399 668 Postquam
1433 629 1519 659 enim
1554 627 1636 657 dixit
1669 625 1775 656 Deum
1811 625 1990 656 abominari
2023 626 2077 666 qui
2110 625 2191 658 haec

1222 672 1359 707 faciunt,
1393 682 1467 702 mox
1502 669 1683 710 explicandi
1722 678 1818 699 causa
1845 667 1989 699 subiicit:
2035 668 2190 709 Quisquis

1222 714 1296 746 facit
1319 715 1533 754 iniquitatem.
1575 711 1732 743 Videmus
1756 721 1841 751 ergo,
1865 716 1900 742 ut
1923 711 2017 742 malis
2040 712 2190 744 omnibus

1222 762 1254 788 et
1276 757 1398 788 illicitis
1422 756 1567 788 lucrandi
1591 755 1714 786 artibus
1737 759 1892 786 occurrat.

1538 935 1601 965 EX
1627 934 1759 966 DEUT.
1783 933 1874 965 XIX.

1310 1022 1359 1053 14.
1396 1021 1467 1052 Non
1489 1020 1659 1059 transferes
1688 1019 1853 1050 terminum
1870 1019 2014 1058 prozimi
2035 1018 2083 1049 tai
2103 1028 2192 1058 quem

1220 1065 1358 1104 finierint
1380 1065 1515 1095 maiores
1535 1064 1568 1094 in
1591 1062 1777 1094 haereditate
1798 1065 1861 1099 tua,
1884 1071 1977 1102 quam
2005 1061 2193 1093 haereditate

1223 1108 1356 1147 accipies
1380 1108 1410 1138 in
1434 1110 1516 1138 terra
1538 1116 1632 1145 qaam
1655 1104 1769 1137 Iehova
1791 1104 1881 1136 Deus
1910 1106 1982 1135 tuus
2001 1104 2055 1136 dat
2083 1103 2138 1135 tibi
2159 1106 2194 1136 ut

1218 1150 1383 1190 possideas
1405 1160 1481 1181 eam.

1308 1236 1371 1267 Hic
1395 1236 1567 1267 damnatur
1590 1234 1668 1265 furti
1689 1244 1792 1274 genus
1818 1232 1902 1273 quod
1931 1242 2044 1264 severe
2073 1232 2193 1264 Roma-

1224 1279 1274 1310 nis
1305 1278 1429 1319 legibus
1460 1277 1659 1309 vindicatum
1685 1283 1742 1308 est.
1787 1276 1871 1307 Nam
1896 1282 1931 1306 ut
1953 1280 2042 1306 certa
2064 1276 2106 1307 sit
2129 1275 2193 1306 cui-

1224 1333 1284 1362 que
1314 1333 1371 1353 sua
1397 1321 1567 1361 possessio,
1598 1320 1752 1351 terminos
1777 1318 1927 1350 finiendis
1955 1318 2042 1359 agris
2071 1319 2193 1358 positos

1223 1375 1355 1396 manere
1388 1365 1524 1395 intactos
1554 1368 1695 1403 oportet,
1731 1373 1767 1394 ae
1794 1362 1820 1393 si
1854 1361 1936 1393 sacri
1962 1366 2080 1392 essent.
2126 1360 2192 1400 Qui

1224 1408 1397 1438 terminum
1417 1406 1638 1438 fraudulenter
1656 1405 1777 1443 avellit,
1797 1405 1856 1436 hoc
1880 1414 1945 1435 uno
1963 1404 2095 1435 sceleris
2113 1403 2193 1435 satis

1223 1451 1392 1482 convictus
1415 1456 1476 1486 est,
1508 1448 1591 1489 quod
1622 1448 1790 1479 dominum
1810 1447 1994 1488 legitimum
2017 1457 2058 1477 ex
2082 1447 2190 1487 quieta

1224 1493 1295 1534 agri
1318 1493 1516 1533 possessione
1540 1492 1705 1523 deturbat:
1732 1491 1786 1530 qui
1818 1501 1893 1521 vero
1923 1495 2025 1521 metas
2049 1490 2119 1531 agri
2141 1488 2193 1520 sui

1224 1546 1297 1567 cum
1332 1536 1465 1567 alterius
1499 1534 1667 1575 dispendio
1705 1534 1834 1574 longius
1875 1531 2036 1573 producit,
2070 1533 2192 1564 crimen

1224 1578 1383 1619 duplicat,
1425 1578 1564 1609 falsitate
1604 1578 1726 1608 furtum
1767 1576 1915 1617 tegendo.
1964 1575 2057 1607 Unde
2095 1575 2193 1606 etiam

1224 1621 1404 1662 colligitur,
1439 1622 1524 1652 fures
1558 1631 1628 1652 esse
1656 1630 1722 1651 non
1751 1619 1846 1650 modo
1872 1619 1925 1659 qui
1954 1629 2022 1649 rem
2054 1618 2193 1649 alienam

1224 1675 1321 1695 manu
1345 1665 1510 1701 auferunt,
1537 1663 1593 1703 qui
1618 1663 1787 1704 pecuniam
1811 1661 1932 1693 tollunt
1957 1672 1998 1692 ex
2021 1671 2113 1699 arca,
2141 1660 2193 1692 vel

1223 1718 1264 1738 ex
1288 1707 1377 1738 cellis
1399 1716 1430 1738 et
1453 1706 1577 1738 horreis
1600 1705 1813 1746 praedantur,
1839 1704 1895 1736 sed
1918 1705 2017 1735 etiam
2040 1704 2095 1744 qui
2117 1703 2193 1734 fun-

1225 1750 1280 1781 dos
1303 1750 1424 1781 alienos
1446 1750 1566 1781 iniuste
1589 1753 1759 1789 occupant.

1523 1936 1588 1968 EX
1610 1935 1759 1968 EXODI
1784 1935 1896 1966 XXII.

1311 2022 1351 2053 26
1366 2022 1395 2063 ¹).
1433 2022 1470 2053 Si
1498 2023 1531 2053 in
1556 2022 1677 2061 piynus
1707 2021 1861 2060 acceperis
1890 2021 2098 2051 vestimentum
2123 2028 2195 2057 pro-

1226 2065 1305 2095 oeimi
1334 2067 1395 2096 tui.
1419 2068 1585 2105 antequam
1614 2063 1784 2096 occubuerit
1813 2063 1859 2094 sol
1879 2063 2021 2094 restitues
2053 2061 2133 2092 illud
2155 2061 2193 2092 ei.

1227 2108 1276 2139 27.
1303 2109 1382 2147 Quia
1400 2109 1503 2147 ipsam
1521 2108 1622 2139 solum
1634 2110 1676 2137 est
1687 2107 1908 2146 operimentum
1922 2106 1997 2141 eius,
2017 2104 2098 2135 illud
2108 2104 2194 2135 vesti-

1227 2154 1359 2181 mentum
1392 2151 1458 2181 cias
1488 2154 1532 2182 est
1560 2151 1621 2182 cati
1648 2160 1724 2181 suae
1752 2150 1785 2180 in
1814 2159 1872 2188 quo
1900 2147 2050 2184 dormiat,
2082 2149 2110 2178 et
2138 2147 2196 2177 erit

1227 2204 1321 2232 quam
1344 2194 1520 2224 clamaverit
1551 2194 1592 2225 ad
1622 2203 1682 2231 me,
1712 2195 1784 2223 tanc
1810 2191 1992 2223 exaudiam.-
2019 2199 2088 2221 sum
2115 2190 2197 2221 enim

1228 2246 1409 2267 misericors.

1524 2414 1586 2445 EX
1615 2413 1747 2445 DEUT.
1771 2413 1858 2444 XXI
1864 2413 1901 2444 V.

1317 2499 1345 2529 6,
1382 2498 1451 2529 Non
1473 2500 1599 2538 accipiet
1621 2499 1788 2538 qaisquam
1811 2508 1872 2537 pro
1889 2498 2021 2538 piynore
2037 2500 2149 2529 metam
2170 2500 2198 2529 et

1204 2559 1206 2575 ν,
1230 2541 1376 2578 catillum,
1399 2541 1473 2579 quia
1495 2542 1633 2573 animam
1658 2542 1724 2581 ipse
1748 2542 1896 2580 acciperet
1910 2551 1972 2579 pro
1984 2541 2124 2582 piynore.

1320 2642 1346 2674 1)
1366 2641 1444 2667 Hebr.
1464 2642 1506 2668 25.
1525 2642 1565 2668 26.
