2304 3034
99 218 161 248 401

102 310 200 341 nimis
222 310 313 342 futile
335 316 381 342 est
405 310 572 341 cavillum:
602 310 675 349 quia
699 320 762 340 non
787 309 847 339 fuit
869 309 901 339 in
926 308 1058 339 arbitrio

102 353 220 390 Mosis,
252 357 404 384 terrestre
432 352 626 384 domicilium
656 351 814 382 fabricare
838 350 923 388 Deo,
955 356 986 382 et
1009 361 1059 381 sa-

101 406 192 427 crum
232 406 348 426 nomen
386 396 564 435 imponere,
601 404 663 434 quo
693 394 809 433 ubique
839 393 1058 424 sanctuarium

101 442 244 469 ornatur.
284 438 333 472 ,Et
357 438 473 468 diserte
496 442 605 467 narrat
628 435 763 476 gloriam
786 437 848 466 Dei
871 436 937 466 illie
961 446 1058 475 appa-

101 481 220 512 ruisse:
244 491 304 520 quo
323 480 440 511 certius
458 484 662 519 cognosceret
681 478 817 518 populus
840 489 897 509 sua
920 479 1058 509 immun-

101 523 178 554 ditie
197 533 230 554 se
250 534 267 553 a
281 522 349 553 Deo
369 527 565 561 separatum:
587 531 649 560 qua
669 521 707 551 de
727 532 759 551 10
779 531 835 551 0110
852 521 918 552 loeo
931 521 1058 551 iterum.

101 565 228 596 Deinde
260 565 393 597 verbnm
425 556 485 608 1-1Ρὸ
515 568 606 594 sonat
631 563 739 594 Mosen
769 563 881 594 tulisse
909 563 1058 593 taberna-
1083 576 1085 584 ,

100 609 208 639 culum
246 618 262 638 e
292 606 421 643 castris,
457 605 539 645 quod
571 605 633 636 3110
663 606 861 637 transferret.
914 606 1008 637 Nunc
1031 605 1058 635 si

101 651 173 690 quis
203 650 344 686 obiiciat,
374 649 584 688 compositum
614 648 712 679 fuisse
743 648 986 680 tabernaculum
1018 647 1057 678 ad

101 693 266 732 exemplar
285 690 368 731 quod
382 691 489 722 Moses
509 690 635 721 viderat
653 691 686 721 10
707 698 828 721 10001οῑ
853 691 886 721 10
906 695 1058 730 promptu

101 741 150 767 est
173 735 303 770 solutio,
333 734 444 764 Mosen
470 743 532 763 non
556 737 634 764 tunc
657 733 797 773 primum
822 734 854 764 in
879 740 987 764 monte
1009 734 1058 763 fu-

99 779 162 809 isse
174 777 321 808 edoctum
341 775 378 806 de
398 786 474 806 vero
488 775 549 806 Dei
568 776 656 807 cultu
677 780 708 806 et
725 776 918 807 coelestibus
938 781 1057 816 myste-

100 820 173 857 riis,
205 828 301 860 quum
332 822 475 848 retentus
505 818 566 848 fuit
598 818 709 849 diebus
740 818 970 858 quadraginta,
1003 818 1058 848 sed

100 863 163 893 iam
200 867 273 892 ante
303 861 382 901 legis
406 860 707 901 promulgationem.
753 861 821 892 Nec
845 861 977 892 dubium
1001 867 1058 897 est,

99 906 176 945 quin
204 904 312 935 eadem
340 908 416 934 tnnc
446 908 573 934 ostensa
597 904 717 933 fuerint
740 914 820 943 quae
842 910 915 934 ante
939 903 1058 934 didice-

99 954 164 984 rat,
193 957 254 987 quo
280 946 414 986 populus
445 945 484 975 ad
515 946 676 976 assiduam
708 946 788 986 legis
817 946 1057 977 meditationem

98 990 201 1030 magis
241 990 383 1019 intentus
424 992 516 1018 esset.
574 988 656 1018 Nam
695 998 734 1019 ex
769 990 871 1028 spatio
904 989 1058 1028 temporis

99 1042 271 1073 agnoscere
290 1035 446 1070 poterant,
472 1031 551 1061 nihil
573 1031 671 1062 fuisse
691 1032 953 1070 praetermissum
974 1031 1057 1071 quod

98 1075 162 1106 illis
192 1079 276 1105 esset
305 1073 385 1104 utile
415 1074 557 1114 cognitu.
603 1074 747 1104 Tametsi
776 1074 861 1104 enim
894 1080 1057 1104 momento

97 1117 201 1158 potuit
231 1117 319 1147 Deus
356 1127 482 1146 servum
516 1126 608 1146 suum
641 1117 686 1147 sic
714 1117 884 1147 instituere
912 1122 948 1147 ut
978 1116 1057 1147 nihil

97 1160 230 1196 deesset,
254 1159 356 1189 voluit
375 1164 482 1189 tamen
506 1158 671 1198 paulatim,
696 1164 728 1190 et
751 1159 840 1198 quasi
866 1170 922 1199 per
945 1159 1057 1195 otium,

97 1202 157 1234 sibi
185 1202 361 1241 perfectum
391 1201 551 1232 doctorem
576 1202 727 1232 formare:
759 1202 853 1241 idque
877 1202 986 1242 populi
1008 1202 1057 1231 in-

95 1244 240 1276 firmitati
270 1244 434 1275 concessit.
486 1243 539 1275 Sic
567 1244 652 1274 enim
685 1244 804 1285 legitur
834 1244 942 1275 Exodi
974 1244 1058 1275 deci-

96 1297 148 1318 mo
164 1297 257 1324 nono,
278 1287 370 1323 Ecce,
392 1287 487 1317 venio
506 1285 544 1316 ad
565 1292 596 1317 te
615 1287 647 1317 in
668 1287 767 1318 densa
784 1287 876 1324 nube,
901 1292 935 1317 ut
950 1287 1058 1317 audiat

95 1340 147 1361 me
166 1330 301 1370 populus
321 1336 424 1360 tecum
445 1329 638 1368 loquentem,
663 1335 694 1360 et
717 1329 824 1360 credat
847 1330 903 1360 tibi
928 1330 961 1360 in
985 1340 1055 1369 per-

96 1378 238 1412 petuum.
294 1371 377 1402 Item
412 1371 581 1402 vicesimo:
616 1371 715 1403 Stetit
750 1372 886 1412 populus
920 1372 1055 1409 eminus,

96 1416 204 1446 Moses
217 1420 323 1445 autem
344 1414 477 1445 accessit
496 1414 534 1444 ad
555 1414 722 1454 caliginem
743 1415 774 1445 in
796 1425 856 1454 qua
876 1419 944 1445 erat
958 1416 1055 1446 Deus.

95 1458 147 1489 Ex
167 1468 228 1497 quo
252 1462 348 1496 patet,
372 1456 451 1487 nihil
476 1457 651 1488 absurdum
673 1468 751 1494 esse,
775 1458 800 1488 si
826 1458 970 1488 dieamus
993 1458 1055 1487 iam

96 1505 174 1531 tune
203 1500 321 1531 vidisse
350 1499 515 1543 enemplar
546 1500 761 1538 tabernaculi,
786 1500 819 1530 in
843 1511 904 1540 quo
928 1500 1057 1531 volebat

95 1542 156 1574 coli
171 1543 269 1573 Deus.
306 1541 370 1573 Sed
392 1553 432 1573 ne
448 1542 519 1582 quis
535 1553 586 1572 me
609 1543 685 1573 solis
700 1543 892 1574 coniecturis
906 1543 965 1573 niti
979 1542 1055 1573 obii-

96 1585 174 1622 ciat,
205 1585 313 1616 Moses
335 1585 403 1625 ipse
426 1585 510 1616 clare
534 1585 744 1624 demonstrat,
769 1590 939 1625 antequam
964 1586 1056 1616 tabu-

96 1628 143 1659 las
167 1628 334 1668 acciperet,
359 1628 464 1658 Deum
488 1628 688 1668 praecepisse
712 1628 749 1659 de
770 1628 969 1659 tabernaculi
989 1629 1056 1667 opi-

95 1670 175 1702 ficio.
211 1670 268 1702 Bis
299 1670 384 1701 enim
409 1670 514 1709 eapite
538 1671 695 1711 vigesimo
719 1671 831 1710 quinto
856 1671 990 1711 legitur:
1015 1671 1055 1701 In

96 1723 170 1744 arca
199 1724 333 1753 repones
365 1713 583 1743 testimonium
615 1713 698 1753 quod
730 1713 811 1744 dabo
839 1714 907 1744 tibi.
961 1713 1056 1745 Unde

96 1760 184 1796 patet
219 1755 361 1787 nondum
393 1755 483 1787 datas
513 1756 611 1787 fuisse
642 1756 785 1793 tabulas,
824 1767 922 1796 quum
952 1760 1055 1787 totum

97 1798 275 1830 aedificium
308 1809 347 1829 ex
372 1798 432 1829 Dei
465 1799 614 1829 mandato
645 1799 823 1838 descripsit.
867 1799 960 1830 Unde
985 1809 1056 1829 rur—

97 1852 168 1872 sum
187 1841 376 1882 eolligimuS,
401 1842 463 1871 iam
486 1842 660 1881 composito
685 1842 890 1873 tabernaculo
914 1846 1056 1872 montem

96 1883 286 1921 ascendisse,
311 1888 345 1914 ut
369 1884 493 1914 tabulas
517 1884 644 1914 afferret
668 1895 748 1923 quae
772 1885 803 1915 in
827 1895 900 1915 arca
922 1895 1055 1924 repone-

97 1932 220 1958 rentur.
272 1928 454 1966 Antequam
487 1937 562 1957 vero
593 1926 631 1957 de
662 1931 825 1958 structura
858 1927 1055 1958 tabernaculi

98 1968 251 2000 disserere
279 1970 426 2009 incipiat,
457 1969 613 1999 tributum
641 1970 757 2009 populo
782 1970 909 2000 indicit:
941 1974 975 2000 ut
999 1980 1056 2010 pro

98 2011 164 2043 suis
187 2012 319 2051 quisque
342 2012 548 2043 facultatibus
572 2013 739 2043 materiam
764 2012 909 2043 conferat
933 2018 996 2043 tam
1022 2013 1055 2042 in

96 2055 201 2093 ipsum
224 2054 483 2091 tabernaculum,
514 2065 608 2095 quam
633 2055 664 2085 in
690 2056 796 2086 onmia
822 2066 906 2086 vasa.
952 2055 1057 2086 Leva-

98 2097 141 2126 tio
171 2101 276 2128 autem
305 2097 354 2128 vel
382 2104 484 2130 ΓἾΤΞἾἾΠ
514 2097 704 2137 simpliciter
733 2098 783 2128 hic
814 2108 871 2137 pro
895 2097 1056 2128 oblatione

100 2139 237 2178 capitur:
261 2150 374 2179 neque,
398 2145 433 2170 ut
456 2139 527 2171 aliis
551 2140 636 2177 loeis,
659 2140 870 2180 distinguitur
893 2141 931 2171 ab
955 2141 1056 2171 altera

101 2182 202 2220 specie
236 2183 381 2213 sacrificii
417 2194 496 2222 quac
531 2189 624 2215 ΠΞῚΞΠ
658 2188 800 2214 vocatur.
858 2183 1056 2223 Simpliciter

102 2228 204 2254 autem
224 2224 550 2256 iubenturlsraelitae
573 2225 761 2266 impendere
784 2226 903 2265 singuli
929 2237 967 2256 ex
991 2226 1056 2257 suis

102 2265 199 2304 copiis
221 2271 251 2296 et
275 2267 402 2306 opibus,
431 2273 586 2307 quantum
612 2268 650 2299 ad
675 2269 797 2299 cultum
822 2268 884 2299 Dei
907 2269 1054 2300 sufficiat.
1081 2275 1082 2280 ¹

104 2306 234 2337 Certum
258 2309 382 2348 quidem
406 2316 453 2341 est
476 2311 584 2341 omnia
607 2315 717 2342 nostra
742 2311 803 2342 Dei
827 2322 912 2349 csse,
935 2316 967 2342 et
989 2312 1055 2351 pol-

103 2348 150 2379 lui
180 2360 383 2391 quaecunque
413 2352 503 2384 nobis
533 2354 686 2394 largitur,
718 2354 777 2384 nisi
809 2365 904 2393 quum
930 2355 963 2384 10
988 2355 1056 2385 cius
1081 2353 1083 2362 '

104 2390 236 2438 gloriam
259 2392 412 2425 dieantur.
442 2395 507 2426 Sed
531 2407 586 2435 pro
611 2407 670 2427 sua
692 2396 893 2437 indulgentia
918 2397 1054 2427 liberum

104 2433 197 2464 nobis
219 2436 358 2465 omnium
380 2447 470 2468 usum
495 2439 668 2478 permittit:
692 2439 786 2469 modo
811 2445 966 2470 testemur
989 2450 1055 2470 1113-
1082 2435 1083 2443 ’

105 2485 183 2506 nere
218 2475 276 2523 sub
314 2478 380 2524 eius
410 2480 555 2518 arbitrio,
593 2488 629 2512 ut
659 2482 762 2521 parati
792 2482 892 2512 simus
923 2492 1056 2522 erogare

105 2523 199 2557 prout
223 2525 359 2550 iusserit.
388 2520 442 2551 Sic
465 2523 523 2553 rite
546 2524 769 2565 eleemosynas
788 2525 961 2562 offerimus,
986 2530 1056 2555 tan-

106 2571 201 2599 quam
236 2561 308 2591 boni
338 2561 441 2593 odoris
469 2566 636 2597 sacrificia:
671 2568 817 2606 quamvis
847 2566 886 2597 ad
916 2568 1057 2607 inopiam

786 216 1037 249 SECUNDUM
1060 215 1380 250 PRAECEPTUM.

106 2613 206 2642 usque
224 2613 257 2633 se
278 2614 341 2634 non
365 2604 533 2638 exhauriat
555 2610 606 2647 qui
630 2609 720 2640 dives
743 2614 806 2641 est:
830 2610 884 2641 sed
909 2610 1057 2650 pauperi-
1083 2632 1084 2652 2

106 2645 165 2676 bus
185 2645 223 2675 de
245 2655 302 2676 suo
320 2656 517 2686 succurrens,
541 2651 666 2682 fruatur
689 2653 778 2683 bonis
802 2663 883 2692 quac
907 2653 1058 2692 possidet.
1083 2660 1085 2682 ;

175 2695 282 2722 Galvim'
297 2704 386 2730 opera.
425 2699 478 2724 Vol.
499 2700 573 2726 XXI
582 2702 607 2727 V.

2009 222 2076 253 402

1111 308 1151 338 In
1175 319 1309 345 summa,
1335 309 1487 349 quidquid
1512 311 1676 343 offerimus
1700 312 1778 350 Deo,
1803 312 1907 343 simile
1931 317 1980 344 est
2003 314 2071 353 pri-

1111 351 1224 388 mitiis,
1255 352 1370 391 quibus
1401 358 1557 384 testamur
1585 355 1694 385 omnia
1723 359 1833 385 nostra
1856 355 1924 386 eius
1947 355 2068 395 gloriae

1111 399 1234 423 saerata
1255 404 1332 425 esse.
1368 395 1436 425 Iam
1456 397 1604 435 quamvis
1624 397 1663 427 ad
1688 397 1886 428 tabernaculi
1910 399 1959 429 sui
1982 398 2068 429 aedi-

1111 436 1218 466 ficium
1252 442 1283 467 et
1313 443 1464 468 ornatum
1496 439 1592 470 nullis
1623 439 1731 479 populi
1762 440 1917 479 suppetiis
1948 445 2067 480 egeret,

1111 482 1220 517 utpote
1249 480 1301 518 qui
1326 479 1366 510 ad
1389 490 1499 511 omnes
1523 481 1652 512 alendos
1677 482 1816 522 quotidie
1839 493 1913 513 man
1938 494 1954 514 e
1978 484 2067 514 00010

1112 520 1256 559 pluebat:
1286 522 1385 552 voluit
1409 527 1516 553 tamen
1539 524 1684 564 singulos
1707 535 1725 554 a
1748 525 1881 555 minimo
1906 536 2006 565 usque
2029 525 2070 557 ad

1111 564 1303 600 niaximum,
1338 565 1504 596 testandae
1539 567 1668 605 pietatis
1699 577 1811 603 eausa,
1842 568 1874 597 in
1898 578 2070 599 commune

1111 605 1226 636 afferre
1256 606 1409 645 quidquid
1440 608 1479 638 ad
1511 619 1634 640 sacrum
1667 609 1829 649 opificium
1854 611 2069 642 necessarium

1111 655 1187 677 erat.
1224 648 1387 687 Quidquid
1412 655 1517 681 autem
1542 657 1617 682 tuuc
1642 652 1675 682 10
1699 653 1919 683 sanctuarium
1944 653 2070 684 visibile

1110 690 1253 729 impendi
1285 692 1404 728 voluit,
1436 692 1530 723 hodie
1561 705 1684 733 quoque
1713 695 1812 735 exigit
1835 694 1867 725 in
1891 695 2071 734 spiritualis

1111 733 1223 772 templi
1243 739 1449 765 structuram.
1486 734 1580 767 Solus
1604 737 1731 776 proprie
1755 741 1804 768 est
1827 737 1880 776 qui
1904 738 2071 769 ecelesiam

1111 786 1200 805 suam
1233 775 1392 807 aedificat:
1425 777 1591 809 hominum
1623 785 1731 809 tamen
1762 779 1866 810 utitur
1896 790 2008 819 opera,
2039 784 2072 811 et

1111 828 1218 848 seeum
1239 818 1345 857 plures
1366 819 1435 849 vult
1456 830 1524 851 esse
1548 821 1747 859 architectos,
1771 827 1806 852 ut
1818 822 1970 853 eeclesiae
1983 822 2070 854 aedi-

1112 861 1217 891 ficatio
1249 861 1354 899 aliqua
1378 872 1418 891 ex
1442 868 1531 901 parte
1555 874 1593 893 ex
1620 864 1784 895 hominum
1809 865 1916 896 labore
1940 870 2069 905 surgat:

1111 903 1203 933 sicuti
1227 903 1354 934 laudem
1380 906 1520 944 prosperi
1545 917 1708 937 successus
1732 907 1795 938 illis
1818 907 1979 938 adscribit.
2014 908 2071 938 In-

1112 951 1199 976 terea
1234 946 1312 976 nihil
1345 946 1508 977 offerimus
1540 949 1621 987 quod
1655 960 1718 980 non
1748 950 1815 988 ipse
1846 950 1984 990 largitus
2012 951 2069 982 sit:

1110 987 1379 1027 quemadmodum
1404 989 1568 1020 Israelitae
1600 991 1679 1021 nihil
1709 992 1867 1023 dederunt
1897 993 1959 1023 nisi
1987 993 2071 1032 quod

1110 1041 1149 1061 ex
1170 1041 1256 1062 mera
1277 1032 1345 1062 eius
1365 1031 1576 1063 beneficentia
1596 1039 1797 1072 provenerat.
1834 1035 1909 1065 Ideo
1933 1035 2073 1076 singulis

1110 1072 1149 1103 ad
1182 1078 1301 1104 certam
1333 1084 1518 1105 mensuram
1552 1076 1714 1107 distribuit
1745 1078 1880 1116 spiritus
1911 1078 1960 1108 sui
1990 1078 2073 1109 dona-

1110 1115 1151 1156 (1.
1177 1116 1249 1147 Cor.
1277 1116 1324 1153 12,
1351 1116 1396 1157 7):
1422 1122 1455 1147 ut
1479 1128 1540 1157 quo
1563 1119 1696 1158 quisque
1720 1120 1792 1158 plus
1813 1119 1863 1150 vel
1888 1120 1996 1151 minus
2020 1130 2073 1152 ae-

1109 1159 1209 1198 cepit,
1247 1159 1284 1188 ad
1323 1159 1488 1190 ecclesiam
1518 1161 1746 1192 aedificandam
1776 1162 1952 1201 impendat.
2005 1163 2071 1194 Hic

1110 1208 1215 1231 auten]
1235 1202 1375 1240 optimus
1395 1202 1569 1234 alacritatis
1588 1204 1737 1235 stimulus
1758 1205 1847 1235 nobis
1871 1215 1941 1236 esse
1965 1205 2068 1243 debet,

1109 1244 1191 1283 quod
1221 1255 1315 1274 nemo
1339 1250 1402 1275 tam
1427 1256 1548 1285 egenus
1571 1252 1631 1281 est,
1662 1247 1711 1277 vel
1735 1248 1858 1285 tenuis,
1889 1248 1979 1279 euius
2003 1259 2069 1279 non

1110 1292 1201 1326 grata
1232 1287 1273 1317 sit
1303 1292 1333 1317 et
1364 1289 1474 1318 suavis
1497 1288 1615 1319 oblatio
1639 1290 1848 1328 quantumvis
1872 1291 2008 1331 exigua,
2037 1295 2070 1322 et

1110 1329 1142 1359 in
1174 1329 1341 1360 hominum
1372 1330 1472 1360 oculis
1500 1331 1619 1361 nullius
1650 1333 1715 1362 fere
1739 1333 1842 1371 pretii.
1889 1333 1990 1364 Porro
2014 1344 2070 1365 οο-

1111 1372 1244 1402 tandum
1277 1377 1340 1409 est,
1373 1372 1528 1403 tributum
1560 1384 1622 1404 non
1653 1375 1737 1414 exigi
1761 1385 1816 1414 pro
1839 1375 1988 1414 imperio:
2014 1376 2070 1407 sed

1111 1413 1301 1445 denunciari
1326 1420 1361 1445 ut
1384 1415 1559 1446 liberaliter
1582 1416 1700 1456 singuli
1724 1418 1889 1448 conferant
1913 1418 1995 1458 quod
2020 1419 2069 1450 vi-

1111 1468 1181 1487 sum
1210 1458 1314 1488 fuerit.
1360 1458 1441 1488 Nam
1467 1458 1506 1488 ab
1530 1459 1619 1489 initio
1642 1470 1752 1490 verum
1776 1460 1836 1490 fuit
1860 1460 1938 1491 illud
1964 1461 2068 1499 Pauli,

1112 1499 1217 1530 Deum
1244 1500 1378 1530 hilarem
1404 1500 1545 1531 datorem
1568 1501 1700 1541 diligere
1724 1502 1764 1543 (1.
1789 1502 1860 1533 Cor.
1885 1503 1913 1539 9,
1939 1502 1979 1544 7).
2025 1504 2070 1534 Et

1113 1548 1176 1572 tota
1195 1543 1355 1582 scriptura
1376 1543 1467 1573 docet
1486 1544 1614 1574 nonnisi
1635 1545 1814 1575 voluntaria¹
1832 1545 1982 1585 obsequia
2001 1546 2068 1586 pla-

1111 1595 1182 1616 cere
1218 1586 1295 1616 Deo.
1353 1586 1508 1625 Quisquis
1549 1598 1625 1626 ergo
1667 1587 1704 1617 ad
1740 1586 1970 1618 aedificandum
2006 1588 2069 1619 Dei

1111 1627 1266 1667 templum
1296 1628 1414 1668 probus
1443 1629 1533 1668 eupit
1563 1639 1632 1660 esse
1663 1629 1803 1668 adiutor,
1842 1630 1921 1660 nihil
1954 1631 2070 1661 afferat

1110 1671 1227 1701 servile
1268 1671 1319 1701 vel
1359 1676 1530 1702 extortum.
1587 1671 1778 1711 Quanquam
1815 1674 1899 1703 enim
1935 1673 2069 1704 verbum

1108 1720 1185 1745 Ul‘l'
1212 1713 1299 1744 varie
1318 1713 1463 1744 redditur
1482 1714 1520 1744 ab
1544 1714 1787 1754 interpretibus:
1812 1726 1938 1745 sumnia
1960 1721 2069 1746 tamen

1110 1756 1172 1786 hue
1197 1756 1293 1791 redit,
1318 1766 1436 1787 munus
1460 1757 1614 1796 cuiusque
1637 1768 1675 1787 ex
1701 1767 1858 1797 propensa
1881 1758 1980 1788 animi
2004 1759 2069 1789 ala-

1109 1798 1223 1829 critate
1254 1798 1324 1829 Deo
1356 1799 1422 1829 fore
1452 1805 1590 1839 gra-tum.
1638 1799 1742 1830 Vetus
1773 1801 1931 1839 interpres
1962 1800 2068 1839 habet,

1110 1841 1173 1879 Qui
1198 1842 1291 1872 offert
1314 1841 1496 1879 ultroneus,
1521 1842 1761 1881 paraphrastice
1785 1844 1886 1878 013010
1910 1852 2003 1882 quam
2028 1843 2068 1874 ad

1110 1883 1254 1915 verbum.
1300 1884 1365 1915 Alii
1397 1885 1481 1915 inter
1504 1895 1537 1915 se
1561 1884 1770 1915 dissentiunt:
1801 1885 1970 1916 relativum
1997 1886 2067 1925 qui-

1110 1927 1181 1957 dam
1207 1927 1395 1967 intelligunt
1419 1927 1456 1957 de
1479 1927 1647 1965 oblatione,
1672 1938 1707 1958 ae
1731 1929 1941 1965 transierunt,
1967 1927 2067 1960 Cuius

1109 1979 1162 2000 001
1186 1970 1367 2000 voluntarie
1391 1969 1513 2000 dederit
1534 1970 1637 2001 illam:
1661 1970 1724 2006 alii,
1749 1970 1811 2009 Qui
1837 1981 1888 2000 cor
1911 1981 2003 2001 suum
2030 1971 2066 2001 li-

1109 2011 1215 2043 berale
1240 2019 1294 2043 aut
1318 2012 1536 2043 voluntarium
1562 2012 1751 2043 exhibuerit.
1797 2012 1947 2044 Secunda
1970 2023 2067 2053 expo-

1108 2055 1181 2086 sitio
1206 2060 1289 2085 recta
1314 2060 1369 2086 est.

1194 2098 1222 2128 3.
1254 2099 1320 2128 Ista
1351 2101 1448 2129 nutem
1479 2101 1522 2128 est
1549 2098 1667 2128 oblatio.
1713 2097 1775 2128 Hic
1806 2097 1918 2128 melius
1949 2098 2065 2128 confir—

1108 2144 1217 2171 matur
1235 2141 1316 2180 quod
1339 2141 1401 2171 iam
1422 2140 1497 2177 dixi,
1522 2139 1656 2170 divitum
1677 2140 1767 2179 copia
1784 2149 1847 2169 non
1868 2140 1958 2170 obrui
1982 2140 2066 2179 quod

1109 2194 1149 2214 ex
1168 2194 1225 2214 sua
1246 2184 1403 2214 tenuitate
1422 2194 1580 2223 pauperes
1602 2183 1754 2213 offerunt:
1780 2182 1906 2221 quando
1930 2186 1962 2212 et
1984 2183 2066 2222 pilos

1108 2236 1276 2265 caprarum
1301 2237 1430 2257 censere
1454 2226 1606 2265 dignatur
1630 2226 1717 2255 Deus
1744 2226 1827 2255 inter
1850 2235 1956 2256 sacras
1979 2225 2066 2256 obla-

1108 2269 1220 2304 tiones,
1246 2279 1308 2299 000
1329 2269 1436 2299 0110110
1459 2279 1552 2307 quam
1578 2278 1700 2304 aurum,
1723 2277 1908 2306 purpuram,
1932 2271 1964 2298 et
1986 2267 2067 2308 lapi-

1109 2311 1164 2341 des
1187 2312 1353 2351 pretiosos.
1393 2311 1519 2342 Deinde
1544 2310 1632 2341 varia.
1654 2314 1686 2339 et
1708 2309 1880 2348 multiplici
1902 2310 2065 2341 contribu-

1108 2355 1194 2384 tione
1217 2354 1386 2384 ostendere
1405 2354 1494 2393 quasi
1515 2354 1546 2383 in
1567 2352 1694 2392 speculo
1718 2352 1830 2385 voluit.
1854 2351 1892 2382 ad
1917 2353 2067 2392 spiritua-

1110 2397 1147 2426 lis
1178 2397 1288 2436 templi
1311 2397 1491 2427 aedificium
1516 2396 1672 2426 donorum
1699 2395 1854 2425 varietate
1878 2405 1958 2434 opus
1981 2405 2066 2426 esse:

1108 2438 1378 2478 quemadmodum
1403 2438 1528 2469 disserit
1554 2438 1673 2468 Paulus
1698 2438 1746 2467 12.
1771 2437 1809 2467 ad
1834 2437 2011 2469 Romanos:
2036 2442 2068 2469 et

1112 2483 1137 2512 1.
1176 2482 1214 2512 ad
1246 2482 1392 2513 Corinth.
1433 2482 1480 2511 12.
1535 2479 1741 2519 Splendidior
1771 2478 1898 2518 quidem
1929 2480 2068 2511 divitum

1109 2525 1167 2555 fuit
1192 2525 1336 2564 largitio:
1362 2535 1471 2555 verum
1497 2523 1588 2553 sicuti
1613 2522 1739 2562 gravati
1765 2532 1829 2552 non
1853 2529 1929 2553 sunt
1952 2533 2069 2554 aurum

1109 2578 1204 2598 suuni
1224 2573 1257 2597 et
1275 2572 1455 2607 argentum,
1480 2565 1702 2606 hyacinthum,
1727 2575 1912 2604 purpuram,
1937 2571 1968 2595 et
1990 2566 2069 2606 lapi-

1111 2610 1165 2640 des
1189 2610 1347 2649 pretiosos
1372 2610 1566 2648 coniungere
1590 2607 1673 2644 aeri,
1705 2608 1802 2644 ferro,
1832 2607 1965 2647 aliisque
1996 2608 2070 2639 vul-

1111 2652 1242 2693 garibus
1266 2653 1425 2683 materiis:
1449 2652 1492 2682 ita
1515 2650 1608 2681 hodie
1633 2650 1686 2689 qui
1710 2650 1989 2682 excellentioribus
2012 2650 2070 2682 do-

1834 2700 1866 2725 *26
