2304 3034
61 211 121 242 617

317 302 381 334 EX
402 299 563 333 EODEM
587 297 759 330 OAPITE.

151 388 201 419 20.
229 388 327 427 Quum
345 385 520 418 dilataverit
531 383 643 414 Ielzova
656 382 742 414 Deus
764 385 836 413 tuus
858 383 1022 414 terminum

63 435 160 469 tuum,
180 429 428 470 quemadmodum
448 427 593 466 loquutus
614 427 656 456 cst
674 425 738 462 tibi,
762 428 789 456 et
810 425 942 456 dixeris.-
967 424 1021 456 C'o-

65 473 185 505 medam
217 481 352 509 carnem,
384 469 461 509 quod
494 468 683 506 concupiscat
715 468 822 498 anima
855 470 909 498 tua
942 468 1021 498 vesci

66 515 226 547 carnibus:
247 515 336 545 iuxta
357 522 440 543 omne
457 510 643 542 desiderium
661 511 784 541 animae
801 513 872 541 tuae
889 509 1021 541 comedes

66 567 182 590 earnes.
226 557 275 587 21.
302 555 399 594 Quum
421 553 602 593 lonqinquus
625 563 644 583 a
666 555 692 583 te
712 553 808 592 fuerit
829 552 912 583 locus
934 562 1021 591 quem

64 600 183 641 eleqerit
205 598 316 629 Iehova
337 596 424 628 Deus
452 598 524 626 tuus
557 598 590 626 ut
607 597 705 634 ponat
728 605 833 626 nomen
855 604 945 625 suum
969 594 1020 633 ibi,

64 641 210 673 mactabis
231 641 267 671 dc
288 638 379 670 bobus
401 639 461 669 tuis
482 640 509 668 et
531 638 567 669 de
590 637 759 677 pecudibus
788 637 851 668 tuis
873 647 951 676 quas
973 637 1021 667 de-

65 684 142 716 derit
163 682 273 714 Ielzova
295 681 363 712 tibi.-
385 680 637 720 quemadmodum
654 680 801 719 praecepi
823 679 886 716 tibi,
910 682 937 710 et
959 689 1022 710 oes-

62 727 142 758 ceris
164 726 197 756 in
215 724 313 763 portis
330 723 393 754 tuis
409 723 575 754 secundum-
592 733 677 754 omne
695 722 880 753 desiderium
899 722 1022 753 animae

63 771 140 799 tuac.
184 767 233 798 22.
268 764 351 797 Certe
379 765 632 805 quemadmodum
659 765 821 796 comeditur
854 773 964 803 caprea
995 767 1022 795 et

63 819 177 846 cerva-5,
195 809 240 840 sic
257 808 388 839 comedes
407 808 494 839 illas.-
512 807 690 839 immundus
704 808 826 847 pariter
845 807 1022 838 otmundus

64 854 217 884 vescentur
238 850 311 881 illis.
352 850 399 881 23.
428 851 561 881 Tantum
583 850 726 881 roborare
747 852 780 881 ut
801 860 861 881 non
883 849 1022 881 comedas

63 894 258 934 sanquinem:
287 893 361 932 quia
388 894 520 933 sanquis
542 896 584 924 est
606 894 728 930 anima,
761 895 787 923 et
808 902 867 924 non
889 892 1022 924 comedes

63 937 200 968 animam
232 945 295 966 una
327 945 394 966 cum
427 945 526 966 carne.
578 935 627 967 24.
665 935 737 966 Non
764 935 896 967 comedes
923 934 1020 972 illum,

62 979 114 1010 sed
136 979 168 1009 in
189 980 302 1009 terram
325 978 460 1017 effundes
482 978 571 1009 illum
595 979 695 1009 instar
719 988 825 1017 aquae.
871 977 920 1008 25.
949 977 1021 1007 Non

61 1021 189 1052 vesceris
207 1020 267 1058 illo,
286 1022 317 1050 ut
335 1020 404 1052 bene
421 1021 462 1051 sit
479 1020 542 1059 tibi,
565 1023 591 1052 et
607 1021 683 1060 filiis
705 1021 767 1051 tuis
784 1023 854 1059 post
872 1022 907 1058 te,
926 1029 1020 1059 quum

60 1063 167 1103 feceris
187 1063 266 1102 quod
285 1065 397 1094 rectum
420 1066 464 1094 est
485 1064 519 1094 in
541 1064 638 1095 oculis
661 1062 797 1094 Ieliovae.

404 1233 467 1264 EX
486 1232 637 1263 LEVIT.
660 1232 773 1263 XVII.

144 1317 192 1348 10.
210 1317 386 1357 Quicunque
404 1328 419 1348 e
440 1319 527 1349 domo
551 1317 661 1355 Israel,
685 1322 712 1349 et
733 1328 748 1349 e
765 1317 942 1358 pereqrinis
964 1318 1018 1356 qui

52 1360 292 1400 pereqrinantur
319 1361 353 1391 in
383 1361 480 1392 medio
503 1371 620 1397 eorum,
644 1360 804 1392 comederit
826 1359 923 1391 ullum
945 1370 1017 1391 san-

57 1403 195 1443 quinem,
216 1413 330 1442 ponam
351 1403 463 1442 faciem
485 1413 583 1434 meam
606 1404 639 1434 in
662 1404 800 1434 animam
823 1413 899 1442 quae
921 1412 1017 1434 come-

58 1445 139 1476 derit
159 1445 349 1485 sanquinem,
374 1449 400 1477 et
421 1446 560 1477 excidam
583 1456 649 1476 cam
671 1456 686 1477 e
708 1446 806 1477 medio
822 1445 935 1484 populi
956 1446 1016 1476 sui.

59 1487 107 1518 11.
135 1487 215 1527 Quia
245 1488 350 1519 anima
379 1489 483 1519 carnis
509 1489 542 1519 in
571 1489 723 1529 sanquine
751 1491 808 1520 est:
837 1498 887 1528 eqo
917 1491 1017 1520 autem

56 1529 128 1561 dedi
154 1530 242 1561 illum
271 1530 354 1562 vobis
383 1541 476 1570 super
504 1531 601 1562 altare
623 1532 663 1562 ad
685 1531 872 1570 expiandum
894 1532 1018 1562 animas

56 1574 189 1609 vestras,
223 1573 297 1612 quia
330 1574 460 1613 sanquis
492 1574 631 1604 animam
664 1573 808 1613 expiabit.

57 1614 125 1645 dixi
150 1614 228 1654 filiis
241 1614 356 1646 Israel:
379 1616 478 1647 Nulla
501 1617 609 1647 anima
633 1626 669 1647 ez
691 1616 774 1647 vobis
795 1617 924 1647 comedet
946 1627 1017 1647 san-

50 1657 183 1697 quinem,
206 1659 232 1687 et
244 1659 429 1698 pereqrinus
448 1659 502 1698 qui
514 1660 733 1699 percqrinatur
752 1660 783 1689 in
804 1660 902 1690 medio
926 1659 1017 1690 vestri

55 1709 116 1730 non
147 1699 274 1731 comedet
306 1702 493 1741 sanquinem.
548 1701 596 1733 13.
627 1701 670 1732 Et
698 1702 868 1741 quicunque
897 1713 912 1732 c
938 1701 1017 1740 filiis

60 1741 176 1780 Israel,
211 1745 237 1773 et
266 1754 281 1773 e
306 1744 482 1784 pereqrinis
510 1745 563 1783 qui
586 1745 828 1785 pereqrinantur
856 1744 889 1775 in
918 1744 1017 1775 medio

58 1795 170 1823 eorum,
192 1789 320 1817 venatus
336 1787 430 1825 fuerit
448 1788 634 1818 cenationem
651 1787 763 1818 bestiae
785 1787 830 1818 vel
849 1787 918 1818 avis
940 1797 1018 1826 quae
1041 1788 1043 1791 ’

57 1827 228 1866 comeditur,
247 1829 375 1865 effundet
392 1830 574 1869 sanquinem
592 1831 660 1861 eius
678 1833 704 1860 ct
721 1830 867 1869 cooperiet
879 1829 1016 1869 pulvere.
1041 1825 1043 1852 ἶ

60 1870 109 1901 14.
138 1870 218 1910 Quia
241 1872 349 1902 anima
372 1872 518 1911 cuiusque
539 1873 656 1909 carnis,
680 1873 810 1912 sanquis
832 1873 898 1903 eius
920 1875 963 1903 est
984 1872 1018 1902 in

61 1913 184 1944 anima:
205 1913 334 1953 dixique
353 1914 433 1953 filiis
457 1914 575 1946 Israel:
599 1914 788 1955 Sanquinem
815 1916 1019 1953 cuiuscunque

59 1955 163 1987 carnis
185 1966 244 1986 non
266 1957 430 1994 comedetis,
454 1958 529 1997 quia
553 1958 659 1988 anima
681 1958 828 1997 cuiusque
849 1958 954 1989 carnis
977 1959 1019 1988 est

60 1998 187 2038 sanquis
209 1999 291 2030 eius:
314 2000 484 2039 quicunque
506 2000 667 2032 comederit
688 2000 784 2039 illum,
808 2000 969 2031 excidetur.

370 2168 434 2200 EX
458 2169 608 2202 LEVIT.
634 2169 711 2202 VII.

146 2252 195 2283 26.
229 2253 359 2285 Nullum
387 2255 567 2295 sanquinem
596 2255 753 2287 comedetis
775 2256 808 2286 in
830 2255 945 2287 cunctis
966 2255 1018 2286 ha-

65 2293 258 2327 bitationibus
279 2297 395 2334 vestris,
419 2300 482 2328 tam
504 2297 541 2328 de
564 2297 672 2328 avibus
694 2307 786 2337 quam
808 2297 844 2328 de
866 2298 1018 2329 iumentis.

66 2335 116 2366 27.
150 2336 254 2369 Omnis
280 2340 387 2370 anima
415 2350 493 2379 quae
520 2341 678 2371 comederit
705 2340 803 2371 ullum
831 2342 1018 2380 sanquinem,

65 2378 217 2409 eoecidetur
238 2381 342 2412 anima
364 2381 419 2413 illa
443 2392 457 2411 e
472 2382 602 2422 populis
623 2383 699 2414 suis.

363 2551 425 2582 EX
448 2552 596 2583 LEVIT.
621 2552 717 2584 XIX.

146 2630 197 2662 26.
224 2631 293 2663 Non
314 2635 471 2668 comedetis
493 2647 560 2668 cum
582 2638 739 2678 sanquine.

780 203 968 236 SEXTUM
991 205 1310 238 PRAECEPTUM.

1044 1288 1045 1295 ¹
1072 1281 1118 1306 est
1149 1277 1289 1317 sanguis.

862 1574 910 1604 12.
942 1573 1017 1604 Ideo
1042 1567 1044 1572 ⁸

1044 2406 1045 2409 =
1070 2385 1164 2416 etiam
1194 2384 1287 2415 simul
1311 2395 1383 2415 cum
1407 2394 1510 2415 carne.

1971 210 2032 240 618

1157 298 1291 331 Denter.
1313 300 1361 338 12,
1387 299 1435 331 15.
1458 300 1521 331 Pro
1543 300 1626 331 omni
1647 300 1798 332 desiderio
1820 301 1942 332 animae
1965 305 2034 334 tuae

1072 342 1228 373 mactabis.
1263 342 1357 381 Quod
1377 342 1538 382 praecedit.
1560 342 1644 383 apud
1669 343 1782 373 Mosen
1806 353 1863 375 suo
1887 344 1953 375 loco
1977 355 2032 383 po-

1073 384 1133 423 sui,
1157 395 1196 415 ne
1215 384 1289 415 alibi
1310 386 1465 416 sacrificia
1481 389 1659 417 mactarent
1678 395 1774 424 quam
1791 386 1823 416 in
1843 386 1910 418 loco
1933 396 2032 427 sacro,

1073 426 1126 465 qui
1158 437 1240 458 unus
1263 433 1332 458 erat
1354 428 1387 458 in
1411 432 1479 458 tota
1502 427 1630 458 Iudaea.
1677 427 1740 458 Hic
1763 427 1894 459 libertas
1917 428 2033 460 edendi

1072 469 1286 507 permittitur,
1316 470 1410 501 modo
1441 481 1481 501 ne
1509 469 1661 501 animalia
1691 470 1761 501 Deo
1791 471 1943 509 offerant,
1977 471 2033 503 sed

1072 510 1135 542 illis
1154 517 1324 543 vescantur
1348 517 1499 552 tanquam
1523 512 1600 544 feris
1623 512 1846 552 sylvestribus.
1881 513 2033 555 Exempli

1045 585 1047 594 Α
1072 563 1168 584 causa
1191 559 1356 594 ponuntur
1378 554 1459 586 duae
1483 555 1621 595 species,
1645 565 1760 595 caprea
1783 559 1815 586 et
1837 566 1968 593 cervus,
1992 567 2033 588 ex

1072 595 1187 635 quibus
1215 596 1304 627 nulla
1335 598 1432 628 fiebat
1461 597 1589 629 oblatio,
1634 597 1789 628 Liberum
1813 608 1888 638 ergo
1911 598 1973 630 illis
1996 599 2034 630 fit

1072 637 1253 678 ubicunque
1285 639 1383 670 velint
1416 641 1499 671 vesci
1523 639 1689 677 carnibus,
1714 640 1901 680 exceptione
1924 646 2031 672 tamen

1072 679 1194 719 addita,
1218 692 1259 712 ne
1282 682 1472 722 sanguinem
1496 687 1643 723 gustent:
1668 682 1751 722 quod
1776 683 1901 714 tametsi
1925 683 2031 714 obser-

1072 730 1181 754 vatum
1202 734 1219 753 a
1237 724 1425 764 parentibus
1445 725 1549 756 fuerat
1568 730 1641 756 ante
1660 725 1778 765 legem,
1801 725 1890 756 Deus
1913 725 2031 757 iterum

1072 766 1224 803 sancivit,
1256 777 1353 806 quum
1377 767 1572 806 peculiarem
1597 768 1655 798 sibi
1679 768 1833 808 populum
1857 768 2030 808 colligeret.

1073 807 1200 839 Scimus
1219 810 1303 839 euim
1324 810 1431 840 statim
1452 819 1470 839 a
1489 809 1609 841 diluvio
1638 810 1794 842 indictam
1825 810 1922 842 fuisse
1942 810 2031 842 Noae

1072 854 1103 880 et
1121 852 1256 890 posteris
1275 852 1441 891 sanguinis
1459 852 1698 884 abstinentiam.
1730 853 1852 883 Verum
1871 859 1907 884 ut
1929 853 2032 884 maior

1072 903 1147 932 pars
1181 894 1289 924 statim
1324 894 1547 934 degeneravit,
1583 895 1755 926 verisimile
1789 900 1852 934 est,
1884 896 2031 936 neglecto

1072 935 1132 966 Dei
1155 936 1323 974 mandato,
1346 941 1458 977 gentes
1481 947 1592 968 omnes
1615 938 1828 977 promiscuam
1851 937 1911 969 sibi
1934 939 2031 970 lieen-

1073 978 1148 1008 tiam
1181 980 1374 1019 sumpsisse:
1403 989 1439 1010 ac
1463 979 1593 1011 dubium
1618 985 1666 1011 est
1689 992 1727 1011 an
1752 981 1785 1011 in
1809 980 1931 1012 familia
1956 980 2031 1012 Sem

1073 1020 1213 1061 viguerit
1243 1021 1370 1062 religio,
1403 1032 1483 1061 quac
1514 1023 1631 1062 passim
1663 1023 1789 1062 sepulta
1812 1028 1889 1054 erat.
1935 1023 2032 1055 Certe

1072 1074 1110 1093 ex
1146 1074 1229 1094 nova
1262 1063 1341 1104 legis
1371 1064 1626 1104 promulgatione
1655 1065 1810 1097 coniicere
1840 1065 1913 1097 licet
1942 1066 2032 1097 illam

1071 1106 1167 1137 fuisse
1200 1117 1331 1146 prorsus
1364 1106 1554 1138 obsoletam:
1589 1107 1742 1147 quidquid
1776 1108 1833 1146 sit,
1866 1108 1926 1140 hac
1957 1112 2032 1139 nota

1072 1148 1207 1179 electum
1242 1149 1394 1188 populum
1425 1149 1561 1180 discerni
1591 1150 1694 1180 voluit
1724 1151 1811 1181 Deus
1842 1161 1860 1181 a
1890 1151 2032 1190 profanis

1071 1191 1233 1231 gentibus.
1268 1192 1365 1222 Ratio
1389 1196 1498 1222 autem
1522 1192 1749 1232 prohibitionis
1772 1193 1862 1224 cuius
1885 1204 1972 1225 nunc
1995 1194 2033 1224 fit

1072 1235 1201 1269 mentio,
1220 1234 1284 1264 iam
1304 1241 1379 1265 ante
1398 1244 1552 1274 expressa
1572 1235 1684 1271 fuerat,
1704 1236 1778 1275 quia
1797 1236 1922 1267 animae
1940 1235 2032 1267 sedes

1335 1277 1406 1307 Etsi
1427 1282 1535 1308 autem
1559 1278 1676 1308 animal
1702 1277 1844 1309 occidere
1867 1278 1900 1308 in
1924 1279 2032 1309 cibum

1071 1319 1203 1357 licebat,
1231 1319 1325 1350 simul
1356 1319 1503 1350 fraenum
1529 1325 1637 1351 tamen
1661 1320 1700 1350 ad
1723 1320 1931 1351 cohibendam
1955 1320 2031 1352 feri-

1071 1366 1168 1392 tatem
1190 1362 1267 1392 utile
1287 1362 1354 1398 fuit,
1375 1363 1566 1402 sanguinem
1587 1373 1648 1393 non
1670 1363 1841 1403 attingere:
1861 1363 1935 1402 quia
1954 1363 2031 1394 dum

1070 1405 1244 1444 parcebant
1275 1404 1463 1435 animalium
1493 1405 1659 1445 sanguini,
1690 1416 1819 1437 necesse
1848 1406 1906 1436 fuit
1929 1405 2031 1436 multo

1071 1447 1171 1487 magis
1194 1447 1336 1478 humano
1359 1457 1499 1487 parcere.
1533 1447 1610 1478 Ideo
1633 1451 1802 1487 postquam
1826 1448 1929 1479 vetuit
1942 1447 2031 1479 Deus

1069 1490 1226 1529 sanguine
1261 1490 1361 1527 vesei,
1396 1490 1505 1521 statim
1542 1491 1659 1521 transit
1686 1490 1724 1521 ad
1756 1490 1902 1522 homines
1931 1491 2030 1531 ipsos:

1070 1531 1133 1570 Qui
1153 1531 1300 1563 effuderit
1320 1532 1512 1572 sanguinem
1535 1533 1674 1564 hominis
1698 1533 1729 1563 in
1754 1533 1893 1570 homine,
1918 1533 2029 1564 funde-

1069 1580 1122 1605 tur
1145 1576 1275 1615 sanguis
1298 1575 1375 1612 eius,
1399 1575 1474 1614 quia
1496 1575 1534 1606 ad
1558 1576 1732 1615 imaginem
1750 1576 1810 1607 Dei
1834 1581 1959 1607 creatus
1983 1581 2031 1607 est

1069 1616 1202 1658 (Gencs.
1233 1618 1267 1656 9,
1297 1617 1338 1659 6).
1384 1617 1624 1649 Convenieuter
1646 1628 1722 1659 ergo
1747 1624 1838 1649 sexto
1862 1623 2030 1658 praecepto

1069 1661 1195 1691 attexui
1225 1671 1335 1691 omnes
1366 1660 1449 1691 locos
1473 1660 1588 1700 quibus
1611 1660 1701 1692 Deus
1725 1661 1811 1692 iubet
1835 1661 1987 1701 populum
2012 1672 2030 1691 a

1069 1702 1226 1743 sanguiue
1267 1702 1437 1734 abstinere.
1494 1703 1558 1734 Per
1592 1713 1625 1734 se
1660 1704 1788 1743 quidem
1823 1714 1887 1735 non
1921 1704 2029 1743 magni

1067 1745 1215 1776 interfuit
1239 1745 1432 1786 sanguinem
1456 1745 1641 1777 comedere:
1666 1747 1751 1786 quod
1774 1757 1849 1787 ergo
1872 1756 1939 1777 rem
1964 1756 2029 1776 uon

1068 1788 1146 1819 adeo
1176 1788 1386 1828 ponderosam
1419 1789 1512 1819 toties
1536 1789 1626 1820 Deus
1657 1789 1808 1825 inculcat,
1840 1788 1913 1819 iude
1942 1788 2028 1820 colli-

1067 1831 1153 1871 gitur
1172 1831 1275 1871 legem
1294 1830 1356 1861 alio
1376 1835 1530 1870 spectare.
1564 1831 1638 1863 Huc
1662 1842 1788 1871 quoque
1811 1831 1931 1863 accedit
1954 1841 2028 1871 poe-

1067 1884 1128 1904 nae
1148 1874 1317 1905 severitas:
1342 1884 1414 1904 nam
1436 1873 1580 1905 aviculae
1599 1875 1789 1915 sanguinem
1810 1878 1948 1914 gustare,
1968 1873 2027 1904 cri—

1068 1927 1142 1947 men
1161 1921 1245 1947 certe
1265 1926 1328 1946 nou
1348 1920 1418 1946 erat
1438 1921 1540 1947 morte
1560 1916 1705 1957 dignum.
1738 1917 1824 1957 Ergo
1845 1916 1917 1947 inde
1941 1916 2029 1947 simi·-

1068 1959 1141 1989 liter
1160 1963 1247 1998 patet
1270 1958 1367 1989 alium
1393 1958 1489 1989 fuisse
1512 1959 1735 1999 prohibitionis
1758 1960 1863 1997 finem,
1886 1963 1921 1989 ut
1944 1958 2028 1990 scili-

1068 2006 1117 2032 cet
1140 2000 1313 2032 crudelitas
1336 2001 1463 2031 horrori
1486 2006 1578 2033 esset.
1613 2001 1656 2032 Et
1678 2002 1776 2032 verba
1800 2001 1900 2032 Mosis
1923 2005 2027 2032 osten—

1069 2044 1163 2081 dunt,
1199 2054 1263 2074 non
1300 2043 1370 2074 ideo
1401 2044 1505 2075 vetari
1533 2055 1624 2075 esum
1655 2044 1821 2084 sanguinis
1850 2054 1885 2075 ac
1915 2044 1941 2074 si
1971 2054 2030 2075 sua

1069 2086 1271 2117 immunditie
1294 2085 1458 2117 hominem
1481 2086 1642 2125 inficeret,
1666 2087 1720 2118 sed
1745 2091 1779 2117 ut
1803 2086 1902 2117 vitam
1926 2086 2028 2117 homi-

1069 2129 1118 2160 nis
1149 2130 1319 2169 pretiosam
1349 2128 1480 2160 ducant:
1511 2128 1629 2160 dicitur
1659 2129 1760 2160 enim:
1789 2128 1875 2167 Quia
1897 2129 2029 2169 sanguis

1069 2172 1176 2203 anima
1206 2177 1270 2202 ost:
1293 2171 1377 2211 quod
1402 2171 1586 2212 Augustino
1610 2171 1800 2202 tantundem
1826 2170 1912 2202 valet
1934 2176 2030 2211 atque

1069 2215 1194 2245 animae
1224 2214 1368 2254 signum:
1401 2213 1455 2244 sed
1487 2215 1592 2254 potius
1623 2214 1774 2254 intelligit
1797 2213 1904 2244 Moses
1929 2214 2030 2245 vitam

1070 2257 1240 2287 animalem
1265 2257 1420 2287 contineri
1443 2257 1476 2287 in
1500 2257 1668 2297 sanguine.
1712 2256 1854 2296 Sanguis
1877 2267 1952 2296 ergo
1974 2256 2030 2296 qui

1070 2300 1169 2331 vitam
1191 2303 1416 2338 repraesentat,
1442 2310 1504 2330 non
1528 2299 1584 2330 abs
1606 2310 1639 2330 re
1663 2299 1723 2330 fuit
1746 2289 1948 2337 interdictus,
1973 2309 2031 2330 nec

1069 2353 1211 2374 seorsum
1236 2342 1329 2372 modo
1351 2342 1542 2382 sanguinem
1568 2341 1732 2373 comedere
1756 2341 1846 2371 nefas
1868 2341 1943 2379 fuit,
1974 2342 2030 2373 sed

1555 2384 1659 2416 Sicuti
1683 2391 1748 2414 tam
1771 2384 1804 2414 in
1828 2382 2029 2415 Deuterono—

1070 2430 1133 2458 mio
1163 2437 1258 2465 quam
1283 2427 1315 2456 in
1340 2426 1488 2458 Levitico
1512 2426 1625 2457 ultimo
1649 2427 1715 2457 loco
1739 2426 1857 2457 diserte
1880 2426 2027 2458 traditur.

1154 2469 1203 2500 23.
1230 2469 1449 2500 Tantummodo
1467 2469 1617 2501 roborare.
1657 2468 1728 2499 Non
1752 2468 1872 2499 frustra
1894 2469 2029 2501 sollicite

1070 2524 1123 2544 eos
1154 2513 1301 2543 hortatur
1329 2511 1367 2542 ad
1396 2511 1606 2543 inflexibilem
1637 2511 1865 2548 constantiam,
1894 2511 1967 2551 quia
1997 2518 2029 2544 et

1070 2566 1121 2586 res
1144 2560 1211 2585 erat
1234 2554 1265 2585 in
1290 2554 1428 2594 speciem
1453 2554 1547 2592 levis,
1571 2560 1602 2585 et
1624 2554 1758 2584 molesta
1780 2553 1972 2592 observatio,
1997 2562 2029 2585 et

1071 2597 1222 2638 proclivis
1250 2603 1319 2627 erat
1347 2596 1455 2636 lapsus
1485 2597 1525 2628 ob
1553 2607 1721 2628 commune
1751 2596 1895 2636 gentium
1919 2607 2028 2628 exem-

1071 2640 1168 2681 plum.
1203 2639 1285 2670 Nam
1310 2649 1409 2679 quum
1432 2650 1538 2671 seeum
1563 2642 1749 2679 reputarent
1772 2638 1850 2669 nihil
1875 2639 1915 2670 ad
1938 2650 2027 2671 sanc-
