2304 3034
141 163 200 194 201

140 266 282 288 amorem
307 257 513 297 studiumque
536 256 672 292 abiiciat,
706 256 888 287 conditione
912 256 1103 296 interposita
1127 271 1130 282 ι

140 310 308 331 ascensum
332 301 498 339 permittit,
533 300 586 329 ubi
611 300 738 339 longius
761 303 943 338 protractus
967 299 1028 329 erit
1052 304 1102 329 tn-

139 341 197 373 bae
227 342 367 382 clangor,
402 343 450 373 vel
487 352 586 381 usqne
621 341 659 372 ad
694 351 856 371 summum
887 342 1128 380 porsonuerit.=

138 384 190 415 Ita
216 396 276 415 non
302 390 348 416 est
373 385 455 424 quod
479 383 517 415 de
544 384 762 414 mediocritate
785 388 975 422 querantur,
1006 394 1101 423 quam

138 427 202 458 illis
226 432 385 467 temperat
408 428 498 458 Deus
522 428 552 457 in
576 426 723 457 salutem.

226 512 272 543 16.
298 512 341 543 Et
362 512 425 551 fuit
445 512 494 543 die
516 511 613 547 tertia,
648 520 741 549 quum
763 510 878 548 factum
902 513 977 541 esset
1002 521 1099 547 mane,

135 555 219 594 facta
241 558 313 585 sunt
333 555 485 594 tonitrua,
519 556 545 584 et
573 553 717 592 fzdyma,
748 555 775 583 et
797 553 889 583 nubes
912 553 1100 584 densissima

136 607 229 636 super
255 601 391 635 montem,
414 599 440 627 et
458 596 581 635 elanyor
599 595 688 625 tubae
706 595 939 632 intentissimus,
964 596 1100 633 expavit-

135 650 192 679 que
220 641 384 671 ‘zmiversus
405 639 541 678 populus
568 638 622 676 qui
656 640 720 667 era!
753 638 784 667 in
817 639 936 669 eastris.

135 683 240 713 eduxit
275 682 378 713 Moses
403 681 555 720 populum
584 681 616 710 in
644 690 802 711 occursum
833 680 895 710 Det
923 692 937 710 e
970 681 1098 711 castris:

134 725 188 763 qui
205 727 348 756 steterunt
367 725 395 754 in
409 723 557 762 inferiore
568 725 661 762 parte
673 723 790 753 montis.
825 723 872 754 18.
895 723 986 754 Ellons
999 726 1097 754 autem

136 768 228 798 Sinai
247 767 387 806 fumabat
409 769 500 803 totus,
530 776 561 795 eo
584 766 665 804 quod
687 765 888 796 descendisset
911 776 1004 804 super
1028 776 1097 796 eum

132 809 244 841 Ieltova
267 811 300 840 in
323 810 391 849 iyne
414 807 648 846 ascendebatque
668 808 775 846 sumus
797 808 871 844 cius,
892 809 970 839 sieut
990 809 1096 847 sumus

129 853 274 891 fornacis,
298 855 325 883 et
347 854 509 882 commotus
532 853 575 881 est
597 851 762 881 unu-ersus
791 861 879 881 mons
902 851 1093 882 vehementer.

132 896 179 926 19.
203 895 285 926 Erat
301 897 462 933 praetere«
486 894 608 932 clanyor
630 893 773 924 buccinae
790 894 967 931 procedens,
998 896 1023 923 et
1046 893 1093 923 in-

129 938 292 968 valescebat
311 937 410 967 caute:
424 937 527 967 Moses
544 936 730 974 loquebatur,
749 938 775 966 et
787 936 875 966 Dens
893 936 1095 974 respondebat

129 981 157 1011 ei
189 981 222 1010 in
257 989 328 1010 voce.
384 979 433 1010 20.
470 979 673 1010 Descenderat
708 981 808 1009 autem
843 978 953 1009 Ielzora
995 989 1092 1018 supra

129 1025 254 1054 montem
281 1021 379 1057 Sinai,
409 1032 502 1061 super
531 1021 670 1052 verticem
699 1021 826 1052 montis:
853 1024 880 1051 et
905 1021 1021 1052 vocavit
1044 1021 1092 1051 Ie-

127 1065 203 1096 ]zoz'a
226 1064 332 1096 Mosen
356 1065 397 1095 ad
430 1065 570 1095 verticem
595 1064 720 1100 neentis,
751 1064 945 1103 ascenditque
978 1063 1090 1095 Moses.

213 1150 261 1181 16.
285 1149 328 1181 Et
349 1150 409 1188 fuit
431 1149 481 1180 die
503 1150 604 1180 tertia.
654 1149 690 1179 Id
723 1149 899 1180 tenendum
934 1150 1090 1179 memoria

126 1198 174 1224 est
199 1192 281 1232 quod
309 1200 382 1222 ante
407 1191 568 1228 admonui,
594 1192 627 1222 in
655 1192 713 1222 hoc
743 1191 935 1222 formidabili
959 1192 1089 1231 speculo

124 1236 242 1276 partim
266 1234 442 1266 subiectam
465 1235 565 1266 oculis
588 1235 685 1265 fuisse
710 1235 771 1265 Dei
795 1235 1022 1275 praesentiam,
1053 1240 1088 1265 ut

124 1279 192 1309 eius
227 1279 378 1308 maiestas
414 1283 609 1317 spectatores
644 1277 684 1308 ad
722 1278 910 1317 obsequium
948 1282 1086 1317 cogeret,

123 1321 364 1360 doctrinamque
395 1325 552 1351 assereret
581 1331 599 1351 a
629 1326 829 1359 contemptu,
861 1321 979 1360 partim
1011 1330 1087 1351 vero

123 1374 307 1403 expressam
334 1364 430 1394 fnisse
456 1368 607 1393 naturam
632 1363 727 1402 legis,
755 1374 837 1402 quae
862 1373 920 1402 per
945 1374 978 1393 se
1006 1363 1085 1393 nihil

122 1406 211 1437 aliud
235 1416 330 1446 quam
354 1415 459 1436 meros
481 1411 619 1436 terrores
643 1412 786 1446 generat.
812 1406 947 1436 Touitru
972 1411 1001 1435 et
1026 1405 1084 1436 ful-

122 1449 256 1490 guribus
279 1455 309 1479 et
333 1448 428 1479 tubae
451 1449 557 1479 sonitu
582 1455 637 1479 aer
667 1448 813 1479 turbatus
843 1449 915 1483 fuit,
944 1448 1031 1478 fumo
1055 1452 1086 1479 et

121 1492 258 1532 ealigine
281 1501 372 1522 mons
392 1492 534 1529 obrutus,
555 1502 670 1531 nempe
690 1498 723 1522 ut
743 1491 929 1531 suppliciter
948 1491 1084 1530 populus

121 1545 227 1566 eoram
252 1533 322 1565 Deo
345 1545 378 1565 se
402 1539 628 1573 prosterneret,
660 1534 835 1574 foedusque
859 1534 919 1564 sibi
944 1534 1083 1573 proposi-

121 1583 190 1608 tum
214 1584 324 1608 sancte
354 1577 609 1616 amplexaretur:
639 1578 713 1616 qnia
741 1587 904 1616 nunquam
937 1582 1085 1616 penetrat

120 1620 154 1650 in
179 1620 304 1650 animos
329 1619 458 1659 religio,
490 1625 525 1650 ut
555 1620 637 1650 serio
670 1620 729 1650 Dei
761 1620 892 1650 verbnm
919 1619 1084 1658 recipiant,

120 1662 219 1694 donee
244 1663 392 1702 purgatis
416 1673 451 1693 ae
475 1663 625 1693 correctis
650 1663 736 1693 vitiis
759 1662 856 1702 probe
877 1662 999 1693 subacti
1021 1662 1086 1692 fue-

119 1707 192 1736 rint.
240 1706 337 1745 Atqui
369 1705 421 1736 hic
453 1705 548 1735 timor
578 1705 745 1745 evangelio
770 1715 896 1745 quoque
928 1713 975 1736 est
999 1715 1085 1735 eom-

120 1748 243 1779 munis:
279 1748 353 1788 quia
388 1748 480 1778 sicuti
514 1748 546 1777 in
585 1748 654 1788 lege
689 1748 922 1788 promulganda
964 1752 1082 1778 terram

121 1791 282 1822 concussit
306 1791 403 1828 Deus,
426 1791 471 1820 ita
495 1790 533 1821 de
557 1790 678 1821 Christi
703 1791 845 1821 adventu
870 1796 902 1821 et
925 1792 1084 1821 instaura-

121 1834 207 1864 tione
231 1833 382 1864 eeelesiae
406 1844 461 1872 per
481 1833 668 1873 prophetam
691 1833 861 1871 disserens,
886 1833 991 1864 adhue
1011 1843 1086 1872 pau-

121 1875 228 1915 lisper,
248 1876 361 1915 inquit,
383 1883 413 1906 et
426 1876 558 1906 movebo
572 1876 693 1907 eoelum
709 1882 740 1906 et
759 1882 877 1907 terram
891 1875 986 1917 (Agg.
1000 1876 1028 1912 2,
1044 1875 1084 1916 7).

122 1919 235 1958 Itaque
256 1918 371 1955 David,
397 1919 447 1949 ubi
468 1919 636 1949 ostendere
657 1919 726 1949 vult
746 1919 852 1950 Deum
873 1919 969 1949 fuisse
989 1919 1086 1949 eecle-

124 1961 188 1992 siae
211 1972 287 1992 suae
309 1961 475 1998 vindicem,
501 1961 558 1992 hac
578 1962 719 2001 imagine
738 1972 809 1992 eum
831 1961 985 2001 depingit.
1021 1961 1084 1992 Ne-

123 2014 184 2044 que
197 2005 281 2034 enim
296 2003 426 2034 dubium
441 2010 498 2043 est,
517 2015 613 2043 quum
630 2005 707 2035 dicit
720 2004 803 2035 Psal.
821 2005 867 2040 18,
881 2004 915 2035 8:
936 2005 1024 2035 Mota
1038 2010 1085 2034 est

124 2055 155 2077 et
177 2047 371 2077 contremuit
396 2054 490 2083 terra,
515 2053 638 2078 montes
661 2047 807 2078 concussi
831 2052 915 2082 sunt,
939 2046 1085 2078 ascendit

125 2089 231 2119 fumus
255 2090 285 2119 in
311 2089 390 2119 facie
414 2090 491 2125 eius,
524 2090 608 2129 ignis
632 2101 669 2120 ex
693 2101 747 2120 ore
771 2091 838 2121 eius
862 2090 1004 2126 voravit,
1036 2090 1084 2120 in—

126 2131 255 2162 clinavit
277 2132 387 2167 coelos,
413 2138 442 2162 et
467 2132 630 2163 deseendit
653 2133 754 2173 caligo
775 2136 834 2163 sub
854 2133 988 2172 pedibus
1007 2133 1084 2167 eius,

127 2175 201 2212 quin
225 2174 263 2204 ad
288 2174 454 2205 historiam
486 2186 566 2214 quae
596 2185 613 2205 a
638 2175 729 2206 Mose
753 2182 920 2211 narratur,
953 2175 1084 2206 alludat.

128 2214 253 2246 Clarius
272 2217 367 2247 etiam
380 2217 532 2249 Habaeuc
545 2219 573 2253 3,
587 2218 619 2248 3:
642 2218 730 2248 Deus
750 2217 787 2248 de
801 2217 946 2248 Theman
971 2220 1085 2255 veniet,

129 2265 315 2298 sanetusque
338 2259 375 2290 de
398 2267 507 2291 monte
536 2261 673 2291 Pharan.
720 2261 850 2291 Interea
875 2266 982 2291 manet
1006 2261 1084 2291 alte-

129 2310 200 2330 rum
224 2300 301 2331 illud
322 2303 519 2339 membrum,
553 2303 712 2334 horrenda
743 2304 906 2343 prodigia,
933 2303 971 2334 ad
1004 2314 1085 2343 quae

130 2352 338 2381 expavescere
362 2345 512 2384 populum
537 2356 665 2376 necesse
690 2346 766 2383 fuit,
797 2351 950 2386 tanquam
979 2346 1085 2385 sigilla

129 2385 226 2432 fuisse
239 2384 344 2415 addita
367 2387 405 2417 ad
424 2387 502 2428 legis
516 2389 822 2429 promulgationem:
847 2389 919 2428 quia
940 2389 991 2419 lex
1012 2389 1085 2419 data

130 2427 190 2456 fuit
213 2437 292 2466 quae
315 2430 432 2467 sopitas
455 2432 665 2462 conscientias
690 2431 728 2462 ad
749 2432 888 2462 tribunal
910 2432 1032 2469 citaret,
1052 2438 1085 2461 ut

130 2474 217 2499 metu
252 2475 398 2501 aeternae
432 2474 541 2504 mortis
576 2475 613 2504 ad
640 2475 699 2504 Dei
725 2474 976 2504 misericordiam
1011 2484 1084 2505 eon-

130 2512 286 2551 fugerent.

218 2553 264 2584 17.
289 2553 330 2584 Et
361 2555 466 2586 eduxit
499 2558 601 2589 Moses
628 2560 789 2598 populum.
844 2560 1006 2590 Docemur
1037 2559 1086 2590 his
1111 2566 1113 2588 1

707 162 1070 195 COMMENTARIUS
1094 163 1142 193 IN
1167 162 1313 194 EXODI
1337 163 1434 194 CAP.
1460 163 1555 194 XIX.

985 638 1032 668 17.
1058 638 1101 668 Et
1124 662 1125 673 ,

129 2595 238 2626 verbis
261 2606 323 2626 non
345 2597 428 2628 edita
445 2598 542 2631 fuisse
561 2601 705 2642 prodigia
725 2613 805 2642 quae
824 2602 976 2642 populum
995 2602 1084 2642 fuga-

2057 164 2120 195 202

1156 262 1226 285 rent
1240 267 1258 286 a
1272 256 1331 286 Dei
1345 262 1526 296 conspeetu,
1546 266 1603 287 nec
1616 257 1763 287 timorem
1776 256 1874 287 fuisse
1885 255 2050 287 incussum
2064 257 2118 296 qui

1155 299 1363 329 exacerbaret
1387 300 1509 330 animos
1533 299 1564 329 in
1587 298 1692 329 odium
1719 299 1891 336 doctrinae,
1923 298 1978 329 sed
2006 299 2116 330 foedus

1154 339 1217 370 Dei
1253 351 1314 371 nou
1346 342 1452 371 minus
1482 342 1579 372 fuisse
1609 341 1745 372 amabile
1776 351 1870 381 quam
1899 341 2115 372 metuendum.

1154 382 1313 413 Iubentur
1335 384 1418 414 enim
1448 384 1572 415 obviam
1598 385 1644 414 ire
1668 384 1745 421 Deo,
1771 390 1804 414 ut
1831 389 1976 423 prompto
2001 384 2117 415 affectu

1154 435 1187 455 se
1211 425 1250 455 ad
1273 425 1557 465 obtemperandum
1583 427 1707 457 sistant.
1738 426 1809 457 Hoc
1833 431 1938 457 autem
1963 427 2031 457 fieri
2052 437 2115 457 non

1154 473 1280 506 poterat
1303 469 1363 499 nisi
1390 469 1475 499 aliud
1502 470 1535 499 in
1561 469 1630 509 lege
1654 468 1801 499 audirent
1827 479 1922 508 quam
1946 474 2116 508 praecepta

1153 517 1184 540 et
1208 510 1321 542 minas
1368 511 1405 541 In
1431 512 1517 541 fumo
1543 516 1647 542 tamen
1673 517 1705 541 et
1727 512 1816 552 igne,
1847 511 1980 551 aliisque
2004 512 2114 552 signis,

1152 553 1331 591 permixtus
1344 554 1403 583 fuit
1421 554 1536 593 aliquis
1550 555 1646 584 timor
1660 566 1697 584 cx
1712 554 1791 591 legis
1809 553 1920 591 officio,
1945 554 2018 593 quia
2032 565 2115 585 nnn-

1151 605 1245 634 quam
1273 597 1385 626 veniae
1409 607 1508 635 capax
1533 598 1594 627 erit
1617 601 1780 636 peccator,
1810 596 1909 627 donee
1934 603 2040 627 reatus
2064 597 2114 627 sui

1151 638 1297 668 conscius
1322 639 1481 677 trepidare
1506 639 1619 675 diseat,
1655 639 1717 669 imo
1742 639 1873 669 horrore
1897 639 2047 670 confusus
2071 639 2111 669 ad

1151 681 1212 710 Dei
1236 681 1377 711 tribunal
1409 682 1507 711 iaceat
1538 682 1601 712 t'ere
1629 682 1797 712 exanimis.
1845 681 1977 712 Duobus
2002 681 2110 721 proxi-

1149 722 1210 752 mis
1234 723 1380 753 versibus
1404 724 1541 763 explicat
1567 724 1667 755 Moses
1687 723 1770 763 qnod
1793 724 1934 755 breviter
1957 725 2109 764 attigerat

1149 765 1187 795 de
1217 776 1350 797 occursu
1387 767 1456 796 Dei.
1504 766 1607 796 Deum
1643 767 1726 797 enim
1762 767 1975 806 propinquum
2010 767 2108 797 fuisse

1148 808 1251 841 docet,
1283 809 1433 847 quoniam
1466 809 1638 848 apparebat
1666 810 1733 839 eius
1757 809 1907 840 maiestas
1930 809 1963 839 in
1988 810 2107 840 vertice

1147 851 1266 881 montis
1291 851 1390 881 Sinai.
1438 851 1537 881 Addit
1569 857 1677 882 tamen
1711 852 1838 882 stetisse
1860 852 1949 882 intra
1971 851 2105 882 limites:

1145 894 1220 932 quia
1255 893 1341 923 solus
1376 894 1442 933 ipse
1476 893 1683 932 ascendebat,
1723 899 1754 924 et
1795 893 1922 934 quidem
1966 899 2105 925 vocatus.

1145 936 1227 966 Nam
1257 936 1373 966 diserte
1404 937 1602 975 exprimens,
1634 948 1696 967 non
1720 942 1849 976 sponte,
1884 936 1937 968 sed
1962 937 2105 968 vocantis

1145 978 1297 1009 mandato
1323 985 1558 1015 transgressum
1588 979 1684 1010 fuisse
1714 979 1803 1019 vulgi
1836 984 1948 1015 metas,
1977 980 2104 1010 temeri-

1145 1022 1219 1052 tatis
1250 1021 1371 1052 crimen
1402 1032 1419 1052 a
1450 1032 1483 1052 se
1518 1022 1644 1052 avertit.
1702 1022 1802 1052 Porro
1837 1022 2001 1052 inversum
2036 1033 2105 1053 esse

1144 1064 1342 1094 narrationis
1388 1063 1532 1094 ordinem
1573 1075 1611 1094 ex
1654 1068 1804 1095 contextu
1848 1065 1916 1104 ipso
1956 1070 2102 1104 apparet:

1143 1106 1227 1146 qnod
1262 1106 1338 1136 dum
1370 1112 1463 1137 vetus
1498 1107 1655 1146 interpres
1689 1118 1752 1137 non
1787 1107 1936 1137 observat
1972 1118 2103 1138 sensum

1143 1150 1307 1189 pervertit.
1355 1149 1533 1189 Responsio
1556 1150 1617 1179 Dei
1647 1150 1679 1180 in
1704 1160 1779 1180 voce
1802 1148 1993 1180 tantundem
2018 1150 2104 1181 valet

1142 1197 1237 1231 atque
1267 1202 1383 1222 sonora
1414 1197 1468 1222 aut
1499 1192 1628 1229 vocalis,
1658 1203 1771 1231 nempe
1803 1203 1898 1231 quam
1932 1192 2103 1223 exaudiret

1142 1234 1294 1274 populus:
1319 1235 1399 1265 sient
1424 1240 1532 1274 postea
1557 1235 1717 1265 videbitur
1736 1246 1774 1265 ex
1799 1235 1827 1265 4.
1850 1235 1946 1265 Deut.
1969 1245 2036 1274 cap.

1226 1319 1275 1349 21.
1297 1320 1449 1358 Dat-itque
1471 1319 1580 1351 [ebora
1603 1320 1643 1350 ad
1662 1319 1786 1350 Mosen.-
1808 1319 1973 1358 Descende,
1991 1323 2100 1351 contes-

1139 1365 1204 1393 tare
1223 1362 1373 1401 populum
1397 1372 1434 1392 ne
1451 1365 1634 1401 perrumpat
1653 1363 1693 1393 ad
1708 1362 1850 1393 Iehovam
1864 1362 2102 1398 uidendicausa,

1139 1408 1165 1436 et
1188 1406 1278 1436 cadat
1301 1416 1337 1436 er
1360 1405 1404 1435 eis
1427 1405 1596 1435 multitudo.
1643 1406 1691 1435 22.
1718 1405 1799 1443 Quin
1821 1404 1913 1435 etiam
1935 1405 2102 1436 sacerdotes

1138 1449 1193 1487 qni
1212 1449 1462 1487 amaropinquant
1480 1447 1521 1478 ad
1540 1447 1681 1478 Ieleovarn
1703 1447 1888 1486 sanctificent
1909 1457 1948 1485 se,
1971 1458 2007 1478 nc
2025 1448 2103 1487 forte

1138 1493 1303 1530 rupturam
1329 1491 1391 1522 illis
1413 1490 1509 1527 faeiat
1533 1490 1653 1520 Iebova,
1705 1490 1754 1520 23.
1787 1489 1830 1520 Et
1859 1490 1904 1520 ait
1927 1489 2032 1521 Moses
2060 1490 2102 1521 ad

1139 1533 1298 1570 Ieltovarn,
1338 1544 1398 1563 non
1422 1533 1535 1571 potrrz't
1558 1533 1695 1572 populus
1724 1533 1882 1563 ascendere
1910 1533 1943 1563 in
1973 1535 2100 1563 montem

1141 1576 1248 1606 Sinai:
1271 1577 1345 1615 quia
1368 1578 1401 1606 tu
1425 1586 1477 1605 nos
1495 1578 1676 1606 contestatus
1694 1585 1734 1609 es,
1753 1574 1895 1605 dicendo:
1917 1575 2101 1606 distermina

1137 1622 1280 1655 mannent,
1313 1621 1337 1647 et
1360 1618 1518 1657 sanctifica
1542 1618 1638 1649 illum.
1685 1618 1734 1648 24.
1760 1617 1800 1647 Et
1822 1617 1902 1647 dixit
1923 1618 1951 1648 ei
1975 1617 2099 1656 Ieltova,

1137 1662 1221 1700 varie,
1244 1662 1397 1697 descende,
1422 1663 1447 1691 et
1471 1661 1614 1691 ascendes
1636 1663 1668 1690 tu
1691 1659 1858 1690 etAlcaron
1877 1662 1979 1697 tecum,
2002 1670 2100 1691 sacer-

1137 1705 1219 1735 dotes
1241 1707 1344 1735 autem
1374 1706 1400 1733 ct
1417 1704 1554 1742 populns
1578 1713 1635 1733 non
1652 1705 1860 1741 perrzwnpant
1880 1705 1913 1733 ut
1936 1703 2100 1734 ascendant

1137 1748 1178 1777 ad
1220 1747 1384 1780 chovam,
1426 1756 1460 1776 ne
1496 1746 1573 1785 forte
1613 1748 1773 1784 rupturam.
1814 1745 1847 1775 in
1887 1745 1951 1775 illis
1990 1745 2096 1784 faeiat.

1136 1790 1186 1820 25.
1211 1790 1376 1821 Descendit
1410 1789 1510 1828 itaque
1534 1788 1635 1819 Moses
1663 1788 1704 1819 ad
1721 1788 1881 1826 populum,
1909 1790 1935 1818 et
1957 1788 2100 1827 loquutus

1137 1835 1179 1863 est
1202 1832 1287 1872 apud
1309 1842 1366 1863 eos.

1222 1918 1271 1948 21.
1300 1917 1450 1956 Βιζπίέτμιι)
1481 1916 1590 1948 Iebova
1625 1917 1667 1949 ad
1698 1917 1812 1948 Mosen..
1864 1915 2007 1946 Iteratur
2036 1915 2098 1946 Dei

1137 1961 1289 1991 mandato
1313 1959 1423 1991 eadem
1448 1960 1630 1999 prohibitio,
1665 1970 1704 1990 ne
1728 1959 1865 1999 populns
1889 1958 1968 1988 fines
1991 1962 2096 1989 trans-

1137 2003 1278 2039 scendat,
1299 2003 1384 2033 haud
1406 2002 1501 2033 <lubio
1520 2003 1593 2042 quia
1612 2013 1675 2033 non
1696 2003 1773 2033 satis
1796 2001 1908 2032 fuisset
1930 2000 2028 2031 semel
2043 2011 2097 2031 ve-

1137 2047 1252 2077 tuisse:
1277 2046 1359 2085 quod
1384 2056 1421 2076 ex
1447 2046 1547 2076 Mosis
1572 2055 1723 2084 responso
1746 2044 1915 2083 colligitur.
1958 2043 2097 2073 Putabat

1137 2090 1231 2125 enim,
1256 2099 1352 2128 quum
1378 2088 1532 2118 admoniti
1556 2092 1662 2118 essent
1684 2097 1803 2121 omnes,
1828 2085 1907 2116 nihil
1928 2096 2007 2125 opus
2027 2096 2097 2116 esse

1138 2142 1220 2163 novo
1254 2130 1435 2161 interdicto.
1486 2130 1585 2170 Atqui
1616 2130 1836 2161 vehementius
1866 2128 1966 2158 instat
1996 2127 2096 2165 Deus,

1137 2181 1168 2206 et
1192 2175 1307 2204 iterum
1333 2174 1428 2204 minis
1460 2173 1610 2203 adhibitis
1641 2172 1824 2203 denunciari
1853 2171 1941 2201 iubet
1971 2175 2007 2201 ut
2036 2170 2096 2201 sibi

1137 2223 1262 2248 attente
1300 2221 1443 2248 caveant.
1490 2215 1613 2254 Nempe
1651 2215 1770 2246 sciebat
1802 2224 1874 2244 cum
1910 2212 2097 2252 praefractis

1137 2260 1197 2292 sibi
1223 2270 1291 2290 esse
1315 2261 1498 2299 negotium:
1524 2258 1638 2297 quibus
1662 2256 1827 2288 domandis
1851 2256 1954 2286 aerior
1977 2265 2096 2295 poenae

1137 2308 1243 2333 metus
1272 2302 1472 2333 necessarius
1500 2301 1589 2331 foret.
1637 2301 1705 2331 Iam
1737 2309 1833 2339 quum
1865 2297 1966 2328 nihilo
1997 2297 2096 2328 simus

1138 2345 1299 2381 meliores,
1335 2355 1374 2374 ne
1409 2344 1562 2374 miremur
1596 2344 1621 2374 si
1656 2342 1800 2382 pluribus
1834 2340 2094 2371 exhortationum

1137 2387 1277 2419 stimulis
1297 2386 1431 2417 subinde
1456 2396 1512 2416 nos
1536 2385 1624 2416 Deus
1644 2389 1781 2425 pungat,
1817 2383 1983 2422 minasque
2007 2383 2095 2422 inge-

1138 2432 1252 2461 minet:
1277 2430 1393 2469 alioqui
1420 2429 1508 2459 facile
1532 2428 1696 2467 obreperet
1720 2426 1862 2457 omnium
1887 2436 1967 2465 quae
1997 2425 2095 2455 semel

1137 2473 1300 2514 praecepit
1323 2472 1447 2502 oblivio.
1474 2471 1651 2501 Confirmat
1674 2470 1771 2500 etiam
1793 2469 1843 2498 1110
1866 2468 1962 2500 locus.
1984 2473 2096 2507 quant-

1137 2526 1231 2556 opere
1264 2515 1427 2554 displiceat
1458 2514 1525 2544 Deo
1555 2523 1634 2552 quae
1666 2512 1806 2542 humana
1835 2511 1964 2551 ingenia
1988 2509 2097 2540 titillat

1138 2558 1316 2590 curiositas.
1364 2558 1491 2587 Diserte
1513 2556 1596 2586 enim
1626 2555 1730 2590 edicit,
1755 2564 1794 2584 ne
1818 2557 2033 2593 perrumpant
2056 2552 2095 2583 ad

1140 2601 1324 2635 videndum,
1347 2610 1408 2629 nou
1429 2598 1511 2639 quod
1530 2598 1685 2629 occultum
1711 2600 1765 2628 aut
1784 2595 2007 2627 absconditum
2028 2605 2096 2626 esse
