2304 3034
79 174 142 207 573

82 266 258 308 gratificari
281 266 403 302 volunt,
427 264 466 295 ad
489 268 615 303 tempus
639 262 783 293 animum
807 271 901 292 suum
926 265 1043 302 tegere,

81 310 138 341 ubi
153 319 230 341 vero
251 309 290 339 ad
314 308 429 339 seriam
453 304 716 345 exsequutionem
741 308 872 335 ventum
897 308 954 340 est,
979 304 1045 335 elu-

82 351 158 383 dere
187 350 341 392 quidquid
357 349 463 380 ·fuerit
492 346 696 387 promissum.
743 347 842 386 Atqui
865 346 929 377 nisi
952 346 1046 377 liber-

83 398 150 425 tate
169 394 280 425 suain
304 398 445 432 tempore
468 394 620 421 utantur:
645 389 734 419 Deus
757 398 893 428 poenam
917 389 1044 421 servilis

83 436 304 477 indulgentiae
326 439 357 466 et
380 432 644 464 dissimulationis
666 431 755 462 luere
781 431 866 462 vult:
890 431 946 462 sed
969 431 1042 471 quia

84 479 237 510 mulieres
259 488 316 509 sua
340 476 453 507 levitas
482 479 513 505 et
536 474 752 505 inconstantia
775 483 869 513 saepe
893 474 933 505 ad
956 473 1042 505 frau-

84 521 226 552 dandum
264 520 395 556 invitat,
438 516 513 548 huic
553 527 679 556 quoque
717 516 860 555 periculo
902 517 1042 548 occurri-

85 567 147 594 tur.
191 562 321 594 Aecidet
340 566 374 592 ut
392 559 506 590 mulier
528 559 597 590 viro
620 559 770 596 subiecta,
795 559 960 598 praecipiti
983 559 1042 589 zeli

83 606 209 636 fervore
244 608 374 641 voveat,
408 612 444 633 eo
478 607 606 632 mortuo
640 601 674 631 in
706 601 861 632 viduitate
891 606 1042 632 retractet

83 649 225 688 specioso
254 649 438 686 praetextu,
469 644 544 683 quia
574 648 651 675 tunc
679 643 781 674 libera
803 654 866 674 non
890 648 959 674 erat
982 654 1041 675 nec

83 690 134 721 sui
156 690 250 721 iuris:
282 688 363 718 idem
386 686 479 718 faciet
501 696 582 726 quae
604 686 773 726 repudiata
796 696 829 717 se
852 686 1041 726 obstringet,

82 732 195 763 deinde
216 731 269 762 ubi
292 729 448 770 nupserit,
477 729 580 760 soluta
603 729 664 760 sibi
684 728 848 760 videbitur
865 728 894 770 ¹).
932 729 1040 760 Huius

82 775 198 814 impiae
226 772 438 813 poenitentiae
469 782 567 811 quum
590 771 688 802 nimis
710 770 821 802 crebra
844 771 909 802 sint
932 782 1040 802 exem-

82 816 142 857 pla,
165 827 227 847 non
245 815 360 846 mirum
380 818 429 845 est
447 815 473 844 si
498 813 537 844 ad
562 814 689 845 fraudes
713 813 870 844 tollendas
894 814 1041 853 specialis

83 859 188 890 addita
218 857 311 889 fuerit
339 857 453 888 cautio.
501 856 611 895 Quare
641 864 768 896 tempus
797 857 864 887 voti
895 856 1040 887 conside-

81 900 216 932 randum
246 910 314 930 esse
343 900 538 939 pronunciat
562 900 666 937 Deus,
698 904 733 930 ut
756 909 819 930 non
843 899 952 930 minus
975 900 1041 929 sint

81 942 232 974 obnoxiae
261 952 356 981 quam
386 942 413 972 si
443 941 554 972 eadem
586 947 731 973 maneret
754 941 902 973 conditio.
949 941 1040 980 Quae

80 996 155 1026 ergo
173 996 191 1016 a
205 984 309 1025 patria
325 988 483 1024 potestate
497 985 718 1024 emancipatae
741 984 862 1014 fuerint
884 994 943 1024 per
965 995 1039 1015 con-

79 1027 217 1068 iugium,
247 1026 364 1057 deinde
392 1027 441 1058 vel
465 1031 567 1057 morte
591 1028 640 1058 vel
664 1026 797 1067 repudio
821 1027 960 1063 solutae,
985 1037 1038 1058 eas

79 1070 117 1101 ad
151 1073 225 1101 vota
256 1068 412 1100 solvenda
445 1068 587 1100 damnat.
645 1069 818 1103 Caeterum
852 1080 893 1100 ex
927 1069 1039 1100 ultimo

77 1123 174 1144 versu
207 1112 320 1152 eapitis
355 1115 443 1152 patet
477 1111 530 1143 bic
566 1111 645 1143 duas
675 1112 880 1152 exceptiones
910 1112 1039 1152 proprie

78 1154 208 1186 tractari
230 1165 310 1194 quae
332 1154 436 1195 legem
460 1154 643 1194 generalem
670 1156 884 1194 restringunt.

159 1196 187 1228 5.
213 1196 250 1228 Si
272 1200 372 1228 autem
395 1197 521 1228 irritum
542 1197 649 1236 fecerit
665 1200 757 1237 pater
778 1198 854 1228 eius.
888 1196 1040 1229 Notanda

75 1239 219 1279 loquutio
254 1244 318 1271 est:
354 1239 460 1271 Deum
493 1239 619 1280 puellae
652 1241 719 1271 fore
750 1240 941 1280 propitium,
975 1249 1038 1280 qua

792 168 1000 200 TERTIUM
1022 168 1342 201 PRAECEPTUM.

1998 170 2061 202 574

1096 262 1205 293 Moses
1238 263 1355 294 leniter
1388 263 1522 295 stultam
1555 263 1741 294 facilitatem
1776 264 1927 304 castigat:
1966 264 2061 304 paulo

1097 309 1168 344 post
1208 305 1293 336 idem
1336 306 1461 338 dicetur
1503 305 1541 337 de
1584 306 1738 337 uxoribus
1772 307 1960 347 coniugatis.
2017 307 2061 337 Et

1097 352 1183 378 certe
1206 349 1372 379 temeritas
1394 353 1444 380 est
1466 348 1716 388 reprehensione
1739 349 1850 389 digna,
1875 349 1960 389 quod
1983 359 2061 380 suae

1098 389 1289 422 conditionis
1312 391 1535 430 immemores,
1559 391 1649 430 quasi
1673 401 1808 422 excusso
1831 392 1916 432 iugo,
1941 391 1980 422 ad
2004 402 2060 423 au-

1098 431 1238 463 dendum
1262 434 1442 473 prosiliunt.
1477 433 1670 465 Subindicat
1692 443 1769 474 ergo
1793 433 1882 465 Deus
1903 445 1967 465 non
1991 445 2061 465 esse

1097 479 1189 505 extra
1212 475 1354 515 culpam:
1383 476 1439 507 sed
1461 487 1501 507 ne
1524 476 1649 508 occulto
1673 486 1818 507 moerore
1841 481 2059 516 torqueantur,

1096 527 1223 548 omnem
1241 518 1427 558 scrupulum
1444 519 1566 556 eximit,
1591 530 1625 550 se
1644 518 1804 558 placatum
1827 519 1894 549 fore
1917 530 2060 559 pronun-

1095 560 1182 590 cians
1206 561 1232 591 si
1255 560 1384 592 aliunde
1407 561 1561 601 impedita
1584 561 1680 592 suerit
1703 561 1769 592 voti
1792 561 1916 592 solutio.
1963 561 2061 600 Quod

1095 603 1202 632 mariti
1236 603 1288 633 vel
1323 604 1423 643 patris
1457 603 1622 635 dissensus
1652 604 1829 644 requiritur
1859 603 1970 635 eodem
2000 604 2061 642 die,

1094 645 1286 676 tantundem
1306 646 1401 683 valet,
1426 656 1461 677 ae
1484 648 1510 677 si
1535 646 1655 678 dictum
1679 651 1772 684 esset,
1795 657 1861 676 non
1885 657 1978 687 posse
2000 647 2060 677 im-

1094 687 1221 726 probari
1252 688 1335 727 quod
1367 689 1464 719 semel
1496 689 1664 729 placuerit.
1710 689 1813 720 Porro
1837 696 1942 720 tacere
1965 689 2061 720 uxori

1095 729 1144 759 vel
1176 731 1276 766 filiae,
1305 731 1467 771 significat
1490 742 1553 762 non
1578 742 1613 763 se
1636 742 1814 772 opponere,
1847 731 1902 762 sed
1926 731 2060 763 tacendo

1095 771 1171 803 dare
1195 773 1324 814 signum
1349 774 1523 805 annuendi.

1177 815 1206 845 9.
1238 814 1348 846 Votum
1378 818 1477 846 autem
1504 827 1589 847 omne
1610 817 1730 848 viduae.
1776 816 1855 847 Dixi
1879 827 1936 848 cur
1957 816 2059 847 nomi-

1094 858 1195 887 natim
1217 857 1254 888 de
1280 858 1385 888 viduis
1408 859 1594 899 praecipiat,
1619 871 1659 889 ne
1681 859 1802 890 scilicet
1826 859 1943 890 mulier
1966 859 2060 890 novis

1095 901 1215 939 nuptiis
1239 910 1273 930 se
1297 900 1438 940 elapsam
1464 912 1535 932 esse
1558 906 1664 941 putet,
1695 902 1769 941 quia
1792 902 1856 932 iam
1879 902 1996 932 iterum
2020 901 2060 932 li-

1094 941 1169 972 bera
1192 953 1255 973 non
1278 944 1319 973 sit
1341 948 1468 983 recepto
1493 944 1580 984 iugo:
1606 950 1641 975 ut
1663 955 1757 984 saepe
1781 944 1937 975 eiusmodi
1959 944 2058 976 cavil-

1093 984 1132 1015 lis
1156 996 1224 1016 sese
1249 985 1408 1017 extricant
1432 985 1587 1018 homines.
1624 987 1691 1018 Nec
1715 987 1801 1018 aliud
1826 987 1934 1027 agitur
1957 997 2060 1027 usque

1093 1027 1131 1057 ad
1151 1028 1247 1058 finem
1268 1038 1382 1059 versus
1401 1028 1580 1068 penultimi,
1604 1030 1701 1060 nimis
1719 1030 1805 1060 enim
1824 1040 1930 1061 crasse
1953 1029 2058 1061 hallu—

1092 1070 1192 1100 cinati
1223 1076 1314 1109 sunt,
1345 1071 1400 1110 qui
1424 1071 1462 1102 de
1485 1072 1609 1102 familia
1632 1073 1892 1111 interpretantur
1915 1076 1947 1103 et
1970 1072 2058 1103 hero.

1092 1112 1157 1142 Res
1174 1118 1258 1144 certe
1277 1113 1347 1152 ipsa
1366 1113 1428 1144 tale
1448 1120 1665 1146 commentum
1689 1125 1754 1145 non
1778 1114 1935 1146 admittit:
1960 1115 2060 1146 verba

1063 1162 1067 1195 1
1092 1155 1190 1186 etiam
1214 1155 1315 1186 Mosis
1338 1161 1529 1196 repugnant.
1566 1156 1639 1196 Quo
1659 1157 1764 1197 magis
1787 1158 1905 1188 mirum
1930 1163 1978 1189 est
2000 1157 2058 1188 ho-

1090 1198 1192 1229 mines
1222 1198 1353 1238 linguae
1386 1198 1554 1231 hebraicae
1583 1200 1702 1240 peritos
1725 1200 1845 1231 claram
1868 1199 1971 1231 lucem
1992 1210 2058 1231 non

1091 1240 1219 1272 vidisse.

478 1616 811 1653 APPENDICES
832 1616 1009 1652 TERTII
1030 1617 1329 1654 PRAECEPTI
1352 1617 1649 1655 POLITICAE.

359 1748 423 1780 EX
446 1749 505 1780 LE
512 1749 596 1780 VIT.
621 1748 750 1781 XXIV.

1094 1753 1270 1789 utrumque,
1300 1751 1380 1789 quod
1407 1760 1467 1781 non
1489 1751 1655 1782 menslei-it
1676 1761 1803 1782 manum
1825 1762 1915 1782 suom
1938 1753 1970 1783 in
1992 1763 2057 1783 rem

1037 1827 1041 1831 ¹
1087 1794 1228 1831 proaeimi
1247 1794 1307 1831 Sui,
1331 1795 1356 1823 et
1377 1792 1462 1824 illius
1479 1794 1622 1825 dominus
1645 1795 1798 1833 suscipiet,
1824 1795 1887 1833 ipse
1908 1805 1976 1826 vero
1998 1805 2059 1827 non

161 1825 209 1856 15.
233 1826 287 1857 Act
307 1826 390 1865 filios
414 1826 517 1857 Israel
538 1826 680 1865 loqueris,
704 1826 845 1858 dicendo:
866 1825 966 1857 Homo
989 1836 1041 1865 qui

76 1868 270 1900 maledixerit
300 1868 367 1900 Deo
394 1879 465 1907 suo,
487 1868 624 1908 portabit
651 1869 749 1900 scetus
778 1878 876 1899 suum.
923 1869 970 1899 16.
1000 1869 1043 1900 Et

77 1911 129 1949 qut
151 1910 342 1950 transfixerit
363 1921 470 1943 nomen
494 1911 636 1949 Iehovae,
659 1914 754 1943 morte
775 1912 940 1943 moriatur.-
962 1911 1042 1951 lapi-

76 1953 178 1984 dando
206 1953 360 1993 lapidabit
389 1964 456 1985 eum
483 1955 648 1985 universus
670 1957 782 1993 coetus,
810 1955 873 1984 sive
895 1954 1043 1994 indiffena

76 1995 185 2035 fuerit,
208 1997 272 2027 sive
288 1997 488 2036 pereyrinus,
512 2008 606 2037 quiem
627 1998 817 2036 transfixerit
838 2007 956 2034 nomen,
980 2007 1042 2028 mo-

77 2038 187 2070 riatur.

354 2182 418 2214 EX
442 2181 589 2214 EXODI
612 2183 717 2215 XXII
728 2184 762 2225 ²).

165 2249 194 2280 9.
210 2249 245 2281 Si
263 2251 333 2290 quis
351 2251 465 2282 dederit
478 2252 625 2290 proximo
643 2262 698 2282 suo
721 2252 855 2288 asinum,
880 2252 924 2283 ret
936 2252 1043 2290 bovem,

83 2291 127 2321 vel
153 2302 247 2328 ovem,
270 2296 323 2324 aut
346 2294 541 2333 quodcunque
563 2295 732 2325 immeritum
755 2295 787 2324 in
810 2296 994 2332 custodiam,
1018 2298 1044 2327 et

84 2332 162 2363 illud
183 2337 332 2366 mortuum
353 2336 460 2375 fuerit,
490 2339 543 2367 aut
565 2337 753 2376 confractum
774 2340 829 2368 aut
850 2340 972 2376 captum
994 2348 1045 2369 ize-

84 2375 163 2405 mine
194 2377 325 2408 vidente:
360 2378 407 2409 10.
443 2378 516 2410 Erit
549 2380 768 2410 iusiuraizzlmn
804 2380 931 2411 [elman
963 2382 1069 2414 inter}

170 2467 197 2501 1)
223 2468 353 2503 Princeps
381 2471 507 2497 habebat.-
535 2472 607 2496 Idem
636 2472 715 2497 faciet
744 2480 812 2504 quae
838 2473 889 2498 inm
915 2474 1044 2499 obstricta

86 2501 270 2533 repudiabitur
291 2512 305 2528 a
323 2506 426 2530 marito.

170 2535 198 2567 2)
216 2536 296 2562 Hune
313 2538 396 2564 locum
414 2540 595 2572 depromimus
613 2548 645 2565 ex
663 2541 725 2566 edit.
745 2540 823 2566 1563.
852 2541 934 2568 Abest
952 2551 969 2567 a
987 2551 1044 2568 ver·
1068 2567 1069 2573 ,

87 2569 160 2594 sione
181 2570 279 2601 yallica
301 2575 325 2596 et
341 2573 374 2598 ab
392 2574 450 2599 edd.
469 2575 570 2599 latinis.
608 2574 682 2599 Idem
703 2575 845 2600 dicendum
863 2576 895 2601 de
914 2584 1042 2602 commen-
1068 2580 1069 2597 ἓ

85 2602 158 2628 tario
169 2602 220 2629 hue
231 2605 384 2637 pertinente.
414 2607 541 2640 Refertur
560 2609 653 2634 melius
671 2609 708 2634 ad
727 2613 846 2635 octavum
864 2614 1042 2644 praeceptum.

1093 1836 1239 1867 restituet.

1180 1921 1288 1951 Levit.
1313 1920 1370 1959 24,
1397 1921 1445 1952 15.
1477 1921 1531 1952 Ad
1556 1921 1639 1960 filios
1663 1922 1766 1953 Israel
1788 1922 1927 1961 loqueris.

1096 1964 1159 1994 iam
1191 1963 1309 1994 clarius
1340 1968 1429 2003 patet
1460 1964 1557 1994 finem
1590 1965 1677 1995 tertii
1708 1965 1869 2005 praecepti
1898 1964 1996 1996 fuisse
2023 1970 2061 1996 ut

1096 2017 1158 2045 qua
1194 2006 1285 2037 decet
1320 2006 1525 2038 observantia
1557 2011 1588 2038 et
1618 2009 1825 2038 veneratione
1855 2007 1980 2039 colatur
2009 2019 2059 2039 sa-

1096 2059 1185 2080 crum
1211 2049 1270 2079 Dei
1296 2059 1429 2086 nomen,
1453 2049 1529 2089 quia
1553 2060 1655 2089 poena
1678 2050 1792 2090 eapitis
1815 2050 1961 2081 sancitur
1983 2061 2059 2081 con-

1097 2091 1229 2122 tumelia
1267 2101 1329 2131 qua
1370 2092 1526 2122 violatum
1568 2093 1672 2123 fuerit.
1731 2093 1813 2123 Nam
1848 2092 2059 2124 maledicendi

1097 2134 1194 2165 verbo
1218 2134 1325 2165 Moses
1353 2135 1502 2174 profanas
1530 2145 1641 2166 omnes
1667 2138 1699 2165 et
1721 2135 1863 2175 impuras
1888 2145 1980 2166 voces
2004 2135 2059 2166 de-

1095 2177 1203 2217 signat
1232 2187 1314 2216 quae
1345 2176 1384 2207 ad
1414 2176 1552 2209 dedecus
1576 2177 1766 2208 inurendum
1792 2177 1941 2208 tendunt:
1973 2181 2008 2208 ut
2031 2178 2058 2210 si

1095 2220 1166 2259 quis
1180 2220 1283 2249 Deum
1305 2219 1355 2250 vel
1380 2220 1559 2251 iniustitiae
1584 2221 1633 2251 vel
1658 2220 1857 2251 crudelitatis
1882 2220 2057 2258 insimulet,

1094 2262 1143 2292 vel
1169 2272 1242 2292 eum
1267 2262 1385 2293 laceret
1407 2263 1575 2300 conviciis,
1607 2262 1658 2294 vel
1681 2274 1719 2293 ex
1744 2263 1885 2302 professo
1908 2262 2059 2294 detrahat

1095 2305 1164 2335 cius
1192 2304 1327 2344 gloriae,
1357 2305 1425 2336 sive
1455 2304 1485 2335 id
1516 2316 1574 2345 per
1598 2305 1795 2337 iracundiam
1820 2306 1884 2342 fiat,
1908 2305 1977 2336 sive
2001 2317 2059 2346 per

1095 2347 1304 2387 proterviam,
1329 2351 1364 2377 ut
1387 2347 1479 2377 multi
1503 2348 1685 2387 exasperati
1709 2352 1864 2379 evomunt
1887 2348 2058 2380 horribiles

1096 2390 1320 2429 blasphemias,
1348 2389 1402 2420 alii
1416 2390 1448 2420 in
1470 2390 1617 2421 ludibriis
1638 2390 1803 2421 audaciam
1831 2400 1923 2421 suam
1949 2396 2057 2422 osten-

1096 2437 1174 2463 tant.
1218 2431 1404 2463 Secundum
1437 2443 1565 2464 versum
1591 2432 1673 2472 quod
1697 2432 1744 2463 bis
1769 2433 1887 2473 legitur
1911 2435 2057 2473 proximo

1097 2485 1190 2506 versu
1220 2481 1274 2518 ΞΡ]
1302 2475 1465 2515 significat
1488 2476 1646 2506 Hebraeis
1670 2485 1785 2506 cavare
1810 2476 1859 2506 vel
1884 2477 2056 2516 perforare,

1095 2524 1127 2548 et
1145 2528 1200 2557 per
1219 2517 1439 2557 metaphoram
1460 2518 1637 2558 explicaro:
1661 2518 1744 2549 sicut
1762 2518 1872 2549 Latini
1895 2519 2057 2550 enucleari

1095 2560 1206 2591 dicunt
1224 2559 1308 2599 quod
1328 2560 1455 2599 penitus
1479 2561 1651 2591 excutitur.
1687 2560 1760 2591 Non
1785 2561 1878 2601 longe
1901 2561 2058 2593 absimilis

1095 2609 1143 2634 est
1184 2602 1391 2642 metaphorae
1425 2603 1505 2634 ratio
1540 2604 1571 2633 in
1605 2603 1807 2635 contumelia.
1853 2604 1936 2634 Nam
1971 2604 2057 2644 quod

1973 1922 2060 1954 Hinc
