2304 3034
127 169 188 199 229

126 272 190 298 cor.
213 263 402 294 tantundem
427 264 511 295 valet
534 274 570 295 ac
592 263 720 302 penitus
741 261 925 292 recondere.

127 316 222 344 quam
246 306 299 335 ubi
323 317 437 336 nomen
462 307 587 337 animae
609 304 809 344 adiungitur,
833 303 937 335 cordis
967 314 1083 334 nomen

128 347 166 377 ad
191 354 331 378 mentem
355 349 507 386 refertur,
541 348 590 379 vel
614 353 661 377 est
683 346 916 386 intelligentiae
939 346 1081 376 facultas.

128 390 165 420 In
191 401 332 427 summa,
363 391 450 422 iubet
483 401 547 421 non
582 395 707 420 tantum
738 389 771 419 in
806 394 913 419 mente
944 388 1081 419 defixam
1108 418 1110 424 ⁴

1108 432 1110 439 '
1134 432 1167 462 in
1200 433 1268 471 ipso
1297 438 1400 463 terrae
1424 434 1572 473 ingressu
1602 440 1730 465 exstare
1759 439 2019 472 monumentum,
2054 445 2094 466 ex

128 432 245 463 habere
278 433 398 473 legem,
433 433 487 464 sed
521 434 643 464 sincero
677 441 801 470 quoque
835 432 933 461 animi
966 431 1082 462 affectu

127 476 285 514 amplecti.
337 476 485 506 Secundo
518 473 719 506 commendat
751 473 830 504 illud
863 473 945 513 quod
981 483 1083 512 nuper

127 518 266 548 vidimus
290 519 461 548 memoriae
483 517 725 548 adminiculum:
756 526 871 555 nempe
895 521 931 546 ut
953 516 985 546 in
1010 516 1082 546 bra-

127 560 206 591 chiis
236 571 268 591 et
298 561 455 591 frontibus
483 564 610 600 gestent
645 564 829 598 praecepta:
865 569 901 590 ac
936 559 961 589 si
992 559 1082 588 Deus

126 603 190 633 illis
210 603 333 634 assidue
357 608 543 639 occurreret,
567 601 606 632 ad
626 601 813 632 excitandos
833 611 941 631 eorum
956 611 1081 631 sensus.

126 645 238 685 Neque
265 646 349 676 enim
373 644 420 685 (ut
443 645 561 675 dietum
582 643 642 685 est)
671 644 826 683 ligaturas
857 643 946 674 Deus
976 653 1079 673 mora-

126 693 178 718 tus
201 693 263 718 est:
293 687 347 718 sed
377 690 407 717 in
439 687 535 718 alium
560 687 656 717 finem
680 686 780 716 voluit
804 697 856 717 eas
880 687 912 716 in
944 685 1082 717 brachiis

126 736 159 761 et
181 731 337 761 frontibus
360 730 510 769 spectari:
535 739 648 768 nempe
673 734 706 759 ut
730 729 859 768 pietatis
883 739 991 759 curam
1006 739 1080 768 sug-

126 778 275 812 gererent
298 778 329 802 et
352 776 551 802 renovarent.
596 771 720 802 Deinde
745 782 798 802 eas
821 772 854 801 in
879 776 1012 802 ornatus
1035 771 1080 801 lo-

125 826 197 846 cum
221 815 402 851 substituit,
438 820 471 845 ut
494 820 692 845 assuesceret
714 814 851 854 populus
874 814 1080 854 praecipuam

125 868 163 888 ex
195 857 273 898 legis
308 857 510 888 meditatione
542 857 786 887 oblectationem
818 867 940 896 capere.
987 856 1081 888 Unde

125 900 202 931 satis
224 900 378 930 refellitur
400 899 498 930 stulta
527 899 583 930 illa
605 899 751 933 ambitio,
781 899 863 939 quod
892 899 1080 940 hypocritae

124 953 162 973 ex
197 942 330 973 fimbriis
363 947 393 972 et
428 941 585 972 similibus
619 943 713 982 nugis
747 942 864 972 famam
899 942 1080 973 sanctitatis

124 989 308 1024 captarunt:
339 994 466 1015 crassus
495 985 590 1015 etiam
621 995 710 1015 error
739 985 837 1016 totius
861 985 965 1025 vulgi,
996 983 1078 1023 quod

124 1035 257 1057 externo
298 1027 407 1057 habitu
446 1037 479 1057 se
512 1038 589 1067 erga
622 1028 728 1058 Deum
770 1027 902 1067 defungi
941 1027 1078 1066 putavit.

122 1069 244 1100 Eodem
267 1070 404 1109 pertinet
428 1069 509 1109 quod
533 1074 644 1109 postea
663 1070 816 1109 sequitur,
840 1076 875 1100 ut
894 1070 1080 1101 scribantur

122 1118 291 1152 praccepta
320 1112 353 1142 in
384 1113 484 1152 portis
514 1112 643 1143 urbium
667 1118 699 1143 et
722 1113 752 1143 in
778 1113 913 1152 privatis
937 1111 1077 1143 aedibus.

122 1155 272 1185 Diximus
294 1155 378 1185 enim
403 1160 438 1186 ut
460 1166 639 1195 propensae
662 1160 740 1185 sunt
763 1155 801 1185 ad
827 1156 1001 1186 vanitatem
1022 1155 1078 1185 ho-

120 1199 241 1228 minum
265 1203 398 1235 mentes,
421 1204 452 1229 et
474 1198 653 1228 innumeris
674 1198 834 1229 illecebris
855 1198 991 1228 subinde
1015 1197 1078 1228 dis-

119 1241 308 1276 trahuntur,
343 1240 460 1271 talibus
484 1240 670 1271 retinaculis
694 1251 773 1280 opus
798 1241 924 1271 habere.
971 1242 1077 1279 Atque

120 1283 170 1314 hic
200 1284 273 1314 finis
302 1283 385 1313 clarc
416 1283 622 1323 exprimitur,
652 1283 727 1313 dum
755 1283 900 1323 singulos
929 1282 1016 1313 iubet
1039 1283 1077 1313 de

118 1326 294 1365 praeceptis
317 1325 398 1365 legis
421 1326 587 1364 disserere,
610 1326 679 1356 sive
702 1326 869 1365 quiescant
892 1326 985 1361 domi,
1011 1326 1077 1356 sive

118 1369 380 1408 peregrinentur.
409 1370 477 1399 sive
509 1368 683 1399 dormitum
714 1374 804 1406 eant,
836 1369 904 1400 sive
928 1375 1076 1408 surgant:

118 1412 191 1451 quia
223 1411 285 1441 nisi
319 1411 449 1442 accedat
481 1411 591 1442 sedula
625 1412 832 1449 exercitatio,
867 1412 932 1442 fere
967 1412 1074 1442 statim

117 1464 305 1485 evanescere
328 1454 485 1494 contingit
515 1454 668 1494 quidquid
703 1455 800 1485 semel
827 1455 971 1484 homines
995 1453 1075 1484 didi-

116 1497 226 1527 cerint.
283 1496 381 1527 Addit
416 1502 582 1536 praeterea
615 1497 712 1527 alium
754 1496 851 1528 huius
892 1497 1077 1537 diligentiae

115 1538 271 1570 fructum:
308 1550 423 1579 nempe
457 1545 493 1570 ut
521 1550 585 1570 non
617 1546 743 1570 tantum
771 1540 926 1580 privatim
957 1539 1073 1580 singuli

115 1581 175 1611 sibi
198 1582 375 1619 consulant,
405 1582 458 1612 sed
483 1581 632 1613 erudiant
655 1582 752 1613 etiam
780 1593 856 1613 suos
885 1582 983 1619 filios,

114 1623 168 1654 lex
191 1623 253 1654 Dei
277 1631 430 1664 perpetua
455 1626 658 1656 successione
680 1636 807 1665 semper
831 1625 947 1665 vigeat.

1014 1593 1075 1622 quo

399 1769 461 1799 EX
482 1769 613 1800 DEUT.
634 1769 783 1800 XXVII.

199 1833 225 1863 1.
249 1832 291 1876 Εἰ
308 1833 467 1871 praecepit
487 1833 590 1863 Illoses
612 1835 637 1863 (i
655 1834 789 1864 seniores*
803 1833 936 1864 Israelis
953 1833 1071 1872 populo
1097 1858 1099 1862 ,

114 1874 249 1912 dicendo,
267 1867 398 1906 Custodi
421 1877 523 1906 omnia
542 1879 706 1914 praecepta
735 1887 813 1915 (suae
836 1887 887 1916 eqo
915 1877 1071 1915 prateipio

113 1917 194 1947 vobis
213 1917 307 1948 hodie.
353 1918 380 1948 2.
405 1917 493 1953 Erit,
524 1929 581 1957 qao
611 1919 660 1949 die
689 1919 881 1949 transieritis
905 1919 1071 1950 Iordanem

114 1960 154 1989 ad
175 1963 287 1990 terram
315 1971 406 1999 qnam
437 1944 549 1991 leliova
572 1960 660 1991 Deus
689 1964 761 1991 tuus
783 1962 837 1992 dat
858 1961 927 1999 tibi,
957 1965 1071 1992 statues

113 2002 165 2032 tibi
187 2002 306 2041 lapides
328 2014 460 2042 maynos,
484 2007 510 2033 et
533 2004 611 2035 lines
633 2004 718 2034 calce.
769 2004 797 2034 .“3.
822 2004 864 2034 Et
892 2005 1004 2035 scribes
1037 2005 1070 2034 in

113 2044 177 2074 illis
199 2046 301 2076 omma
322 2046 412 2076 ‘verba
436 2046 511 2085 leyis
532 2046 635 2081 huius,
667 2057 762 2085 qzczcm
784 2048 948 2077 transieris
970 2050 1002 2077 vut
1024 2057 1070 2076 ve-

113 2087 183 2117 nias
204 2087 237 2117 in
258 2090 371 2118 terram
394 2099 487 2127 qaam
510 2089 622 2119 Ieltova
646 2089 734 2120 Dius
756 2092 826 2120 {iilis
849 2090 900 2120 dat
923 2090 985 2124 tihi,
1009 2092 1068 2120 ter-

113 2139 181 2159 ram
196 2130 335 2167 fluentem
356 2131 432 2162 lacte
454 2134 480 2162 et
503 2131 599 2161 melle:
624 2133 701 2162 sicut
729 2132 870 2171 loquutus
892 2135 935 2163 est
958 2132 1070 2163 Ielzova

115 2170 201 2201 Dens
217 2175 344 2210 patrum
366 2177 484 2204 tuorum
508 2174 571 2204 tibi.
603 2174 630 2204 4.
655 2173 729 2205 Erit
750 2185 817 2214 rrqo
832 2185 925 2213 quum
939 2175 1069 2206 transie-

115 2213 185 2243 ritis
207 2214 387 2251 Iordanem
417 2218 555 2247 statuetis·
577 2217 698 2255 lapides
727 2218 801 2248 istos
823 2209 859 2249 de
879 2218 990 2257 quibus
1019 2228 1070 2257 eqo

111 2256 265 2295 praecipio
286 2257 368 2289 vobis
389 2258 484 2296 hodie,
509 2263 536 2289 et
557 2260 636 2290 lines
658 2270 706 2290 eos
726 2260 814 2291 calce.

240 2399 444 2433 EIUSDEM
467 2403 645 2436 OAPITIS
672 2404 823 2436 VERSU
847 2404 941 2435 VIII.

200 2469 242 2500 Ec
271 2472 381 2503 scribes
408 2474 439 2504 in
463 2475 618 2514 lapidibus
640 2477 744 2507 omnia
766 2476 856 2508 ierba
879 2477 956 2517 Zeyis
977 2477 1071 2509 liuius

114 2512 253 2543 distinete
268 2512 288 2553 ¹)
310 2514 494 2554 implicando.

185 2605 212 2638 1)
232 2605 266 2631 In
284 2607 418 2640 maryine:
435 2610 468 2634 ad
487 2610 606 2642 verbum,
625 2613 701 2639 bene.

848 169 1110 200 PRAEFATIO
1133 169 1181 199 IN
1204 169 1374 200 LEGEM.

971 260 1084 300 Quan-
1109 297 1111 304 .

1107 644 1109 650 ’
1134 654 1302 675 summam.

1101 1737 1102 1742 ,
1128 1710 1272 1739 ΙθΙιονιυη
1297 1710 1398 1739 Deum
1420 1712 1565 1746 vestrum,

1099 1754 1101 1775 ἰ
1125 1753 1189 1783 turi
1211 1754 1282 1782 estis
1304 1763 1398 1791 super
1419 1755 1541 1788 terram,
1566 1753 1606 1782 ad
1629 1762 1721 1790 quam
1743 1753 1925 1784 transmisso
1947 1754 2086 1785 Iordane

2034 173 2098 205 ‘230

1542 263 1665 294 Eodem
1693 264 1833 304 pertinet
1862 264 1922 296 hoc
1944 275 2093 304 praecep-

1614 307 1697 337 Nam
1721 307 1804 338 sicut
1827 307 1929 338 voluit·
1948 307 2037 338 Deus
2059 308 2093 338 in

1222 263 1248 293 1.
1272 261 1315 293 Et
1332 264 1497 302 praeeepic.

1135 309 1201 334 tum
1227 316 1287 344 quo
1311 306 1373 336 alia
1396 307 1569 345 superiora.

1109 347 1110 358 ³
1135 347 1261 377 aedium
1286 348 1430 387 postibus
1454 349 1548 379 scribi
1571 360 1629 380 sua
1652 355 1832 389 praecepta,
1856 355 1888 380 et
1910 351 1944 380 in
1957 351 2097 381 vestium

1134 389 1283 425 fimbriis,
1316 396 1351 420 ut
1380 391 1480 421 oeulis
1510 391 1636 422 assidue
1667 397 1887 429 occurrerent,
1918 393 1963 423 ita
1993 392 2096 424 voluit

1135 484 1196 513 quo
1230 474 1366 505 disceret
1400 476 1536 515 populus
1569 477 1601 507 in
1637 488 1674 507 ea
1706 487 1739 507 se
1773 477 1919 508 habitare
1952 482 1987 508 ut
2016 488 2095 517 pure

1135 517 1241 547 Deum
1265 517 1390 548 coleret.
1416 519 1502 558 Ergo
1526 529 1566 549 ne
1589 529 1728 559 unquam
1752 519 1877 550 incuria
1896 520 2007 560 populi
2025 521 2096 551 obs-

1134 569 1212 589 cura
1234 560 1352 590 iaceret
1375 560 1453 599 legis
1476 562 1624 601 cognitio,
1649 567 1704 592 aut
1730 562 1793 593 ullo
1814 562 1907 593 modo
1930 562 2094 593 obliterari

1135 607 1261 641 posset,
1307 602 1408 633 voluit
1451 603 1541 634 Deus
1581 604 1614 634 in
1656 605 1786 635 sublimi
1827 606 1968 645 conspici
2008 605 2094 636 illins

1359 645 1453 676 Unde
1486 646 1645 686 colligitur
1678 647 1854 678 similitudo
1895 658 1990 687 quam
2026 647 2094 678 dixi

1134 687 1217 717 inter
1243 688 1385 726 privatas
1416 689 1615 728 singulorum
1645 689 1754 721 domos
1784 695 1815 720 et
1838 694 1936 720 totam
1963 695 2092 721 terram.

1134 728 1242 767 Quum
1266 731 1298 760 in
1323 730 1442 761 foribus
1466 732 1585 771 scripta
1606 737 1712 763 essent
1735 737 1918 772 praecepta,
1948 731 2094 763 admoni-

1134 776 1185 802 tus
1215 772 1351 811 quisque
1381 772 1442 802 fuit
1474 773 1603 804 domum
1642 785 1732 805 suam
1763 785 1884 806 sacram
1915 785 1985 806 esse
2014 776 2092 806 Deo.

1134 813 1257 845 Similis
1282 815 1378 845 totius
1401 821 1504 846 terrae
1527 816 1586 846 fuit
1616 818 1711 855 ratio,
1742 824 1777 848 ut
1807 818 1925 848 scirent
1958 818 2094 857 quicun-

1133 867 1193 896 que
1216 856 1293 887 illuc
1316 857 1592 897 ingrediebantur
1617 861 1706 898 quasi
1730 860 1906 891 sacrarium
1930 870 1998 891 esse
2021 870 2093 891 coe-

1132 899 1221 930 lestis
1245 899 1431 930 doctrinae:
1454 906 1549 940 atque
1568 902 1612 932 ita
1631 902 1843 933 incitarentur
1861 903 2004 933 omnium
2024 907 2093 934 stu-

1132 941 1184 972 dia
1207 941 1246 972 ad
1270 953 1384 981 pulum
1410 942 1470 973 Dei
1494 944 1624 974 cultum.
1650 946 1735 984 Apta
1759 950 1866 976 autem
1885 950 1917 976 et
1935 945 2093 977 concinna

1104 988 1106 994 ‘
1131 985 1309 1024 scripturae
1332 986 1503 1024 expiessio,
1534 987 1624 1017 cuius
1647 988 1766 1018 mentio
1789 988 1826 1018 fit
1850 992 1962 1019 octavo
1985 998 2093 1028 versu,

1131 1027 1170 1058 ad
1195 1027 1370 1058 tollendam
1397 1028 1633 1068 ignoiationem
1656 1030 1742 1061 facit

1335 1198 1396 1229 EX
1418 1198 1549 1230 DEUT.
1571 1198 1735 1230 OAPJTE
1753 1199 1886 1231 XXXI.

1218 1283 1265 1313 10.
1290 1282 1333 1313 Ei
1348 1283 1505 1323 praecepit
1528 1283 1644 1314 Levitis
1663 1284 1777 1322 Moses,
1800 1284 1932 1322 dicendo,
1958 1284 2091 1325 Septimo

1131 1336 1247 1365 quoque
1270 1336 1351 1356 anno
1373 1329 1500 1364 tempore
1523 1327 1597 1357 anui
1619 1327 1826 1363 remissionis,
1856 1327 1891 1358 in
1912 1328 2090 1360 solennitate

1130 1368 1403 1405 tabernaculorum,
1455 1369 1502 1399 11.
1538 1369 1638 1407 Quum
1666 1370 1781 1400 venerit
1802 1370 1966 1402 universus
1988 1371 2091 1403 Israel

1131 1414 1163 1441 ai
1185 1414 1335 1450 appareat
1356 1421 1457 1441 corani
1481 1411 1594 1442 leleova
1616 1411 1690 1448 Deo,
1714 1412 1748 1442 in
1770 1412 1830 1443 loeo
1852 1423 1939 1451 quem
1960 1413 2089 1454 eleyerit,

1130 1454 1207 1493 {eyes
1229 1454 1321 1494 leqem
1346 1454 1435 1484 islam
1462 1464 1564 1485 coram
1586 1455 1727 1485 universo
1751 1455 1870 1486 Israele
1902 1456 1937 1486 in
1958 1457 2091 1488 auribus

1129 1507 1250 1527 eoram:
1292 1496 1339 1527 12.
1367 1496 1580 1536 Cougsreyando
1598 1497 1756 1536 populum,
1779 1497 1869 1535 viros,
1893 1500 1919 1528 et
1936 1499 2088 1537 mulieres,

1124 1539 1273 1578 parrulos
1295 1543 1321 1569 ct
1337 1540 1517 1579 pereyrinos
1539 1540 1592 1578 qui
1614 1542 1685 1569 sani
1709 1540 1789 1570 intra
1805 1543 1916 1578 portas
1938 1543 2024 1578 tum,
2055 1545 2090 1573 ut

1129 1582 1267 1619 andiunt,
1291 1585 1315 1611 (Ἰ
1334 1582 1462 1617 diseunt,
1479 1583 1658 1620 timeantque
1670 1581 1813 1612 leliovam
1826 1582 1928 1613 Deum
1945 1586 2087 1623 oestrum,

1128 1628 1153 1655 e!
1176 1625 1346 1655 custodiant
1366 1624 1505 1662 faciendo
1524 1625 1626 1655 omnia
1645 1624 1733 1655 verba
1751 1624 1826 1664 leqis
1844 1624 1946 1657 huius.
1983 1627 2030 1658 13.
2045 1627 2087 1658 Et

1124 1668 1186 1706 filii
1208 1678 1313 1698 eoram
1336 1668 1389 1706 qni
1408 1678 1466 1697 ozon
1479 1667 1776 1703 noverimtaadiani,
1800 1669 1826 1698 ei
1847 1668 1966 1699 discant
1983 1670 2087 1701 timere

1599 1709 1738 1739 omnihus
1764 1709 1869 1740 diebus
1891 1711 2002 1749 quibus
2024 1713 2086 1743 ‘oic-

1120 1796 1252 1835 peryiiis
1275 1798 1306 1825 ab
1324 1795 1520 1833 possidearis.

1211 1880 1258 1910 10.
1285 1880 1326 1910 Et
1352 1879 1510 1918 praecepit
1543 1879 1659 1909 Levitis
1683 1878 1792 1909 Moses.
1837 1879 1957 1910 Eadem
1989 1880 2084 1912 huius

1122 1924 1283 1962 praecepti
1320 1923 1399 1952 ratio
1434 1932 1513 1960 quae
1547 1921 1693 1961 proximi.
1734 1921 1847 1951 Voluit
1880 1927 1954 1952 ante
1976 1924 2084 1955 oculos

1123 1966 1359 2005 repraesentari
1382 1970 1413 1994 et
1437 1964 1563 1995 assidue
1587 1964 1724 1994 versari:
1749 1974 1835 1994 nunc
1858 1975 1928 1994 eam
1948 1966 2085 2005 septimo

1122 2019 1248 2047 quoque
1278 2018 1361 2038 anno
1393 2007 1519 2038 recitari
1550 2006 1651 2042 iubet,
1688 2017 1726 2036 ne
1749 2017 1889 2045 unquam
1913 2007 2085 2040 intercidat

1122 2052 1190 2081 eius
1220 2050 1370 2090 cognitio.
1423 2049 1486 2080 Sed
1519 2049 1662 2079 ordinem
1698 2049 1869 2079 verborum
1902 2059 2083 2089 sequamur.

1123 2094 1233 2125 Primo
1256 2093 1332 2123 (licit
1356 2093 1459 2132 legem
1483 2102 1516 2122 se
1539 2091 1712 2131 scripsisse.
1743 2092 1851 2122 Antea
1874 2093 1992 2124 vocalis
2012 2098 2083 2124 tan-

1123 2142 1191 2167 tum
1215 2137 1319 2167 fuerat
1343 2135 1472 2175 pietatis
1496 2134 1654 2165 doctrina:
1679 2133 1752 2173 quia
1776 2133 1945 2165 tradebant
1974 2141 2084 2175 patres

1122 2180 1194 2210 filiis
1218 2179 1308 2218 quasi
1333 2189 1389 2217 per
1411 2187 1525 2207 manus
1549 2176 1629 2216 quod
1653 2176 1785 2206 coelitus
1808 2177 2002 2216 patefactum
2018 2179 2084 2209 fue-

1122 2228 1180 2252 rat.
1232 2221 1283 2251 Ita
1307 2220 1419 2259 religio
1443 2225 1475 2250 et
1495 2219 1573 2250 fides
1597 2219 1703 2259 populi
1727 2219 1758 2249 in
1784 2220 1933 2258 Aegypto
1953 2223 2082 2252 nonnisi

1121 2265 1153 2295 in
1179 2263 1342 2295 veteribus
1366 2262 1504 2293 oraculis
1535 2267 1566 2292 et
1600 2267 1725 2301 patrum
1749 2262 1920 2292 traditione
1949 2262 2083 2295 fundata

1121 2313 1198 2338 erat.
1235 2307 1359 2337 Verum
1383 2306 1457 2345 quia
1478 2304 1559 2335 nihil
1581 2304 1754 2344 proclivius
1778 2308 1826 2334 est
1844 2315 1939 2343 quam
1964 2312 2000 2335 ut
2024 2306 2081 2336 ho·

1121 2351 1245 2380 minum
1266 2354 1399 2385 mentes,
1413 2358 1470 2387 pro
1489 2358 1547 2377 sua
1566 2347 1718 2383 vanitate,
1733 2347 1879 2385 protinus
1899 2358 1993 2378 verae
2013 2348 2083 2380 doc-

1122 2393 1225 2423 trinae
1255 2392 1502 2426 obliviscantur,
1532 2393 1563 2420 et
1592 2400 1625 2420 se
1649 2389 1759 2419 multis
1790 2389 1952 2420 erroribus
1976 2391 2081 2422 invol-

1121 2440 1209 2471 vant,
1245 2434 1319 2465 huic
1353 2433 1435 2463 malo
1465 2432 1577 2463 volens
1610 2432 1700 2462 Deus
1730 2442 1912 2469 occurrere,
1943 2432 2081 2472 publicis

1121 2478 1240 2508 tabulis
1270 2475 1475 2516 consignavit
1502 2475 1628 2514 pietatis
1657 2474 1819 2513 regulam:
1854 2478 1898 2511 ut,
1929 2475 1957 2506 si
1981 2476 2019 2506 ab
2043 2487 2081 2507 ea

1121 2520 1330 2551 deflecterent
1353 2518 1478 2558 posteri,
1502 2517 1609 2547 nullus
1632 2516 1869 2547 essetiustitiae
1882 2521 2080 2556 praetextus.

1119 2564 1172 2593 En
1209 2561 1397 2593 scribendae
1428 2560 1507 2600 legis
1544 2560 1640 2594 ratio,
1682 2563 1719 2589 ut
1747 2559 1900 2590 continua
1936 2565 2078 2592 aetatum

1122 2606 1203 2637 serie
1233 2610 1350 2635 testata
1380 2608 1462 2634 esset
1486 2602 1546 2632 Dei
1577 2602 1702 2632 veritas.
1752 2602 1823 2632 Non
1854 2602 2007 2643 intelligit
2036 2604 2083 2635 sic

1828 2651 1877 2677 15*
