2304 3034
139 172 200 203 109

138 266 281 301 redeant,
306 275 423 305 poenas
447 262 591 303 septuplo
613 260 750 291 maiores
774 257 956 289 denunciat.
981 256 1097 305 ,Quod

143 308 220 339 dicit
243 312 411 338 mortuum
436 316 505 336 esse
528 313 620 335 omne
649 311 760 342 pecus,
795 299 1027 340 synecdochica
1051 302 1098 330 est

139 351 295 390 loquutio.
340 349 424 380 Nam
447 347 597 379 continuo
621 348 693 384 post
715 342 837 383 patebit
859 342 1021 373 residuam
1046 341 1100 372 ad-

138 393 203 424 11110
226 393 325 423 fuisse
348 391 469 431 copiam
491 387 688 420 animalium.
725 385 788 417 Sed
808 385 959 424 intelligit
979 384 1097 423 passim

140 441 288 466 armenta
310 439 400 474 peste
422 433 518 463 fuisse
541 432 737 468 consumpta,
764 432 795 458 et
814 437 928 467 greges
947 427 1097 457 afflictos:

140 478 191 509 vel
216 476 256 518 (si
269 476 385 517 mavis)
405 480 524 515 pestem
547 472 644 503 fuisse
668 471 785 510 ubique
803 474 993 510 grassatam,
1018 478 1099 508 quae

141 520 293 551 iumentis
316 518 450 556 aliisque
473 514 664 546 animalibus
694 512 824 543 insolito
858 511 954 542 modo
977 511 1098 549 occisis,

142 563 328 603 Aegyptum
360 558 520 599 redegerit
549 556 588 587 ad
617 555 794 596 penuriam.
846 554 997 593 Denique
1022 558 1099 584 nota

140 603 335 636 universalis
358 612 420 633 non
444 600 506 631 alio
529 603 669 638 spectat,
693 597 754 628 nisi
778 597 906 637 plagam
938 597 1020 627 hanc
1049 597 1097 626 in-

141 647 232 687 signe
255 645 352 676 fuisse
376 644 602 675 documentum
634 640 701 670 irae
726 641 803 670 Dei:
835 640 908 679 quia
936 639 1005 669 lues
1034 649 1098 668 non

140 699 241 729 pauca
275 693 397 718 tantum
428 684 578 716 animalia
607 682 657 723 (ut
688 683 756 713 fieri
780 681 873 723 solet)
897 681 1097 721 corripuerit,

140 731 194 763 sed
218 731 313 770 longe
335 729 459 767 lateque
487 726 638 766 populata
662 726 703 756 sit
726 726 891 765 ingentem
915 735 953 754 ex
978 724 1097 764 pecori—

140 774 198 805 bus
222 780 253 803 et
276 771 427 812 gregibus
450 779 630 800 numerum.

226 815 252 846 7.
276 815 318 845 Et
340 813 425 844 misit
451 811 585 842 Pharao.
630 812 683 841 An
708 810 832 840 miserit
855 815 932 840 tunc
955 809 1097 849 primum

140 868 214 890 suos
238 858 429 896 inspectores
452 854 486 884 in
509 853 614 884 medio
644 853 803 892 relinquo:
840 852 909 883 fieri
934 857 1038 891 potest
1061 856 1099 881 ut

139 899 340 932 contumacia
370 908 426 928 sua
460 906 571 927 caecus
609 895 781 927 discrimen
815 895 874 926 1100
909 894 1097 934 neglexerit,

140 943 239 974 donec
269 951 286 972 a
314 941 402 972 Mose
432 939 491 969 fuit
520 938 714 969 admonitus.
779 937 907 968 Scimus
938 938 1024 967 enim
1063 940 1097 966 ut

139 985 334 1016 conniveant
361 981 486 1022 reprobi
516 981 554 1012 ad
585 981 774 1011 manifestas
809 981 874 1011 irae
905 980 967 1010 Dei
997 985 1098 1017 notas,

139 1032 315 1067 sponteque
334 1034 471 1055 errorem
493 1034 588 1055 suum
610 1024 746 1054 foveant.
771 1023 942 1053 001-101100
963 1021 1096 1052 dubium

139 1075 186 1101 est
211 1069 286 1109 quin
312 1067 449 1103 Pharao,
481 1065 558 1097 dum
585 1076 619 1097 50
645 1066 749 1097 modis
768 1065 917 1096 omnibus
940 1065 1098 1095 obdurare

139 1112 272 1152 appetit,
302 1110 436 1140 libenter
471 1109 672 1148 praeterierit
694 1108 776 1148 quod
802 1108 942 1138 maxime
965 1108 1097 1147 cognitu

138 1160 206 1185 erat
228 1153 315 1184 utile.
353 1151 416 1183 Sed
441 1152 515 1191 quia
539 1151 576 1181 de
600 1152 693 1192 signo
713 1151 916 1181 discretionis
936 1151 1097 1181 111101Δο-

137 1196 264 1237 gyptios
295 1201 327 1225 et
356 1194 520 1226 Israelitas
549 1194 667 1225 certior
697 1204 715 1224 a-
738 1194 829 1225 Mose
860 1193 1005 1224 redditus
1028 1193 1096 1223 fue-

136 1245 195 1277 rat,
218 1238 357 1278 cogitur,
386 1237 464 1268 velit
488 1236 581 1274 nolit,
611 1248 650 1268 ex
674 1237 794 1267 intuitu
818 1237 886 1275 ipso
909 1236 990 1267 scire
1013 1235 1095 1275 quod

134 1281 271 1312 libenter
294 1280 482 1318 ignorasset.
540 1280 617 1310 Fuit
640 1285 747 1310 autem
772 1279 850 1310 haec
874 1289 937 1309 non
962 1277 1096 1309 obscura

135 1323 261 1364 paterni
290 1332 366 1362 erga
394 1322 532 1353 electum
561 1322 715 1362 populum
747 1322 865 1353 favoris
896 1320 1095 1351 demonstra-

137 1367 193 1397 tio:
216 1365 299 1406 quod
323 1365 486 1405 regionem
510 1365 544 1396 in
569 1370 635 1395 tota
650 1366 797 1405 Aegypto
821 1364 961 1394 maxime
982 1373 1095 1403 pecua-

135 1409 215 1440 riam
240 1408 387 1448 contagio
410 1418 473 1438 non
498 1408 641 1447 attigerit
665 1418 746 1447 quae
769 1412 869 1438 totam
889 1407 1038 1438 viciniam
1062 1406 1095 1436 in

135 1452 269 1483 circuitu
293 1455 512 1490 occupaverat.
559 1450 632 1489 Quo
656 1450 779 1490 turpior
801 1454 832 1480 et
860 1449 964 1490 magis
986 1448 1094 1489 prodi—

135 1494 222 1534 giosa
244 1494 302 1524 fuit
324 1493 413 1532 impii
437 1493 522 1533 regis
547 1492 706 1530 socordia,
738 1493 791 1532 qui
815 1503 854 1523 nc
885 1492 944 1523 1100
965 1491 1094 1531 quidem

135 1540 201 1567 tam
224 1536 424 1567 memorabili
447 1536 595 1576 exemplo
619 1541 796 1567 commotus
819 1536 888 1566 fuit.
934 1535 984 1565 Re
1007 1534 1094 1565 enim

134 1589 192 1619 per
214 1589 288 1610 suos
312 1578 468 1610 satellites
491 1583 656 1619 perspecta
680 1583 712 1609 et
731 1583 902 1618 comperta,
926 1588 980 1609 cor
999 1587 1094 1608 suum

133 1622 317 1660 retinuisse,
346 1632 387 1652 ne
410 1622 647 1663 obtemperaret
669 1621 757 1659 Deo,
786 1621 950 1653 horribilis
984 1631 1094 1652 ameu-

135 1664 198 1696 tiae
221 1664 291 1696 fuit.

218 1749 246 1780 8.
274 1750 359 1781 Tunc
387 1750 469 1781 dixit
493 1750 605 1781 Iehova
636 1750 676 1781 ad
700 1749 808 1781 Mosen
836 1752 862 1780 et
883 1750 924 1780 acl
947 1748 1095 1780 Altaron:

138 1792 246 1823 Tollite
271 1792 353 1823 vobis
369 1793 477 1832 plenos
493 1793 633 1832 puyillos
662 1794 777 1823 vestros
796 1792 925 1832 favillae
945 1792 1093 1831 fornacis,

135 1837 162 1866 et
182 1838 308 1875 sparyat
330 1835 417 1866 illam
431 1835 534 1867 Moses
553 1846 610 1875 per
631 1835 742 1866 coelum
758 1834 779 1876 ¹)
802 1844 903 1866 coram
918 1834 1093 1866 Pliaraoue.

136 1877 164 1908 9.
188 1877 230 1908 Et
253 1878 311 1908 erit
332 1879 366 1909 in
391 1878 548 1918 pulverem
578 1888 670 1918 super
691 1880 785 1909 totam
807 1880 923 1909 terram
946 1877 1095 1917 Aegypti:

135 1922 162 1950 et
183 1920 240 1950 erit
261 1930 353 1959 super
374 1920 532 1957 hominem,
561 1924 587 1952 et
608 1930 702 1960 super
724 1921 893 1951 ‘iumentum
915 1920 1003 1951 ulcus
1020 1930 1094 1959 pro-

135 1963 246 1994 ducens
274 1965 405 1994 tumores
433 1964 466 1995 in
493 1966 554 1995 tota
577 1966 659 1995 terra
682 1963 823 2003 Aeyypti.
870 1963 919 1994 10.
946 1962 1095 1993 Tulerunt

136 2015 203 2045 erqo
229 2005 372 2044 favillam
392 2006 544 2045 fornacis,
575 2009 602 2037 et
623 2008 767 2037 steterunt
787 2016 889 2038 coram
914 2005 1094 2036 Pharaone:

136 2050 162 2078 et
183 2049 299 2086 sparsit
321 2048 408 2079 illam
431 2048 534 2081 Moses
550 2060 608 2088 per
628 2048 748 2080 coelum.
794 2048 836 2079 Et
856 2049 917 2088 fuit
940 2048 1027 2079 ulons
1046 2051 1093 2079 tu-

137 2099 247 2121 morem
268 2091 442 2129 producens
465 2093 496 2123 iu
524 2091 643 2123 homine
666 2094 692 2122 et
714 2092 747 2122 in
769 2091 911 2122 iumento,
966 2091 1014 2121 11.
1052 2091 1096 2121 Et

139 2141 196 2162 nou
217 2136 359 2172 poterant
385 2135 470 2174 maqi'
497 2138 579 2165 stare
608 2143 710 2166 eoram
733 2134 821 2165 Illose
844 2136 971 2173 propter
993 2134 1095 2165 ulcus:

140 2174 212 2213 quia
238 2175 300 2213 fuit
328 2176 414 2207 ulcus
442 2177 475 2207 in
502 2178 601 2217 mayis
630 2179 663 2208 ut
688 2177 721 2207 iu
750 2177 890 2208 omuibus
922 2177 1093 2217 Acyyptiis.

140 2216 188 2247 12.
214 2217 256 2248 Et
275 2218 431 2249 induravit
460 2219 573 2251 Iehova
603 2230 653 2250 eor
677 2219 875 2250 Pharaonis.-
907 2222 933 2250 et
955 2230 1016 2250 nou
1038 2230 1094 2251 au-

139 2258 215 2330 tjlffit
239 2269 302 2290 eos.-
333 2262 584 2300 quemadmodum
607 2262 747 2302 loquutus
778 2262 882 2301 fuerat
911 2262 1027 2294 Ieliova
1055 2263 1096 2294 ad

179 2311 254 2332 osen.

225 2385 253 2416 8.
285 2386 369 2418 Tunc
395 2389 476 2420 dixit
504 2389 616 2421 Iehova
647 2391 689 2422 ad
713 2390 833 2421 Mosen.
889 2390 953 2421 Hie
976 2401 1096 2431 poenae

140 2432 269 2476 tempus
292 2439 358 2477 11οο
375 2437 524 2472 prorogat
546 2432 645 2470 Deus,
670 2433 724 2464 sed
748 2433 860 2473 plagas
879 2434 1030 2464 continuo
1050 2438 1095 2464 te-

141 2480 218 2501 nore
242 2478 430 2511 ingeminat:
460 2485 560 2514 neque
590 2475 753 2507 Pharaoni
782 2476 939 2514 minatur,
971 2476 1026 2508 sed
1059 2487 1096 2507 eo

149 2608 152 2611 Ι
197 2607 200 2611 .
225 2572 253 2605 1)
273 2571 309 2598 ln
328 2575 446 2606 maryine
464 2575 506 2601 hic
524 2579 546 2602 et
564 2584 588 2602 v.
600 2576 645 2602 10.-
665 2578 722 2610 Vel,
740 2586 788 2611 per
799 2580 896 2607 aerem,
915 2578 987 2611 quod
999 2578 1097 2604 Gallus

141 2614 171 2632 m
190 2614 250 2638 ipso
269 2609 340 2632 textu
358 2607 439 2634 habet.

714 162 1080 198 COMMENTARIUS
1104 163 1153 195 IN
1177 164 1326 195 EXODI
1347 164 1444 196 OAP.
1467 165 1528 197 IX.

2054 168 2115 199 110

1152 257 1263 289 relicto
1292 259 1477 297 exsequitur
1507 259 1592 299 quod
1623 259 1765 291 decrevit
1793 259 1967 291 iudicium:
1999 271 2114 301 nempe

1151 300 1226 339 quia
1245 300 1317 340 plus
1335 302 1413 332 satis
1433 307 1632 342 compertum
1645 307 1715 333 erat
1728 302 1811 332 011111
1829 301 1913 342 apud
1933 313 2005 333 0010
2020 303 2114 343 prod-

1151 353 1221 373 esse
1245 343 1497 375 admonitiones:
1522 344 1638 375 deinde
1662 350 1696 375 ut
1720 344 1821 376 modis
1846 345 1997 376 omnibus
2027 356 2115 377 coar-

1150 389 1269 424 guatur
1292 385 1459 425 desperata
1483 387 1551 418 eius
1572 387 1768 427 improbitas.
1814 388 1886 418 Etsi
1910 388 1994 418 enim
2018 389 2114 428 paulo

1150 432 1225 457 ante
1248 427 1314 458 dixi
1334 439 1398 458 nou
1418 430 1527 460 omnia
1546 430 1673 461 recitari
1692 440 1772 469 quae
1791 436 1881 470 gesta
1893 435 1976 465 suut,
2001 442 2113 462 narra-

1151 470 1196 500 tio
1220 475 1326 500 tameu
1351 471 1451 502 Mosis
1475 472 1538 503 1100
1562 473 1666 512 magis
1689 472 1832 510 inclinat,
1858 473 1939 503 nihil
1964 473 2002 504 110
2026 474 2113 505 11100-

1150 512 1239 543 ribus
1265 513 1360 543 t'uisse
1384 514 1581 552 praedictum
1606 515 1786 552 Pharaoni,
1822 515 1876 546 sed
1900 526 1998 555 quum
2030 516 2112 547 nihil

1152 555 1214 585 tale
1238 556 1462 594 suspicaretur,
1486 557 1647 596 proiectas
1670 558 1768 588 fuisse
1787 558 1924 589 favillas.
1949 558 2043 597 Quod
2058 570 2113 590 au-

1151 602 1215 627 tem
1247 597 1378 636 pulvere
1408 599 1629 630 obnubilatum
1661 600 1721 630 suit
1740 601 1879 638 00010111,
1904 607 1936 631 ct
1960 601 2032 632 inde
2056 612 2112 632 ex-

1150 645 1219 670 orta
1243 640 1326 677 lues,
1356 651 1419 671 non
1444 641 1558 672 accidit
1582 643 1781 674 naturaliter.
1828 642 1997 681 Quomodo
2024 645 2110 675 enim

1150 683 1267 721 exigua
1291 682 1403 713 favilla
1423 688 1507 714 totus
1532 691 1587 715 aer
1609 685 1810 724 operiretur?
1834 685 1898 717 Sed
1920 686 1978 717 1100
1993 686 2112 718 visibili

1150 724 1295 765 symbolo
1326 725 1456 756 edoctus
1486 727 1546 757 fuit
1570 732 1743 767 tyrannus,
1773 727 1895 759 cladem
1926 738 2006 768 quae
2036 729 2111 760 inde

1150 773 1285 807 sequuta
1316 774 1378 805 est,
1413 779 1429 798 a
1459 769 1549 799 Mose
1583 774 1613 800 et
1644 770 1779 801 Aharon
1810 771 1907 802 fuisse
1940 771 2113 803 inflictum..

1150 810 1252 841 Porro
1277 810 1398 850 insigni
1422 816 1452 841 et
1476 822 1601 842 summa
1624 817 1780 852 potestate
1799 823 1909 844 servos
1933 824 2007 845 suos
2020 813 2111 845 Deus

1149 852 1288 889 ornavit,
1313 852 1388 883 dum
1413 864 1465 884 eos
1486 855 1636 893 praefecit
1660 855 1743 887 acris
1766 856 1910 895 imperio,
1945 861 1980 887 ut
2003 856 2109 896 ipsum

1149 895 1336 935 obtegerent
1360 896 1505 935 caligine,
1530 902 1562 927 et
1585 898 1773 938 contagione
1796 899 1974 930 inficerent.
2015 899 2110 931 Unde

1149 937 1311 977 colligitur
1335 937 1476 969 diabolos
1500 940 1609 970 vocari
1632 941 1792 980 principes
1815 941 1914 979 aeris,
1947 952 2010 972 non
2034 942 2109 982 quia

1149 980 1214 1011 illio
1233 991 1289 1020 pro
1302 980 1436 1011 libidine
1449 980 1663 1020 dominentur,
1683 983 1737 1014 sed
1750 988 1908 1023 quatenus
1924 984 2109 1016 conceditur

1150 1023 1290 1063 vagandi
1310 1023 1449 1054 licentia.

1236 1066 1284 1096 11.
1308 1065 1350 1096 Et
1372 1076 1431 1097 mm
1448 1069 1591 1105 poterant
1613 1068 1703 1107 numi.
1750 1068 1858 1106 Quum
1882 1073 1959 1100 tunc
1981 1073 2109 1108 praesto

1149 1119 1273 1148 quoque
1297 1114 1405 1139 essent
1433 1109 1536 1149 magi,
1570 1109 1702 1140 dubium
1733 1122 1795 1141 non
1828 1116 1876 1142 est
1905 1111 2017 1142 eadem
2048 1123 2110 1152 qua

1149 1151 1238 1191 prius
1261 1152 1401 1182 amentia
1424 1152 1521 1182 fuisse
1545 1158 1720 1192 correptos,
1750 1158 1786 1184 ut
1808 1157 1933 1184 starent
1955 1155 2045 1193 quasi
2075 1155 2109 1185 in

1149 1194 1325 1233 procinctu,
1350 1194 1377 1224 si
1401 1194 1590 1235 confligendi
1615 1194 1749 1226 facultas
1773 1195 1913 1227 daretur.
1957 1197 2001 1227 Et
2024 1202 2110 1228 certe

1149 1236 1418 1276 quemadmodum
1444 1237 1544 1268 Satan
1569 1237 1672 1269 decies
1695 1239 1815 1279 victus,
1845 1239 2037 1280 infatigabili
2060 1243 2108 1270 ta-

1149 1289 1223 1310 men
1260 1279 1438 1318 pertinacia
1472 1290 1597 1319 semper
1630 1280 1758 1321 longius
1792 1282 1935 1321 rapitur,
1969 1282 2015 1312 ita
2048 1293 2108 1314 nec

1148 1323 1217 1353 eius
1241 1322 1391 1359 ministri,
1415 1323 1623 1362 quantumvis
1646 1324 1770 1363 experti
1794 1324 1859 1354 sint
1881 1334 1915 1355 se
1937 1324 2109 1356 infeliciter

1148 1375 1304 1404 pugnare,
1327 1375 1345 1394 a
1368 1366 1475 1396 furore
1498 1370 1606 1396 tamen
1629 1376 1685 1396 suo
1710 1366 1866 1397 desinunt.
1901 1367 2013 1407 Nuper
2035 1378 2109 1399 000-

1148 1408 1222 1438 fessi
1246 1408 1375 1438 fuerant
1399 1408 1658 1449 praestigiatores
1678 1409 1729 1440 isti
1748 1409 1828 1439 nihil
1842 1409 1948 1440 valere
1967 1410 2107 1450 amplius

1148 1455 1251 1480 artem
1271 1460 1372 1487 suam,
1395 1461 1427 1481 50
1448 1455 1554 1481 tamen
1577 1452 1768 1482 confirmant
1787 1451 1826 1482 ad
1846 1456 1992 1483 extrema
2010 1463 2106 1492 quae-

1148 1504 1208 1532 que
1233 1493 1402 1533 tentanda,
1433 1492 1531 1524 donec
1562 1493 1702 1525 ulcerum
1728 1494 1816 1525 tabes
1838 1505 1891 1526 eos
1914 1504 1986 1525 cum
2010 1495 2106 1526 dede-

1148 1546 1219 1567 core
1243 1535 1385 1574 expellit.
1410 1535 1528 1574 Quare,
1553 1547 1593 1567 ne
1615 1537 1728 1567 similis
1752 1536 1883 1568 audacia
1906 1537 2105 1569 0051101000-

1148 1582 1203 1615 tet,
1228 1578 1387 1610 discamus
1410 1582 1524 1618 sponte
1547 1578 1688 1610 cedendo
1706 1579 1864 1619 integram
1878 1580 1946 1611 Deo
1969 1580 2106 1620 gloriam

1146 1625 1320 1662 praestare.
1366 1621 1460 1660 Quod
1491 1625 1598 1653 autem
1624 1622 1751 1653 Pharao
1780 1633 1843 1653 non
1877 1622 1970 1654 modo
1994 1634 2105 1654 eorum

1147 1665 1268 1696 auxilio
1299 1665 1488 1702 destitutus,
1523 1665 1578 1696 sed
1614 1664 1754 1695 nudatus
1783 1666 1879 1696 etiam
1914 1669 1946 1696 et
1974 1666 2105 1697 orbatus

1146 1708 1338 1748 praesentia,
1362 1718 1426 1738 non
1446 1707 1585 1738 flectitur
1603 1718 1661 1738 000
1681 1707 1851 1739 mollescit:
1876 1707 1951 1739 hinc
1971 1713 2106 1748 apparet

1147 1762 1211 1781 non
1240 1755 1306 1781 tam
1337 1750 1449 1781 alicnis
1480 1750 1667 1789 imposturis
1696 1750 1794 1781 fuisse
1817 1749 1986 1790 deceptum
2009 1761 2105 1790 quam

1145 1793 1401 1833 obstupefactum
1425 1794 1553 1833 propria
1576 1793 1700 1823 malitia
1722 1797 1754 1823 et
1777 1793 1945 1832 pravitate.
1992 1792 2103 1832 Quan-

1145 1846 1239 1876 quam
1264 1836 1324 1867 hoc
1347 1835 1414 1866 loco
1438 1836 1554 1875 repetit
1579 1835 1679 1866 Moses
1701 1846 1755 1866 cor
1778 1835 1847 1866 eius
1868 1836 1964 1866 fuisse
1994 1847 2011 1866 a
2035 1835 2105 1867 Deo

1146 1878 1357 1910 obduratum:
1391 1889 1505 1917 nempe
1545 1878 1619 1917 quia
1653 1878 1795 1915 volebat,
1836 1878 1926 1917 quasi
1959 1879 2105 1918 opposito

1145 1932 1272 1962 aggere,
1296 1921 1465 1952 materiam
1490 1920 1609 1951 habere
1632 1920 1842 1951 illustrandae
1864 1930 1940 1951 suae
1963 1920 2103 1952 virtutis.

1145 1966 1252 2004 Atque
1280 1964 1331 1995 hic
1361 1963 1518 1994 refellitur
1551 1973 1661 1994 eorum
1684 1963 1812 1994 inscitia
1835 1963 1889 2002 qui
1919 1963 2038 1993 nudam
2068 1963 2103 1994 in

1145 2008 1215 2038 Deo
1234 2006 1481 2047 praescientiam
1504 2006 1732 2046 imaginantur.
1778 2006 1861 2036 Nam
1885 2005 1939 2036 ubi
1958 2005 2102 2037 additur:

1146 2050 1241 2081 Sicut
1270 2049 1421 2089 loquutus
1451 2049 1571 2085 fuerat,
1605 2048 1802 2080 coniunctim
1837 2047 1896 2079 sibi
1932 2053 2103 2088 utrumque

1146 2093 1273 2123 asserit:
1306 2102 1420 2131 nempe
1449 2096 1514 2122 tam
1547 2092 1694 2122 effectum
1725 2101 1818 2130 quam
1841 2090 2102 2130 praedictionem.

1147 2135 1221 2174 Qua
1245 2134 1282 2165 de
1306 2145 1340 2165 re
1363 2135 1458 2174 paulo
1482 2138 1552 2173 post
1576 2134 1678 2165 fusius
1702 2133 1905 2165 tractandum
1928 2133 1999 2164 erit.
2038 2133 2103 2164 No-

1147 2178 1281 2208 tandum
1305 2181 1414 2208 tamen
1437 2177 1532 2208 simul
1556 2187 1574 2207 a
1597 2176 1730 2208 crimine
1754 2187 1816 2206 non
1840 2175 1965 2206 absolvi
1990 2182 2101 2216 tyran-

1146 2231 1242 2260 num⁷
1274 2220 1366 2251 cuius
1389 2219 1570 2250 voluntaria
1592 2218 1654 2249 fuit
1677 2218 1818 2249 durities.
1865 2217 1994 2249 Scabies
2022 2228 2104 2258 quae

1146 2263 1299 2294 iumentis
1328 2263 1506 2293 communis
1528 2261 1599 2299 fuit,
1635 2261 1816 2292 testimonio
1839 2265 1887 2291 est
1909 2260 1973 2291 alia
1995 2264 2103 2301 strage

1147 2316 1212 2337 non
1235 2306 1343 2336 omnia
1365 2305 1508 2345 periisse.

1234 2390 1282 2421 13.
1307 2389 1349 2420 Et
1372 2390 1416 2420 ait
1440 2389 1551 2420 leuat-a
1575 2389 1616 2420 ad
1638 2387 1765 2419 Mosen:
1800 2387 1898 2428 Surye
1920 2397 2010 2419 mane
2030 2389 2057 2418 et
2078 2390 2104 2418 te

1146 2434 1219 2465 siste
1242 2434 1274 2463 in
1297 2435 1451 2471 conspeetu
1476 2431 1659 2467 Pharaonis,
1682 2432 1708 2461 et
1729 2431 1779 2462 dic
1800 2431 1842 2461 ei:
1881 2430 1933 2461 Sic
1954 2430 2029 2460 dicit
2052 2430 2103 2460 Ie-

1147 2476 1224 2507 ]zova
1254 2474 1341 2506 Deus
1370 2475 1591 2511 Hebraeorum,
1621 2473 1738 2504 dimitte
1761 2473 1914 2512 populum
1942 2482 2042 2503 meum
2070 2475 2105 2503 ut

1147 2519 1282 2550 serviant
1319 2517 1403 2548 milei.
1461 2517 1508 2547 14.
1543 2517 1693 2555 Quoniam
1722 2515 1778 2546 liae
1804 2516 1867 2547 vice
1901 2525 1952 2555 eyo
1984 2515 2104 2546 mittam

1148 2570 1249 2592 omnes
1267 2560 1381 2599 playas
1403 2570 1486 2591 meas
1507 2559 1540 2589 in
1563 2569 1612 2589 cor
1634 2561 1726 2595 tumn,
1750 2560 1776 2588 et
1797 2558 1831 2588 'iu
1854 2568 1957 2589 servos
1978 2560 2054 2595 tuos,
2078 2559 2104 2588 et

1148 2604 1181 2635 in
1199 2603 1350 2643 populum
1373 2605 1458 2633 tuum
1464 2614 1474 2640 ,·
1495 2604 1527 2632 ut
1548 2602 1630 2632 scias
1651 2600 1730 2640 quod
1751 2610 1836 2632 nemo
1853 2601 1894 2632 sit
1911 2600 2027 2632 similis
2045 2600 2104 2631 mei
