2304 3034
183 188 245 220 639

183 282 264 313 nari
309 280 402 320 Quod
432 287 538 310 autem
571 289 656 309 nunc
687 280 810 309 mortui
841 279 983 310 hominis
1016 290 1151 311 consan-

183 325 336 366 guineum
351 328 454 354 armat
467 321 506 352 ad
520 321 711 352 sumendam
726 321 914 359 vindictam,
933 322 1061 353 videtur
1078 323 1151 353 bar-

184 368 302 398 bariem
323 374 450 405 sapere:
469 364 545 404 quia
565 364 698 404 pessimi
718 365 859 405 exempli
873 375 924 395 res
938 369 995 402 est,
1014 365 1152 405 privatis

183 411 259 441 dare
278 408 376 448 gladii
397 412 603 447 potest-atem:
628 406 749 446 idque'
742 417 777 437 in
796 408 926 448 propria
944 418 1050 439 causa
1075 408 1152 439 Per-

182 454 313 483 missum
339 450 469 490 quidem
493 450 569 480 olim
593 449 656 480 fuit
678 450 766 480 fures
789 456 968 482 nocturnos
996 450 1150 489 occidere,

182 502 217 526 ut
236 504 292 524 500
312 494 378 524 1000
398 492 594 524 videbimus:
624 491 810 523 adulterum
830 504 955 533 quoque
978 493 1011 524 10
1031 494 1150 525 scelere

180 536 433 576 deprehensum,
466 536 581 566 marito
620 535 669 566 vel
707 536 791 575 patri
819 542 986 576 stupratae
1012 536 1151 568 feminae

180 579 324 611 occidere
355 579 460 610 licuit:
490 583 526 608 ut
556 588 632 609 vero
662 579 734 617 quis
764 579 938 610 ulciscatur
964 579 1075 610 fratris
1100 580 1151 610 sui

180 629 332 658 mortem,
373 620 550 652 absurdum
584 626 633 652 est
667 621 737 661 lege
772 622 925 662 permitti.
971 621 1039 653 Nec
1073 633 1150 653 vero

179 664 360 706 putandum
373 669 421 695 est
441 663 525 694 hanc
544 664 708 694 licentiam
729 674 874 704 unquam
890 664 961 695 Deo
981 665 1149 705 probatam

180 709 276 740 fuisse
305 713 341 738 ut
370 707 502 747 quilibet
542 707 669 746 publica
701 707 873 738 autoritate
911 707 1074 747 neglecta,
1110 707 1149 739 de

178 752 287 783 fratris
311 750 359 781 sui
383 760 571 789 percussore
594 760 731 789 poenam
761 750 907 791 exigeret
938 750 992 781 ubi
1021 750 1149 782 obviam

178 796 280 827 factus
305 798 404 824 esset:
429 792 474 823 sie
493 793 580 823 enim
601 792 747 823 laxatum
768 800 852 824 esset
872 793 1018 824 fraenum
1043 793 1149 824 subito

178 837 315 871 fervori,
336 842 373 866 ut
391 835 525 875 sanguis
544 836 737 876 sanguinem
757 836 910 867 traheret.
946 836 1057 874 Quare
1075 847 1149 876 pro-

180 880 284 912 babile
312 886 360 909 est
393 878 575 918 periculum
611 879 663 909 hic
697 879 802 919 magis
830 878 1016 910 denunciari
1051 890 1149 919 quam

179 922 299 964 aperiri
330 922 460 952 ianuam
495 922 641 961 privatae
678 921 853 953 vindictae:
897 922 989 962 quasi
1028 922 1149 953 dictum

178 972 270 1001 esset,
295 965 357 995 nisi
376 964 616 1004 prospiceretur
628 964 780 1003 innoxiis,
800 965 856 995 vix
875 975 971 1004 posse
990 965 1149 1004 compesci

179 1019 290 1040 eorum
314 1008 456 1038 furorem
480 1017 618 1047 quorum
642 1007 738 1039 000151
761 1008 883 1039 fuerint
910 1008 1055 1048 cognati:
1086 1018 1149 1039 non

178 1051 262 1092 quod
290 1051 416 1082 licitum
446 1050 525 1090 ipsis
555 1055 640 1081 esset
673 1051 740 1081 vim
774 1051 941 1090 retaliare,
976 1050 1031 1082 sed
1065 1050 1150 1091 quod

178 1096 301 1126 crimen
326 1104 395 1124 0550
419 1104 484 1123 000
508 1093 679 1129 ducerent,
713 1100 745 1124 et
768 1094 946 1133 impunitas
976 1094 1073 1124 etiam
1098 1104 1150 1125 eos

178 1138 339 1176 incitaret,
363 1146 400 1166 00
420 1136 505 1176 quod
528 1136 612 1167 iusto
636 1136 735 1167 dolori
755 1137 987 1177 ignosceretur.
1023 1137 1150 1168 Tenen—

179 1181 254 1211 dum
281 1186 329 1210 est
353 1190 445 1219 ergo,
476 1179 530 1210 ubi
555 1179 626 1218 quis
652 1190 710 1219 per
733 1179 843 1210 dolum
867 1187 899 1210 et
922 1179 1027 1210 scelus
1050 1180 1149 1210 inter-

178 1230 306 1263 emptus
333 1222 454 1259 fuerat,
485 1222 617 1253 caedem
644 1232 662 1252 a
692 1227 830 1263 cognato
861 1222 1025 1253 vindictae
1054 1232 1150 1254 causa

178 1270 350 1306 perpetrat
346 1276 406 1302 im
431 1275 495 1295 non
519 1265 618 1296 fuisse
640 1266 805 1306 punitam:
830 1266 906 1305 quia
929 1265 1047 1296 durum
1070 1270 1149 1303 erat,

178 1320 252 1340 eum
276 1291 458 1348 capitaliter
482 1317 635 1348 tanquam
659 1308 789 1339 sceleris
813 1308 976 1345 damnari,
1000 1308 1055 1348 qui
1078 1312 1149 1339 tan-

178 1358 247 1382 tum
271 1351 431 1391 impulsus
455 1351 624 1391 sanguinis
645 1352 694 1383 sui
718 1362 843 1388 ιι·10010,
868 1351 1061 1382 naturaliter
1082 1361 1149 1382 om-

178 1395 275 1425 nibus
304 1394 422 1431 indito,
453 1394 647 1425 homicidam
683 1405 806 1434 poenae
837 1394 969 1434 capitali
998 1394 1062 1425 iam
1095 1394 1149 1425 ob-

178 1438 313 1468 noxium
337 1443 553 1477 percusserat:
580 1438 753 1468 tolerantia
776 1437 808 1467 id
832 1437 978 1477 quidem,
1006 1448 1070 1468 non
1094 1448 1149 1477 ap-

178 1481 382 1521 probatione,
413 1481 489 1519 quia
518 1479 567 1521 (ut
590 1481 654 1511 iam
680 1480 761 1521 dixi)
792 1480 919 1519 publico
943 1480 1061 1511 iudicio
1085 1490 1150 1510 non

178 1525 305 1564 privato
329 1523 461 1554 arbitrio
485 1523 665 1563 exigendae
688 1529 763 1554 sunt
788 1534 918 1563 poenae.
965 1522 1030 1554 Sed
1053 1533 1151 1563 quum

179 1567 258 1598 haec
282 1566 486 1606 indulgentia
510 1566 549 1597 ob
574 1566 683 1606 populi
708 1566 861 1597 duritiem
885 1576 1035 1598 concessa
1058 1570 1151 1605 esset,

178 1609 231 1640 hie
261 1609 412 1639 admonet
444 1609 548 1646 Deus,
574 1620 671 1649 quam
703 1610 922 1640 necessarium
951 1609 994 1639 sit
1024 1609 1152 1649 asylum

180 1652 255 1682 dare
286 1652 447 1682 innoxiis:
479 1652 556 1691 quia
584 1652 703 1692 alioqui
735 1658 890 1692 tanquam
920 1652 955 1682 in
979 1651 1152 1683 homicidas

178 1696 321 1735 impetus
346 1696 528 1735 promiscue
552 1696 654 1726 fieret.
701 1695 740 1726 In
764 1705 901 1731 summa,
926 1696 964 1726 fit
986 1705 1151 1734 compara—

180 1739 223 1768 tio
247 1739 332 1768 inter
364 1738 538 1769 sceleratos
567 1744 599 1769 et
625 1739 785 1775 insontes,
816 1738 892 1778 qnia
921 1738 982 1769 nisi
1012 1738 1152 1778 positum

180 1788 262 1812 esset
294 1781 414 1811 iustum
440 1780 632 1817 discrimen,
657 1781 791 1821 perinde
815 1791 928 1812 omncs
952 1780 991 1812 ad
1015 1785 1152 1811 mortem

180 1831 287 1854 essent
321 1823 477 1864 expositi:
513 1824 700 1860 Homicida,
736 1824 861 1864 inquit,
895 1829 999 1854 morte
1033 1823 1151 1863 dignus

181 1874 230 1897 est
253 1867 280 1897 si
305 1867 387 1897 forte
411 1867 591 1906 propinquo
623 1868 691 1897 eius
722 1868 776 1907 qui
804 1871 950 1897 mortuus
971 1871 1020 1897 est
1043 1876 1152 1897 occur-

182 1911 269 1940 rerit.
310 1910 396 1949 Ergo
421 1909 642 1941 adhibendum
666 1914 715 1941 est
739 1910 935 1948 remedium,
959 1920 1000 1940 ne
1019 1909 1051 1940 in
1077 1919 1152 1939 ean-

182 1952 253 1983 dem
279 1963 417 1992 poenam
441 1953 563 1983 incidat
587 1954 640 1993 qni
665 1953 771 1984 scelus
791 1964 855 1983 non
882 1952 1021 1983 admisit.
1066 1952 1153 1982 Hinc

182 1994 311 2025 tandem
342 1996 505 2035 colligitur
535 1996 614 2026 alios
644 1996 683 2027 ab
714 1996 784 2027 aliis
818 1996 902 2026 iusto
937 1995 1054 2026 iudicio
1083 2005 1153 2025 esse

183 2037 422 2069 discernendos.

183 2124 267 2155 fecit.
305 2124 428 2154 Verum
453 2125 528 2164 quia
551 2125 583 2155 in
608 2125 716 2155 verbis
736 2130 785 2155 est
808 2124 929 2164 aliquid
955 2124 1152 2164 perplexum,

184 2167 361 2197 tenendum
386 2173 450 2203 est,
475 2168 610 2198 simulac
632 2168 703 2207 quis
727 2168 826 2198 alium
857 2171 1079 2207 percusserat,
1103 2176 1152 2197 re-

185 2218 280 2248 pente
304 2221 337 2240 50
362 2210 536 2241 contulisse
560 2210 599 2241 ad
623 2210 729 2241 locum
753 2211 880 2250 refugii,
906 2221 941 2241 ac
965 2210 1030 2240 illic
1054 2209 1153 2240 fuisse

185 2255 364 2291 professum
378 2264 411 2284 50
425 2259 530 2283 tutum
545 2253 742 2284 domicilium
757 2264 926 2293 quaerere:
952 2253 1011 2283 hac
1028 2256 1153 2283 contes-

186 2296 305 2326 tatione
329 2297 427 2331 facta,
461 2296 596 2326 liberum
620 2297 718 2327 fuisse
749 2297 895 2336 cognatis
921 2297 1039 2326 mortui
1063 2305 1155 2326 accu-

185 2348 271 2368 sare:

187 2380 349 2411 iudicium.

190 2467 269 2496 verti
305 2468 421 2497 facient
457 2478 530 2498 cum
566 2467 606 2498 ad
641 2468 753 2499 urbem
789 2468 905 2507 refugii
940 2467 979 2497 ad
1004 2477 1098 2506 quam
1122 2476 1156 2496 se

187 2509 376 2540 contulerat.
424 2510 516 2541 Unde
541 2516 691 2550 apparet,
715 2521 754 2541 ex
775 2521 838 2550 quo
861 2521 894 2540 50
920 2509 1079 2540 obtulerat
1103 2519 1155 2539 ex-

188 2552 237 2581 501
269 2552 307 2582 ad
339 2564 468 2583 cansam
497 2553 666 2584 dicendam
700 2561 730 2584 et
759 2564 792 2584 se
819 2552 1038 2593 purgandum,
1061 2551 1155 2582 -diem
1180 2564 1181 2574 ³

188 2594 267 2624 cdici
288 2595 417 2625 solitum
438 2607 500 2635 quo
522 2597 669 2626 venirent
693 2602 902 2627 accusatores.
938 2596 1074 2627 Summa
1097 2600 1154 2631 est,

191 2647 228 2666 00
260 2648 394 2676 usquam
426 2639 553 2678 asylum
581 2639 721 2679 reperiat
749 2638 909 2670 homicida
935 2638 994 2668 nisi
1020 2638 1155 2668 crimine
1180 2656 1183 2662 ·

914 184 1106 217 SEXTUM
1125 187 1446 221 PRAEGEPTUM.

469 2039 567 2069 Ratio
591 2044 699 2069 autem
724 2038 821 2069 simul
846 2038 1093 2079 praescribitur,
1118 2043 1154 2067 ut
1178 2037 1180 2048 ¹

183 2091 354 2112 0005055115·
386 2092 458 2111 eum
492 2081 640 2112 absolvat
670 2082 724 2121 qui
756 2082 905 2113 nesciens
931 2082 1030 2112 alium
1055 2081 1152 2111 inter·
1178 2086 1179 2099 ³

305 2338 434 2368 demum
464 2340 609 2378 utrisque
646 2338 763 2369 auditis
797 2339 1025 2379 interpositum
1056 2338 1154 2368 fuisse
1180 2360 1181 2363 ι

396 2382 525 2421 Alioqui
557 2382 729 2412 manifesta
760 2387 846 2412 esset
872 2380 1090 2421 repugnantia
1120 2381 1154 2410 10
1180 2402 1181 2405 ι

187 2431 353 2460 contextu,
381 2424 641 2464 quandoquidem
667 2425 761 2465 paulo
786 2432 857 2465 post
878 2424 1062 2455 subiicitur:
1090 2423 1155 2454 Re·
1181 2426 1182 2431 ¹

2109 193 2174 225 640

1204 281 1339 313 solutus.
1385 283 1476 314 Haec
1509 284 1633 324 optima
1666 284 1728 314 fuit
1760 283 1955 323 moderatio,
1985 296 2026 316 ne
2058 287 2172 319 eadem

1204 326 1306 356 errori
1335 332 1366 357 et
1392 326 1504 358 sceleri
1534 331 1733 358 statueretur
1761 337 1880 366 poena,
1909 327 2068 368 simulque
2093 335 2173 361 tem-

1204 368 1306 407 porali
1336 369 1450 401 exsilio
1470 374 1624 401 testatum
1649 370 1739 400 fieret
1759 374 1957 409 quantopere
1981 381 1999 401 a
2021 372 2172 404 caedibus

1204 411 1387 442 cavendum
1418 418 1511 443 esset.
1558 412 1752 452 Quanquam
1782 412 1877 443 simul
1909 411 1999 444 Deus
2028 416 2172 454 pepercit

1203 463 1315 484 eorum
1338 454 1438 486 oculis
1462 465 1597 495 quornm
1618 455 1741 485 occisus
1765 455 1870 485 fuerat
1893 455 2009 494 frater,
2032 468 2073 488 ne
2096 468 2171 489 con-

1204 496 1294 527 tinuo
1315 502 1446 537 aspectu
1466 497 1706 529 recrudesceret
1724 496 1828 528 dolor:
1852 497 1935 537 qnod
1954 509 1995 529 ex
2017 500 2172 532 vicesimo

1204 545 1295 570 sexto
1324 550 1419 571 versu
1455 540 1635 580 colligitur,
1667 539 1719 570 ubi
1757 540 1853 571 datur
1887 542 2032 580 cognatis
2068 543 2173 583 impu-

1204 582 1289 613 nitas
1322 583 1349 613 si
1382 593 1456 614 eum
1491 584 1544 623 qui
1579 594 1595 612 e
1630 582 1734 613 medio
1768 582 1950 615 subducere
1984 595 2018 616 se
2051 585 2172 624 debuit,

1203 629 1296 655 extra
1318 626 1400 657 fines
1424 626 1541 665 refugii
1561 626 1610 656 sui
1630 625 1867 664 deprehensum
1891 626 2084 658 occiderint:
2107 639 2171 660 non

1203 667 1288 706 quod
1323 668 1407 708 apud
1450 669 1555 699 Deum
1596 673 1770 699 excusatus
1807 669 1904 699 fuerit
1936 669 2172 710 indignationis

1202 710 1326 748 fervor,
1355 711 1410 741 sed
1434 712 1508 751 quia
1538 710 1713 742 ulciscendi
1744 711 1902 750 impetum
1924 723 1966 743 ex
1989 723 2087 745 sensu
2110 713 2172 745 hu-

1202 753 1368 784 manitatis
1398 754 1594 793 profectum,
1629 753 1724 784 aliter
1757 754 1907 785 cohibere
1941 755 2071 787 difficile
2099 756 2170 789 fuit.

1286 796 1336 827 20.
1378 797 1419 827 In
1451 797 1572 827 civitate
1604 797 1686 827 enim
1724 797 1847 837 refuyz'i.
1893 798 2011 829 Exsilii
2044 804 2172 848 tempus

1201 840 1393 879 praefigitur
1412 839 1451 870 ad
1471 845 1605 870 mortem
1631 849 1733 879 usque
1752 839 1936 879 sacerdotis,
1956 842 2030 881 quia
2052 842 2171 874 misero

1202 881 1305 912 exsuli
1318 893 1390 922 spes
1409 892 1521 912 omnes
1540 882 1665 913 reditus
1678 883 1823 913 abscindi
1839 883 1973 914 minime
1992 884 2172 916 humanum

1202 924 1331 963 fuisset,
1363 935 1462 965 quum
1486 932 1594 955 autem
1623 935 1728 956 novus
1751 926 1938 957 succederet
1961 927 2108 959 sacerdos
2131 928 2172 959 ad

1202 967 1477 999 reconciliandum
1508 968 1577 998 Deo
1606 968 1778 1007 populum,
1808 967 1920 1000 debuit
1945 969 2025 1001 haec
2048 971 2172 1010 gratiae

1203 1011 1369 1041 renovatio
1393 1010 1520 1050 placare
1543 1021 1655 1041 omnes
1685 1011 1833 1042 offensas.
1880 1011 1990 1051 Quare
2020 1024 2085 1044 non
2115 1013 2173 1045 abs

1202 1063 1236 1083 re
1258 1053 1345 1084 Deus
1364 1054 1397 1083 in
1416 1054 1580 1093 integrum
1600 1054 1743 1084 restituit
1762 1064 1816 1085 eos
1835 1055 1890 1095 qui
1908 1060 2035 1086 tantum
2053 1057 2172 1088 erroris

1203 1106 1323 1136 poenas
1346 1095 1474 1127 dabant.

1288 1139 1336 1170 30.
1363 1139 1539 1178 (galeamque
1554 1140 1751 1178 percusserit.
1776 1139 1845 1170 Iam
1869 1140 1954 1171 redit
1976 1140 2016 1172 ad
2042 1141 2173 1174 homici-

1204 1180 1261 1212 das
1290 1182 1502 1217 voluntarios,
1534 1182 1652 1222 quibus
1675 1188 1765 1213 vetat
1789 1183 1919 1222 quidem
1941 1194 2091 1224 parcere,
2115 1185 2172 1216 sed

1203 1234 1258 1255 eos
1288 1224 1327 1255 ad
1351 1225 1543 1272 supplicium
1569 1225 1638 1264 rapi
1658 1235 1725 1256 non
1748 1226 1819 1257 vult
1842 1226 1905 1257 nisi
1928 1226 2085 1267 legitimis
2109 1232 2173 1259 tes-

1203 1267 1345 1298 timoniis
1380 1268 1553 1298 convictos.
1610 1267 1661 1298 Ad
1696 1268 1831 1299 verbum
1863 1273 1926 1300 est:
1963 1269 2079 1301 Omnis
2117 1271 2173 1311 qui

1203 1311 1400 1349 percusserit
1419 1311 1576 1348 animani
1603 1310 1643 1341 ad
1667 1321 1702 1341 os
1721 1311 1853 1342 testium
1876 1311 1998 1343 occidet
2020 1323 2095 1343 enm
2117 1314 2174 1353 qui

1203 1352 1328 1383 occidit.
1371 1353 1463 1392 Quae
1486 1354 1650 1384 sententia
1673 1358 1804 1394 propter
1824 1353 2014 1386 brevitatem
2038 1357 2174 1387 obscura

1203 1395 1280 1432 erit,
1310 1396 1370 1426 nisi
1406 1395 1617 1427 subaudiatur
1649 1407 1767 1427 nomen
1798 1397 1881 1437 quod
1906 1398 2102 1437 respondeat
2124 1409 2174 1430 50-

1204 1437 1309 1469 cundo
1341 1439 1447 1470 verbo.
1490 1440 1601 1470 Potest
1637 1445 1746 1470 autem
1778 1440 1838 1471 1100
1860 1445 1928 1471 tam
1952 1441 1991 1471 de
2014 1440 2174 1474 iudicibus

1205 1492 1300 1520 quam
1332 1481 1370 1512 de
1400 1488 1586 1513 accusatore
1609 1483 1741 1522 exponi:
1765 1483 1798 1513 in
1821 1493 1855 1513 re
1879 1487 1987 1514 tamen
2012 1484 2103 1515 nulla
2125 1488 2174 1516 est

1205 1524 1410 1565 ambiguitas,
1432 1525 1592 1555 neminem
1614 1536 1682 1556 esse
1702 1525 1924 1557 damnandum
1944 1527 2007 1557 nisi
2029 1527 2175 1567 legitime

1205 1568 1372 1597 convictus
1396 1568 1500 1598 fuerit.
1546 1568 1648 1599 Porro
1672 1579 1772 1599 unum
1797 1573 1912 1600 testem
1936 1580 2002 1600 non
2026 1570 2174 1601 sufficere

1205 1610 1406 1650 pronunciat,
1431 1611 1507 1650 quia
1531 1611 1628 1641 nimis
1652 1611 1800 1651 iniquum
1824 1616 1908 1643 esset
1932 1613 2028 1643 unius
2043 1612 2175 1653 linguae

1205 1653 1339 1683 arbitrio
1355 1653 1452 1683 vitam
1470 1653 1610 1685 hominis
1624 1654 1748 1685 subiici.
1782 1655 1852 1686 Iam
1877 1661 1951 1686 ante
1974 1655 2113 1687 similem
2127 1666 2175 1687 re-

1204 1696 1300 1726 citavi
1321 1696 1436 1743 locum,
1457 1696 1511 1726 ubi
1530 1696 1663 1728 docebat
1682 1697 1799 1736 Moses,
1823 1697 1946 1728 nullam
1970 1708 2099 1729 causam
2123 1708 2175 1730 ca-

1178 1767 1179 1773 ,
1205 1738 1337 1778 pitalem
1361 1739 1423 1769 nisi
1447 1738 1583 1770 duorum
1607 1740 1658 1770 vel
1684 1741 1784 1771 trium
1808 1741 1993 1772 testimonio
2017 1740 2175 1772 definien-

1206 1781 1279 1811 dam
1299 1792 1381 1812 esse:
1402 1787 1433 1812 et
1445 1783 1519 1830 quia
1538 1782 1706 1822 generales
1725 1788 1800 1814 sunt
1814 1783 2176 1825 eiusmodisententiae,

1206 1824 1353 1854 consulto
1385 1825 1550 1865 propiium
1576 1826 1681 1856 locum
1710 1826 1776 1857 illis
1807 1826 1891 1858 dedi
1934 1826 2031 1858 Nunc
2056 1827 2177 1858 iterum

1206 1866 1289 1907 quod
1313 1867 1352 1897 ad
1373 1867 1570 1898 damnandos
1594 1869 1771 1900 homicidas
1791 1874 1934 1917 sp'ectat‚
1959 1879 2016 1909 per
2039 1870 2177 1901 occasio-

1206 1920 1279 1941 nem
1307 1910 1453 1950 attingit,
1484 1911 1562 1941 duos
1588 1917 1684 1943 testes
1708 1913 1845 1952 requiri,
1869 1913 1944 1952 quia
1968 1912 2050 1943 nihil
2073 1913 2177 1961 magis

1207 1952 1347 1992 proclive
1377 1959 1460 1984 esset
1488 1964 1584 1993 quam
1609 1955 1753 1985 insontes
1777 1937 1947 1986 caliimniis
1971 1959 2002 1986 et
2026 1956 2176 1995 periuriis

1206 1996 1350 2029 obruere
1370 1996 1397 2025 51
1417 1997 1513 2027 00105
1532 1997 1704 2028 cuiuslibet
1724 1999 1907 2028 testimonio
1926 2003 2076 2029 staretur.
2113 1998 2178 2030 Ubi

1207 2044 1315 2069 autem
1335 2038 1396 2069 duo
1416 2039 1603 2079 prodeunt
1596 2051 1630 2070 10
1653 2040 1805 2077 medium,
1830 2042 1855 2071 si
1880 2051 1944 2081 qua
1966 2041 2008 2072 sit
2030 2040 2176 2080 perfidia,

1206 2081 1317 2112 multis
1341 2082 1519 2113 rationibus
1543 2082 1741 2122 deprehendi
1766 2089 1879 2123 potest,
1904 2090 1940 2114 ut
1963 2084 2027 2114 iam
2051 2083 2176 2114 dictum

1206 2130 1270 2155 est:
1295 2125 1369 2163 qnia
1393 2136 1537 2156 seorsum
1563 2127 1751 2166 interrogati
1777 2127 1830 2158 vix
1851 2137 1907 2166 per
1926 2127 2035 2157 omnia
2058 2136 2176 2157 conve-

1208 2168 1307 2197 nient.
1354 2167 1528 2198 Cavterum
1559 2174 1592 2199 ut
1624 2169 1663 2199 ad
1688 2169 1816 2200 sceleris
1840 2179 1976 2209 poenam
2000 2169 2177 2209 requiritur

1179 2242 1180 2250 ,
1207 2215 1293 2241 certa
1314 2210 1466 2248 probatio,
1489 2212 1534 2241 ita
1558 2211 1611 2242 ubi
1635 2212 1673 2242 de
1696 2211 1792 2243 caede
1813 2212 1976 2251 cognitum
1997 2211 2103 2249 fuerit,
2127 2222 2177 2243 50-

1208 2263 1284 2282 vere
1300 2252 1387 2282 Deus
1412 2254 1513 2293 exigit
1536 2265 1571 2285 ac
1596 2254 1769 2285 denunciat
1791 2265 1831 2285 ne
1855 2260 1985 2285 maneat
2003 2255 2175 2294 impunita.

1208 2295 1406 2326 Nominatum
1439 2302 1526 2327 vetat
1555 2308 1595 2328 ne
1618 2298 1667 2328 ius
1690 2297 1772 2338 asyli
1796 2298 1839 2328 sit
1863 2297 1993 2333 venale,
2024 2299 2100 2337 quia
2122 2308 2177 2337 pe-

1209 2338 1345 2368 riculum
1377 2344 1446 2369 erat
1475 2351 1514 2369 ne
1543 2340 1661 2380 alioqui
1686 2341 1921 2380 operimentum
1953 2346 2037 2371 esset
2065 2341 2178 2372 multis

1209 2380 1392 2411 sceleribus.
1439 2382 1533 2420 Quod
1566 2393 1643 2422 ergo
1674 2388 1764 2413 vetat
1799 2384 1943 2422 accipere
1966 2383 2107 2423 pretium
2137 2394 2178 2415 ne

1208 2424 1278 2462 quis
1297 2424 1451 2454 concodat
1474 2426 1507 2455 in
1532 2426 1644 2456 urbem
1669 2426 1791 2465 refugii,
1818 2426 1879 2457 huc
1903 2425 2017 2462 tendit,
2042 2436 2083 2456 ne
2106 2426 2178 2465 quis

1210 2467 1362 2496 beneficio
1391 2468 1516 2498 fruatur
1547 2469 1646 2499 donec
1676 2470 1773 2508 probe
1801 2474 1964 2508 comperta
1991 2469 2086 2499 fuerit
2109 2470 2178 2500 eius

1209 2508 1403 2541 innocentia.
1430 2520 1469 2539 110
1487 2511 1704 2542 misericordia
1718 2522 1781 2551 qua
1797 2511 2010 2543 sublevantur
2021 2512 2176 2550 insontes,

1209 2552 1404 2590 corruptelis
1427 2553 1598 2585 subiaceat.

1295 2594 1344 2624 33.
1371 2594 1411 2624 Εἰ
1434 2606 1492 2625 mm
1511 2597 1656 2634 pallaciis
1678 2600 1801 2628 terram.
1844 2597 1915 2627 Hac
1937 2597 2083 2628 clausula
2105 2607 2176 2628 rur-

1211 2647 1266 2667 sus
1298 2637 1464 2672 admonet,
1499 2640 1557 2669 nisi
1590 2650 1703 2671 severa
1726 2640 1847 2671 iudicia
1870 2644 2043 2671 exerceant
2065 2646 2178 2671 contra
