2304 3034
132 206 194 237 245

131 299 227 331 etiam
250 299 328 330 ferri
351 302 383 329 et
405 299 487 330 aeris
510 298 681 330 contineat.
723 295 836 335 Capite
859 302 964 326 autem
990 296 1087 327 unde-

131 342 229 379 cimo,
255 341 340 372 idem
364 341 435 372 aliis
458 340 563 372 verbis
586 339 704 371 clarius
727 342 758 369 et
782 339 884 378 magis
906 339 1088 378 specialiter

132 383 286 423 explieat:
318 384 392 423 quia
421 383 542 414 accedit
569 381 764 421 comparatio
793 386 898 411 terrae
930 382 1087 421 Aegypti:

132 427 222 458 euius
269 426 466 457 foecunditas
513 424 573 455 etsi
620 434 726 454 annua
769 423 835 453 Nili
880 423 1089 455 inundatione

131 469 289 500 mirabilis
312 474 375 504 est,
400 474 431 499 et
454 472 605 506 tanquam
629 467 755 505 insigne
784 465 977 496 miraculum
1008 467 1088 497 cele-

135 512 263 543 bratur:
301 516 409 542 tamen
446 510 568 549 indiget
598 518 714 548 magno
745 507 853 538 labore
882 514 914 538 et
944 509 1088 539 cultura:

134 564 250 594 nempe
274 554 346 593 quia
369 552 470 584 ductis
494 551 590 583 sulcis
613 551 768 590 irrigatur
798 561 897 581 manu
922 556 953 581 et
977 551 1088 582 indus-

132 598 193 627 tria
217 597 391 627 hominum.
436 595 535 625 Terra
557 598 664 624 autem
685 592 842 624 chanaan
870 604 887 623 a
906 593 969 624 Dei
994 594 1089 624 bene-

133 639 269 670 dictione
282 637 399 678 pendet
412 641 638 676 exspectatque
656 635 798 674 pluviam
819 646 835 666 c
853 636 950 667 coelo.
981 636 1088 675 Atque

132 682 325 723 peculiarem
348 684 452 710 terrae
485 679 591 709 dotem
619 678 796 717 splendidis
825 678 931 709 verbis
961 679 1089 709 extollit

132 725 255 760 Moses,
287 727 403 753 terram
427 721 513 752 illam
538 721 647 751 dicens
677 721 792 760 respici
817 731 944 761 semper
967 732 985 752 a
1009 721 1089 759 Deo,

133 772 168 797 ut
195 766 334 797 vicissim
357 763 524 795 Israelitae
553 768 675 793 attente
699 762 804 794 Deum
840 764 1028 803 respiciant,
1058 768 1090 794 et

133 809 261 849 quidem
281 806 415 838 assidue.
446 806 521 837 Huc
540 806 625 836 enim
645 806 811 845 pertinent
830 807 943 837 verba:
964 806 1089 846 Iugiter

131 862 149 883 a
172 851 326 891 principio
355 859 456 888 usque
485 848 524 879 ad
553 849 649 879 finem
681 848 766 879 anni.
812 850 859 879 Ac
888 850 914 880 si
945 849 1088 886 dixisset,

130 895 274 934 ingratos
298 892 364 923 fore
383 891 467 928 Deo,
498 891 559 922 nisi
590 891 717 922 assidue
741 890 780 921 ad
804 902 877 921 eum
901 902 958 922 sua
983 892 1090 923 studia

131 936 319 976 dirigerent:
344 935 417 974 quia
440 944 504 964 non
528 934 694 964 desinebat
717 934 859 973 quotidie
882 934 945 964 illis
964 935 1088 974 prospi-

130 989 210 1010 cere.
255 977 378 1008 Verum
401 976 530 1016 quidem
553 982 610 1012 est,
634 976 759 1007 nullum
784 987 852 1007 esse
876 977 962 1007 orbis
986 988 1088 1017 angu—

130 1022 196 1052 lum
211 1020 437 1051 benedictionis
451 1019 512 1050 Dei
531 1025 706 1059 expertem,
726 1024 758 1049 et
776 1020 844 1050 eius
868 1021 1088 1050 testimouium

130 1075 199 1095 esse
231 1062 312 1103 quod
335 1062 429 1093 Nilus
463 1066 564 1092 totam
589 1063 776 1102 Aegyptum
810 1062 996 1093 foecundat:
1032 1062 1088 1093 sed

129 1107 203 1146 quia
226 1105 323 1136 semel
346 1104 377 1135 id
401 1105 573 1144 quotannis
597 1104 725 1140 accidit,
758 1103 874 1135 deiude
898 1105 965 1136 eius
989 1115 1089 1144 aquae

128 1159 186 1189 per
219 1148 322 1179 sulcos
349 1147 412 1178 huc
444 1148 519 1178 illuc
543 1147 712 1178 hominum
742 1148 877 1178 artificio
908 1148 1088 1178 ducuntur:

128 1202 192 1222 non
233 1192 353 1221 frustra
386 1190 494 1221 Moses
535 1189 610 1220 inde
650 1190 886 1221 exhortationis
919 1191 1089 1221 materiam

129 1234 273 1273 sumpsit,
309 1232 436 1264 assidue
467 1232 605 1263 dandam
634 1233 698 1263 illis
729 1243 799 1263 esse
829 1244 958 1272 operam
989 1233 1088 1263 medi-

128 1276 245 1307 tandae
268 1276 345 1315 legi:
375 1275 449 1315 quia
471 1286 533 1306 non
557 1281 681 1306 tantum
706 1275 842 1316 singulis
866 1276 943 1306 anni
966 1281 1087 1315 tempo·

128 1319 225 1355 ribus,
248 1319 303 1349 sed
327 1328 424 1358 prope
447 1318 583 1359 singulis
603 1319 774 1349 momentis
792 1324 883 1354 coeat
903 1329 956 1349 eos
981 1330 1087 1350 neees-

128 1362 206 1392 sitas
239 1361 410 1401 implorare
440 1372 532 1401 opem
563 1360 642 1398 Dei,
678 1372 777 1400 quum
809 1361 937 1391 videant
968 1366 1087 1392 terram

128 1405 230 1444 ipsam
249 1411 357 1443 petere
373 1414 499 1443 semper
512 1415 529 1434 a
542 1404 610 1434 Deo
631 1403 792 1434 ariditatis
812 1414 887 1434 suae
900 1404 1088 1435 remedium.

128 1447 303 1485 Quaeritur
326 1451 433 1477 tamen
456 1445 612 1486 quomodo
635 1452 700 1476 tam
726 1447 897 1486 magnifiee
924 1446 1089 1486 praedicet

127 1490 235 1521 Moses
257 1489 454 1529 opulentiam
473 1496 577 1520 terrae
591 1489 758 1526 Chanaam
782 1499 863 1528 quae
887 1489 981 1520 hodie
1005 1490 1090 1520 inter

127 1532 248 1563 fertiles
275 1533 329 1563 vix
358 1537 561 1563 numeratur:
596 1532 738 1571 adeoque
762 1532 844 1562 Mosi
870 1538 1016 1572 proterve
1040 1533 1088 1562 in-

127 1575 249 1606 sultant
281 1575 407 1614 profani
442 1575 602 1610 homines,
644 1575 793 1614 quoniam
836 1575 904 1606 eius
945 1576 1089 1605 encomia

126 1618 274 1648 refellant
296 1628 416 1655 omnes,
440 1618 491 1657 qui
517 1617 567 1648 vel
592 1618 777 1657 negotiandi
803 1627 911 1654 eausa,
935 1618 987 1648 vel
1011 1628 1088 1657 qua-

127 1671 251 1700 cunque
284 1660 347 1691 alia
381 1660 457 1691 illuc
490 1660 623 1700 profecti
665 1666 749 1691 sunt.
808 1661 877 1699 Ego
912 1671 988 1691 vcro
1025 1671 1087 1691 nou

127 1703 236 1734 dubito
258 1703 334 1742 quin
357 1713 484 1742 semper
508 1703 623 1733 nobilis
646 1703 743 1733 fuerit
763 1703 934 1742 multiplici
959 1704 1087 1743 frugum

127 1745 268 1776 omnium
294 1754 467 1785 proventu:
492 1748 572 1777 sieut
597 1751 702 1785 postea
729 1756 784 1776 suo
809 1745 877 1776 loeo
900 1745 1088 1783 videbimus,

127 1799 166 1818 ex
191 1789 288 1819 botris
312 1789 478 1828 probatam
502 1788 600 1818 fuisse
624 1789 694 1818 eius
717 1788 928 1819 fertilitatem.
967 1789 1087 1819 Vei-uni

128 1830 220 1861 simul
246 1830 419 1862 tenendum
450 1837 514 1868 est,
546 1841 628 1861 novo
653 1839 683 1861 et
714 1831 840 1861 insolito
863 1831 954 1861 modo
979 1838 1088 1862 auctas

127 1873 226 1904 fuisse
259 1874 327 1905 eius
360 1874 482 1913 copias,
515 1874 623 1913 populi
653 1873 809 1906 adventu:
841 1881 874 1903 ut
905 1874 1089 1904 ostenderet

128 1915 218 1947 Deus
240 1915 273 1947 50
297 1917 458 1956 regionem
492 1916 579 1946 illam
610 1926 685 1955 prae
715 1917 785 1947 aliis
816 1916 964 1947 omnibus
994 1916 1086 1947 110110-

129 1958 256 1995 dixisse,
281 1966 315 1989 ut
337 1959 514 1989 liberaliter
536 1959 619 1989 filios
642 1970 715 1989 suos
736 1965 887 1998 pasceret.
924 1959 1088 1997 Quamdiu

129 2011 204 2041 ergo
227 2001 259 2031 in
284 2002 516 2032 haereditatem
548 2012 699 2032 concessa
730 2002 788 2032 fuit
819 2010 904 2032 terra
934 2002 990 2031 illa
1014 2002 1088 2033 tiliis

129 2043 292 2080 Abrahae,
324 2044 523 2084 resplenduit
549 2045 580 2074 in
606 2045 674 2075 eius
699 2045 858 2081 ubertate,
890 2044 973 2084 quod
999 2045 1087 2075 Deus

128 2087 317 2125 promiserat
339 2097 394 2126 per
414 2088 536 2118 Mosen.
574 2087 668 2118 Nunc
694 2098 769 2117 voro
793 2098 909 2127 magna
934 2099 972 2117 ex
997 2094 1087 2126 parte

130 2127 286 2159 desertam
299 2140 367 2160 esse
380 2130 431 2160 vel
451 2130 603 2165 sterilem,
625 2130 702 2160 adeo
722 2131 831 2160 mirari
847 2141 909 2160 non
924 2130 1086 2167 debemus,

131 2176 165 2200 ut
203 2172 306 2210 potius
349 2173 466 2203 mirum
508 2173 550 2203 sit
590 2177 711 2203 restare
752 2173 888 2203 obscura
929 2173 1085 2211 quaedam

131 2213 265 2253 vestigia
283 2215 432 2254 antiquae
452 2215 689 2245 foecunditatis:
711 2216 786 2254 quia
804 2215 931 2255 impleri
945 2216 1088 2255 oportuit

131 2254 213 2293 quod
235 2256 302 2295 ipse
325 2267 447 2296 quoque
470 2258 558 2288 Deus
581 2259 723 2288 minatus
747 2261 859 2288 tuerat.
895 2258 982 2298 Ergo
1005 2269 1086 2297 quae

132 2296 224 2327 hodie
267 2300 458 2338 conspicitur
498 2307 603 2331 terrae
643 2300 844 2339 deformitas,
884 2300 962 2331 adeo
1003 2301 1085 2331 nihil

133 2338 264 2379 derogat
301 2341 482 2373 testimonio
517 2343 630 2381 Mosis,
672 2349 708 2373 ut
742 2344 847 2383 potius
888 2343 1087 2374 demonstret

133 2386 206 2412 ante
239 2382 344 2413 oculos
376 2383 439 2414 Dei
469 2385 638 2422 iudicium,
680 2386 763 2425 quod
798 2386 871 2417 alibi
906 2386 1085 2417 videbimus

133 2423 356 2455 denunciatum
380 2426 486 2458 fuisse.
520 2428 558 2458 In
582 2439 718 2465 summa,
742 2429 833 2460 sicuti
854 2429 943 2459 Deus
967 2434 1085 2459 terram

132 2466 222 2504 prius
243 2466 429 2506 frugiferam
452 2471 552 2510 magis
582 2471 789 2511 locupletavit
812 2472 845 2501 in
869 2472 1006 2511 gratiam
1031 2482 1085 2511 po-

133 2508 201 2546 puli
229 2509 294 2539 sui:
325 2510 383 2546 ita,
414 2516 449 2541 ut
477 2512 618 2544 eiusdem
652 2514 762 2553 populi
796 2514 917 2545 scelera
946 2514 1086 2554 puniret,

132 2550 198 2623 sale
217 2562 290 2623 «elam⁴
306 2554 489 2599 conspersit,
507 2560 543 2585 ut
561 2556 651 2587 triste
670 2557 887 2596 spectaculum
907 2562 991 2587 esset
1010 2567 1086 2588 suae

132 2602 185 2623 ma
201 2604 216 2623 e
241 2598 372 2625 lotionis.

217 2636 314 2667 Deut.
338 2637 365 2675 8,
390 2638 438 2669 10.
484 2638 622 2672 eomedas
643 2641 740 2680 iyitm·
759 2644 786 2672 ct
807 2642 980 2673 satiaberis.
1026 2642 1087 2672 His

849 203 1113 235 PRAEFATIO
1138 204 1186 234 IN
1210 204 1380 235 LEGEM.

2043 209 2106 240 246

1139 297 1246 328 verbis
1281 297 1450 335 admonet,
1482 298 1579 329 nimis
1609 298 1677 330 fore
1709 299 1856 330 socordes
1886 299 1947 331 nisi
1979 309 2033 331 eos
2064 300 2104 331 ad

1139 339 1350 370 obedientiam
1375 340 1495 372 alliciat
1519 346 1609 372 tanta
1622 342 1682 372 Dei
1707 341 1899 373 liberalitas:
1924 342 1999 382 quia
2022 343 2105 373 nihil

1139 383 1242 421 magis
1273 382 1448 413 absurdum
1480 394 1575 423 quam
1605 384 1659 415 ubi
1690 385 1769 415 bene
1800 385 1909 416 referti
1933 395 2045 416 sumus
2068 396 2104 417 ac

1138 426 1249 462 saturi,
1269 436 1333 455 non
1353 436 1526 465 agnoscere
1545 427 1630 457 unde
1649 426 1740 457 nobis
1760 428 1919 467 profectus
1933 429 1974 459 sit
1987 428 2102 460 victus.

1140 469 1223 507 Apte
1243 468 1348 507 itaque
1363 468 1470 499 Moses
1492 480 1509 499 a
1529 469 1646 508 populo
1665 470 1896 509 gratitudinem
1917 470 2028 510 exigit,
2049 471 2103 502 ubi

1139 516 1171 539 et
1195 514 1279 540 terra
1302 510 1360 541 sibi
1384 511 1541 550 promissa
1560 518 1590 542 ct
1612 512 1701 542 omni
1723 512 1879 543 bonorum
1904 513 2104 544 abundantia

1140 553 1272 583 fruetur.

1226 595 1322 626 Deut.
1347 596 1375 633 6,
1399 596 1424 626 1.
1460 596 1550 627 Istzcd
1574 599 1672 627 autem
1695 599 1738 628 est
1753 600 1962 636 praeceptmn.
2009 598 2101 630 Idem

1139 637 1190 667 his
1214 638 1315 668 tribus
1339 638 1486 669 versibus
1510 639 1626 678 repetit
1649 639 1731 679 quod
1756 640 1820 670 iam
1849 640 1923 671 alibi
1955 641 2103 680 pluribus

1139 679 1217 710 locis
1241 680 1343 710 visum
1369 685 1432 711 est:
1462 691 1560 720 quum
1585 681 1674 713 Deus
1697 687 1761 712 tam
1785 682 1961 713 liberaliter
1985 688 2105 715 tractet.

1139 722 1312 759 Israelitas,
1333 723 1428 753 nimis
1448 723 1513 754 fore
1533 734 1700 762 perversos
1721 725 1781 755 nisi
1802 736 1854 756 eos
1867 730 1957 756 tanta
1968 726 2103 757 dulcedo

1140 764 1179 795 ad
1199 765 1278 804 legis
1299 776 1440 796 amorem
1460 766 1587 796 alliciat.
1623 767 1813 798 Tenendum
1834 768 1931 798 etiam
1951 774 2000 799 est
2019 768 2104 809 quod

1141 807 1251 847 attigi:
1282 809 1430 847 quamvis
1460 809 1687 848 promissiones
1716 811 1831 850 quibus
1862 811 2015 850 populum
2047 812 2103 842 sti-

1140 850 1279 880 mulavit
1292 850 1398 881 Moses
1417 850 1455 880 ad
1476 851 1616 882 studium
1636 852 1716 893 legis
1735 853 1923 890 servandae,
1947 855 1981 884 in
2004 853 2103 885 alium

1141 893 1245 923 locum
1271 893 1466 931 distulerim,
1497 895 1643 924 consulto
1668 902 1775 926 tamen
1799 900 1873 926 ante
1898 896 1976 936 legis
2001 896 2104 936 expli-

1141 935 1299 966 cationem
1325 936 1408 966 locos
1432 937 1590 975 posuisse,
1618 937 1730 976 quibus
1756 938 1862 969 Moses
1886 944 2005 969 terram
2031 950 2103 979 pro-

1141 978 1272 1008 missam
1297 983 1448 1017 tanquam
1473 979 1572 1009 oculis
1595 980 1701 1019 populi
1726 981 1908 1017 subiiciens,
1933 986 2107 1021 praeparat

1141 1021 1263 1051 animos
1298 1020 1336 1051 ad
1369 1020 1570 1060 obsequium,
1605 1026 1637 1052 et
1671 1023 1842 1062 imperium
1875 1029 1939 1054 tam
1969 1023 2105 1056 benefici

1140 1063 1242 1102 patris
1276 1063 1412 1093 amabile
1443 1064 1681 1103 iucundumque
1714 1065 1828 1096 reddit.
1882 1066 1992 1105 Quum
2028 1077 2104 1107 ergo

1140 1107 1204 1136 iam
1228 1107 1324 1136 creati
1349 1112 1456 1137 essent
1480 1111 1583 1137 terrae
1605 1107 1766 1144 haeredes,
1792 1109 1898 1139 Moses
1918 1108 1957 1139 ad
1976 1109 2103 1141 fruitio-

1141 1159 1214 1178 nem
1250 1159 1301 1179 cos
1342 1149 1502 1186 invitans,
1544 1149 1719 1180 doctrinam
1761 1151 1852 1182 0111115
1887 1162 1984 1182 causa
2017 1152 2104 1192 ipsos

1140 1191 1364 1230 adoptaverat,
1400 1192 1566 1231 propensis
1596 1193 1712 1223 animis
1747 1193 1896 1232 amplecti
1931 1194 2033 1225 iubet:
2071 1200 2103 1226 et

1140 1234 1226 1271 Deo,
1261 1234 1352 1265 0111115
1384 1235 1524 1274 gratuita
1558 1234 1698 1266 bonitate
1732 1237 1898 1275 praeventi
1930 1241 2037 1273 erant,
2069 1248 2102 1268 50

1140 1277 1282 1307 vicissim
1296 1277 1328 1306 in
1348 1277 1532 1316 obsequium
1553 1277 1708 1309 addicere.
1745 1277 1846 1309 Sicuti
1864 1284 1970 1309 autem
1990 1286 2103 1311 octavo

1141 1324 1172 1349 et
1196 1318 1363 1349 undecimo
1393 1320 1496 1358 capite
1527 1320 1670 1350 laudavit
1699 1324 1803 1351 terrac
1834 1321 2028 1359 ubertatem,
2059 1323 2104 1353 ita

1141 1361 1275 1392 eandem
1291 1363 1483 1392 senteutiam
1505 1373 1588 1393 nune
1607 1364 1789 1393 confirmat:
1810 1363 1860 1394 vel
1880 1365 1997 1403 potius,
2018 1365 2102 1404 quod

1142 1405 1282 1435 breviter
1306 1404 1432 1435 dixerat
1450 1406 1553 1444 eapite
1573 1410 1662 1436 sexto
1690 1410 1801 1445 postea
1824 1406 1926 1437 fusius
1950 1408 2099 1446 explicat.

1144 1446 1350 1478 Conveniunt
1362 1447 1488 1487 quidem
1504 1448 1581 1478 haec
1593 1448 1709 1485 omnia,
1729 1449 1853 1479 felicem
1873 1449 1957 1479 vitae
1970 1455 2102 1489 statum,

1143 1490 1197 1529 qui
1222 1496 1296 1521 aute
1320 1490 1427 1521 oculos
1452 1495 1533 1527 erat,
1569 1491 1714 1521 debuisse
1738 1491 1848 1530 populi
1871 1492 2103 1531 gratitudinem

1143 1533 1330 1567 accendere,
1372 1544 1412 1563 ue
1452 1534 1569 1572 periret
1610 1541 1675 1563 tam
1710 1533 1847 1573 insignis
1881 1534 2101 1567 beneficentia.

1142 1575 1256 1614 Itaque
1286 1576 1393 1606 Moses
1427 1582 1655 1606 commemorat
1688 1587 1721 1606 se
1755 1576 1840 1616 leges
1874 1583 1905 1607 et
1934 1578 2038 1608 edicta
2068 1579 2102 1609 in

1137 1619 1283 1649 ,111011111111
1309 1619 1494 1657 protulisse.
1523 1619 1637 1657 quibus
1659 1619 1907 1650 instituerentur
1930 1620 1963 1650 in
1987 1621 2103 1652 timore

1144 1661 1221 1691 Dei:
1245 1661 1341 1691 simul
1365 1661 1512 1691 admonet
1536 1672 1629 1700 quam
1653 1661 1821 1701 indignum
1847 1662 1902 1698 sit,
1938 1673 2002 1692 non
2034 1663 2102 1702 rapi

1142 1703 1181 1733 ad
1206 1704 1266 1734 Dei
1291 1710 1322 1733 et
1345 1703 1425 1743 legis
1448 1714 1588 1734 amorem
1613 1710 1715 1734 terrae
1739 1703 1856 1735 delitiis
1876 1709 1908 1734 et
1926 1705 2100 1744 opulentia.

1142 1746 1315 1776 Praetereo
1338 1757 1418 1785 qnae
1442 1747 1515 1777 alibi
1541 1746 1688 1785 exposui,
1718 1746 1800 1785 quod
1829 1747 1949 1777 seilicet
1978 1748 2058 1777 nihil
2084 1759 2102 1779 a

1141 1800 1174 1819 se
1204 1789 1271 1828 ipso
1303 1789 1459 1826 docuerit,
1492 1788 1547 1819 sed
1576 1789 1678 1819 tidelis
1709 1789 1804 1819 fuerit
1836 1789 1895 1819 Dei
1925 1790 2100 1830 interpres:

1141 1831 1256 1861 (10111110
1280 1831 1363 1870 quod
1388 1832 1564 1862 doctrinam
1589 1833 1674 1862 iubet
1698 1834 1865 1871 propagari
1890 1831 1928 1861 ad
1949 1839 2102 1871 posteros,

1141 1880 1173 1904 et
1204 1874 1241 1904 de
1276 1885 1371 1904 manu
1406 1875 1436 1903 in
1473 1885 1604 1904 manum
1641 1875 1830 1910 transmitti,
1866 1881 1901 1903 ut
1935 1886 2100 1914 nunquam

1142 1916 1321 1947 intercidat.
1379 1916 1468 1946 Idem
1510 1918 1677 1947 confirmat
1717 1917 1798 1946 alter
1839 1917 1926 1947 loeus
1961 1928 2000 1947 ex
2038 1919 2101 1948 fine

1141 1959 1282 1990 eiusdem
1327 1961 1439 1998 capitis
1479 1965 1634 1999 sumptus.
1697 1958 1789 1990 Unde
1829 1964 1961 1999 apparet
2005 1971 2101 2000 quam

1141 2002 1270 2033 difficile
1300 2003 1342 2033 sit
1371 2002 1515 2032 homines
1547 2002 1642 2042 probe
1674 2002 1805 2032 formari
1834 2002 1873 2032 ad
1907 2001 2101 2033 servandam

1141 2045 1259 2083 legem,
1291 2055 1426 2084 quorum
1457 2045 1624 2084 segnitiem
1650 2045 1738 2075 Deus
1768 2055 1831 2074 non
1862 2045 1980 2075 frustra
2009 2046 2102 2076 toties

1140 2088 1268 2118 excitat.
1331 2088 1453 2119 Subest
1493 2088 1579 2118 enim
1621 2087 1717 2117 tacita
1758 2087 1806 2117 vel
1851 2086 2015 2118 socordiae
2050 2088 2102 2119 vel

1140 2130 1280 2161 levitatis
1314 2130 1532 2170 exprobratio,
1568 2130 1622 2160 ubi
1654 2130 1742 2159 Deus
1771 2128 1853 2168 quod
1887 2130 1964 2160 satis
1998 2130 2103 2161 fuerat

1140 2183 1203 2203 11110
1218 2173 1314 2203 verbo
1328 2179 1533 2207 monstrasse,
1555 2173 1700 2211 flagitare
1719 2182 1782 2201 non
1803 2171 1927 2202 desinit.
1952 2172 2103 2203 Notanda

1138 2216 1233 2246 etiam
1254 2222 1301 2246 est
1320 2216 1461 2246 iustitiae
1480 2215 1631 2253 definitio,
1656 2220 1690 2245 ut
1709 2214 1827 2245 faciant
1846 2214 1928 2253 quod
1947 2215 1979 2245 iu
2001 2215 2102 2246 oeulis

1140 2258 1201 2288 Dei
1236 2264 1358 2289 rectum
1400 2268 1461 2289 est:
1503 2258 1585 2298 quod
1627 2257 1732 2288 carnis
1767 2257 1883 2287 rationi
1918 2262 1949 2287 et
1982 2257 2101 2289 iudicio

1138 2302 1319 2340 opponitur.

1454 2469 1515 2500 EX
1539 2468 1671 2499 DEUT.
1699 2467 1790 2499 VIII.

1228 2557 1275 2586 11.
1302 2554 1380 2588 Cave
1403 2554 1458 2585 tibi
1482 2565 1517 2584 ne
1539 2553 1729 2584 obliviscaris
1753 2551 1882 2584 Ielsovae
1905 2553 1966 2585 Dei
1990 2555 2044 2592 tui,
2068 2558 2102 2586 ut

1139 2609 1198 2629 ozon
1222 2599 1357 2629 observes·
1374 2600 1538 2636 praecepta
1560 2596 1635 2632 eius,
1659 2598 1685 2626 et
1708 2596 1827 2627 'indicia
1849 2597 1923 2635 cius,
1946 2599 1972 2627 et
1986 2600 2102 2628 statuta

1141 2642 1216 2679 eius,
1241 2652 1318 2680 quac
1336 2652 1387 2681 eyo
1404 2639 1564 2679 praecipio
1583 2638 1637 2669 tibi
1656 2638 1750 2669 hodie.
1792 2639 1840 2669 12.
1867 2639 1915 2669 Ne
1931 2639 2008 2678 forte
2026 2650 2103 2672 com-

1849 2689 1897 2713 16*
