2304 3034
162 163 203 192 59
750 159 941 190 ΟΟΜΜΕΝ
948 161 972 190 ’1
977 161 1154 192 AmUSI

163 255 348 288 11’·11151“81·1·1;
381 252 592 326 814811110185
623 252 721 283 etiam
751 253 818 292 ipse
850 258 984 285 vocetur
1020 254 1131 285 mundi

163 301 254 331 Deus
272 298 304 339 (⁵2
325 296 396 328 Cor.
466 296 513 336 31)
534 295 590 326 sed
609 295 663 325 nbi
685 305 777 326 verae
798 295 927 327 deitatis
946 297 981 327 fit
1001 297 1131 334 mentio,

163 352 289 413 saeinlm
310 340 330 370 14
324 296 437 369 llud4
415 348 532 369 nomen
556 338 716 377 scriptura
740 348 907 377 nunquam
933 340 1088 379 prof-inat.

251 384 299 414 17.
325 381 368 412 Et
397 381 539 412 baculum
567 380 655 412 leuno.
711 380 781 411 Non
813 380 946 412 dubium
978 388 1025 413 est
1054 383 1132 422 quin

164 429 254 459 Deus
285 425 433 456 baculum
469 424 663 463 pastoralem
700 423 830 454 virtutis
865 435 941 455 snae
975 435 1132 465 organum

164 480 233 501 8558
268 467 421 504 voluerit⁷
463 476 525 505 quo
565 466 669 506 magis
709 465 915 505 pudefaoeret
948 468 1131 508 superbiam

164 511 352 544 Pharaonis.
399 508 486 548 Quid
509 509 596 539 enim
620 514 748 548 praeter
772 509 982 549 ionmniniam
1005 517 1037 541 et
1060 521 1132 551 pro-

164 557 258 587 brum
288 553 393 593 potnit
428 552 511 583 111051
543 551 659 582 1*1Η”811·8
688 552 771 591 quod
796 551 877 592 pedo
901 563 958 583 sno
981 553 1133 593 pastorali

164 610 211 639 pi
205 608 241 629 18
265 607 298 628 se
323 595 397 626 tulit
421 595 578 626 hactenus
600 594 634 625 in
658 595 759 626 818115
783 600 814 625 81
838 595 978 634 tuguriis
1001 606 1076 627 oves
1100 606 1132 627 58

167 639 332 672 ilnctasse‘?
365 638 435 669 Hoc
467 648 543 677 eigo
573 637 683 668 rustici
710 642 741 668 et
765 637 1017 677 contemptibilis
1038 639 1133 669 olficii

164 684 291 723 insigne
322 692 386 712 non
415 681 485 711 sine
515 680 711 711 contumelia
741 680 922 720 oppositum
953 681 1013 711 fnit
1047 682 1134 722 r⁴erio

165 725 348 758 Pharaonis
382 722 726 763 581Ρ110.Ι1118(1811]
768 734 843 754 1810
881 723 940 755 hac
975 724 1008 754 in
1043 730 1133 764 paite

164 775 306 801 meretur
330 766 432 798 Mosis
457 765 648 803 obedientia,
678 776 740 805 quo
765 777 838 797 eum
864 776 928 796 non
954 766 1051 806 pudet
1075 767 1133 798 hu-

166 812 234 844 mili
259 816 289 842 et
313 810 436 841 abiecti
460 809 565 848 specie
589 808 727 848 prodire,
751 809 807 839 sed
828 809 976 839 baculum
997 809 1134 840 libenter

167 860 281 896 gestat,
307 864 368 893 quo
388 863 421 882 sc
441 852 474 882 18
494 851 635 882 nihilum
656 851 814 891 redigens,
839 852 945 882 Deum
967 852 1132 893 g-loiifieet.

166 899 279 938 Itaque
315 896 502 936 plerumque
537 894 616 925 50181
657 895 746 925 Deus
788 895 821 925 in
862 895 946 926 vasis
987 896 1134 926 testaceis

166 950 302 979 incomp
298 938 418 970 1111111
403 949 435 968 85
459 948 534 968 suos
557 937 725 968 thesauros
749 937 932 975 recondere,
962 943 994 968 et
1017 938 1134 978 eligere

166 985 295 1015 infirmi
318 980 440 1017 muudi,
463 987 497 1010 nt
521 986 704 1020 prosternat
729 979 884 1020 quidquid
908 964 1008 1011 altum
1032 987 1080 1012 est
1103 985 1135 1011 et

166 1027 256 1057 forte.
320 1023 414 1063 Quod
448 1029 555 1054 autem
590 1023 718 1054 iubetur
752 1023 860 1054 Moses
895 1034 951 1063 per
985 1023 1134 1055 baculum

165 1067 322 1100 miracula.
352 1066 462 1103 edere,
497 1066 572 1096 111118
607 1066 788 1106 colligimus
822 1072 957 1096 externa
989 1067 1135 1097 svmbola

166 1123 260 1152 saepe
283 1110 427 1141 adhiberi
453 1120 470 1140 a
494 1108 564 1139 Deo
588 1107 665 1139 dum
690 1119 789 1139 manu
809 1120 866 1139 sua
884 1116 1047 1149 opciatnr,
1071 1121 1135 1140 non

166 1163 200 1187 111
224 1154 397 1195 quidquam
420 1152 552 1192 deioget
571 1162 649 1182 suae
673 1152 796 1189 virtuti
820 1158 874 1182 aut
900 1163 961 1191 quo
981 1153 1049 1183 eius
1068 1152 1135 1183 lau-

167 1199 239 1230 dem
263 1179 557 1233 obscurc1‚sed³ut
582 1194 687 1234 palam
713 1195 810 1226 faciat
834 1194 893 1225 sibi
919 1200 1018 1225 totum
1044 1206 1134 1226 mun-

168 1241 243 1272 dum
269 1239 407 1270 51111855(
431 1245 462 1268 et
486 1249 526 1277 qn
531 1248 566 1268 18
591 1237 713 1268 nullius
736 1237 853 1277 alioqui
877 1238 1031 1268 momenti
1052 1243 1135 1277 sunt,

167 1284 266 1315 libere
291 1294 324 1313 se
345 1282 377 1312 in
403 1292 496 1312 usum
521 1284 630 1320 aptare
654 1291 879 1320 quemcunque
904 1281 1050 1312 voluerit.

257 1369 303 1399 IS.
332 1367 490 1406 Profectus
519 1369 562 1397 est
590 1376 659 1405 erqo
683 1365 794 1403 Meos,
822 1369 848 1397 ef
870 1377 1010 1397 reversus
1032 1369 1076 1397 est
1097 1367 1137 1398 ad

170 1412 282 1449 Ietltro,
295 1420 433 1441 socerum
451 1420 560 1439 secane:
583 1409 759 1440 1117111111ιῖ
778 1420 862 1440 eum:
890 1409 1011 1441 Vadam
1024 1419 1101 1440 »iuno
1113 1412 1138 1440 et

169 1457 307 1486 revertar
322 1453 362 1483 ad
374 1452 490 1491 fratres·
508 1462 589 1482 meos
604 1451 657 1491 qui
675 1455 746 1483 sum*
761 1453 790 1482 iu
807 1453 951 1492 AeJJJffiO,
966 1455 1000 1483 ut
1018 1453 1138 1483 rideam

171 1509 210 1529 an
241 1497 339 1528 adhuc
365 1496 427 1534 ipsi
459 1495 570 1525 cicant.
622 1494 664 1525 Et
693 1495 775 1525 diatit
800 1495 901 1526 [filtro
927 1495 1025 1526 Masi.-
1056 1495 1139 1526 Vade

171 1542 205 1572 'in
235 1550 320 1579 pace.
380 1538 428 1569 19.
459 1537 597 1569 Dim-at
625 1541 727 1568 antem
756 1538 869 1569 Ielaeova
899 1538 940 1569 (td
971 1537 1077 1569 31105811
1108 1539 1138 1568 in

173 1583 324 1615 Madian.-

170 1628 241 1657 szmt
265 1635 366 1655 onzues
392 1624 451 1653 riri
471 1624 524 1662 qui
543 1623 728 1662 quaerebant
746 1624 886 1654 animam
905 1627 998 1655 tuam.
1033 1625 1083 1655 20.
1101 1623 1141 1654 Et

172 1669 286 1708 accepit
318 1666 419 1698 Mose
443 1676 567 1697 uxorem
596 1676 695 1702 suam,
725 1669 751 1697 et
778 1667 870 1705 filios,
900 1670 925 1697 et
948 1668 1072 1698 sustulit
1093 1677 1141 1698 eos

171 1722 266 1750 super
289 1711 429 1741 asimme:
455 1711 481 1740 et
504 1719 644 1740 reversus
665 1712 706 1740 est
730 1709 762 1740 ¹in
786 1712 898 1741 terram
923 1710 1064 1751 Aeyypti.
1100 1709 1142 1741 Et

173 1755 288 1793 accepit
320 1752 420 1784 1110585
451 1752 592 1782 baculum
624 1751 685 1783 Dei
712 1752 745 1783 in
774 1762 869 1783 manu
901 1763 966 1784 sua.
1019 1753 1068 1784 21.
1100 1752 1143 1784 Et

174 1798 219 1828 ait
244 1796 357 1827 [eleum
376 1796 417 1825 ad
439 1794 561 1825 Mosen.-
588 1796 688 1833 Quum
701 1796 859 1835 profectus
875 1796 976 1835 fueris
998 1799 1022 1827 ct
1046 1807 1141 1827 rever-

173 1851 228 1872 sus
254 1841 285 1870 in
304 1840 487 1879 Aeyyptmn,
513 1838 578 1868 cide
601 1841 633 1868 ut
657 1839 759 1869 omnia
783 1839 874 1878 sigma
897 1849 973 1878 qaae
993 1840 1087 1879 posui
1109 1840 1142 1870 in>

175 1894 270 1914 manu
300 1885 362 1918 ἰιια,
391 1881 494 1920 facias
527 1881 580 1912 illa
603 1891 705 1911 coram
732 1880 905 1913 Pharaone.
951 1881 1018 1922 qu
1041 1885 1142 1913 aulem

175 1927 379 1964 conssrillyam
402 1934 453 1954 cor
470 1924 567 1960 illias,
588 1927 614 1954 et
634 1934 690 1955 non
711 1924 840 1955 dimittet
849 1925 1010 1964 populum.
1036 1926 1084 1956 22.
1101 1923 1143 1956 Et

174 1970 256 2000 dices
277 1968 454 1998 Pharaoni:
476 1966 527 1997 Sic
544 1967 619 1997 (licit
639 1966 767 1998 Iehom:
792 1967 897 1998 Filius
915 1978 1010 2005 meus,
1028 1969 1143 2008 primo-

173 2012 294 2052 yenitzcs
318 2021 401 2041 meus
425 2010 536 2040 Israel.
570 2010 619 2040 23.
640 2010 708 2050 Eyo
726 2012 826 2041 autem
847 2011 926 2041 inssi
947 2013 973 2042 te
995 2011 1145 2042 dimittere

174 2055 275 2093 silium
314 2064 411 2083 mcum
442 2055 473 2083 ut
503 2052 581 2082 milli
610 2053 752 2083 serviret:
783 2056 809 2083 et
831 2054 964 2084 renuisti
994 2054 1145 2085 dimittere

176 2108 253 2128 eccm.
286 2096 358 2127 Ideo
375 2106 434 2127 ecco
453 2106 503 2136 eye
523 2096 658 2126 occidam
674 2096 773 2131 silium
794 2099 888 2133 tuum,
904 2097 1144 2137 prz'moyenitum

176 2143 272 2171 tuum

265 2224 313 2254 18.
342 2224 501 2262 Profectus
532 2226 576 2253 est
605 2234 674 2263 erqo
700 2224 811 2255 Moses.

180 2268 336 2298 visionem
361 2277 422 2306 qua
447 2266 587 2296 maxime
616 2267 701 2298 flecti
734 2272 858 2307 poterat
889 2269 987 2299 soceri
1020 2269 1146 2299 animus

179 2311 217 2341 ad
242 2310 382 2341 dandum
407 2309 604 2344 missionem,
629 2311 846 2350 suppresserit
866 2311 982 2342 Moses.
1020 2311 1145 2341 Huma-

180 2355 267 2384 nitus
292 2355 375 2382 811118
402 2352 552 2391 loquitur,
577 2352 636 2383 sibi
657 2364 726 2384 csse
750 2354 783 2383 in
808 2354 915 2384 animo
940 2356 1052 2385 fratres
1072 2364 1146 2385 suos

180 2406 209 2427 et
247 2401 401 2436 cognatos
436 2395 585 2425 revisere.
645 2396 742 2435 Atqui
778 2397 949 2427 molestum
986 2397 1046 2427 fuit
1079 2397 1146 2427 eius

181 2450 289 2471 508810
320 2448 430 2469 carere
461 2438 530 2468 eius
561 2449 674 2477 opera,
710 2439 881 2470 sedulitate
915 2447 945 2471 ct
977 2439 1145 2476 industria,

182 2482 264 2513 unde
289 2491 438 2521 maguam
471 2480 641 2511 uti'itatem
674 2489 874 2521 perceperat:
906 2483 1039 2513 minime
1071 2493 1147 2513 vero

183 2534 310 2565 gratum
335 2524 397 2554 fuit
421 2524 517 2554 filiam
543 2535 633 2554 suan]
659 2531 689 2555 ct
713 2531 844 2565 nepotes
874 2526 904 2555 in
937 2526 1073 2556 alienam
1098 2536 1147 2555 rc·

185 2568 267 2608 giem
283 2578 311 2596 111
336 2565 507 2597 dimittere.

184 2618 269 2640 111818
295 2615 325 2639 et
350 2609 469 2649 pudore
495 2615 636 2641 retentus
661 2611 804 2648 tacuerit,
836 2611 994 2642 incertum
1020 2617 1084 2641 est:
1117 2612 1147 2641 in

362 1581 445 1612 Vade
475 1583 620 1611 revertere
650 1581 683 1610 in
708 1581 896 1621 Aeyyptmn:
924 1582 998 1620 quia
1028 1582 1139 1613 mortui
1165 1603 1167 1608 1

857 2225 980 2256 Mirum
1011 2230 1059 2256 cst
1088 2236 1146 2257 cur
1170 2226 1172 2236 ⁴

1178 159 1363 191 EXODI
1388 159 1485 190 OAP.
1511 159 1569 190 IV.
2113 161 2155 192 60

1186 254 1269 285 hauc
1294 259 1400 284 tamen
1425 254 1641 284 coniecturam
1667 253 1768 293 magis
1799 254 1929 292 inclino,
1960 265 2023 286 non
2054 255 2153 287 fuisse

1185 307 1299 327 ausum
1323 295 1360 327 de
1383 306 1440 326 sua
1465 296 1635 327 vocatione
1664 296 1767 335 loqui,
1799 307 1839 327 ne
1871 307 1922 328 res
1953 297 2152 330 incredibilis

1185 350 1259 370 eum
1302 339 1460 370 mendacii
1502 344 1534 369 et
1574 339 1727 369 vanitatis
1768 344 1953 379 suspectum
1992 340 2151 372 redderet.

1185 382 1348 421 Quoniam
1373 392 1449 421 ergo
1474 381 1654 412 vocationis
1677 392 1752 412 snae
1776 382 1873 413 fidem
1897 383 2001 414 faeere
2024 382 2152 415 difficile

1185 430 1263 461 erat,
1288 425 1501 455 humanitatis
1526 425 1665 455 officium
1686 424 1860 456 obtendere
1880 425 2002 456 maluit.
2041 425 2152 457 Iethro

1185 473 1292 498 antem
1324 467 1385 497 Dei
1417 468 1517 506 inagis
1549 467 1706 498 instinctu
1739 478 1835 507 quam
1866 469 2073 499 excusatione
2096 469 2153 500 illa

1185 521 1368 551 persuasus,
1393 509 1567 540 flexibilem
1599 519 1632 541 se
1663 509 1819 549 praebuit.
1866 510 2063 550 Quanquam
2088 522 2153 542 non

1186 553 1296 584 dubito
1321 554 1433 583 Mosen
1459 563 1515 592 per
1539 552 1755 593 quadraginta
1779 564 1882 584 annos
1911 564 1948 584 ea
1978 564 2056 584 suae
2079 564 2153 594 pro-

1185 595 1294 627 bitatis
1326 595 1451 626 dedisse
1481 595 1574 633 signa
1605 606 1687 635 quae
1717 596 1805 626 omni
1837 596 1970 627 sinistra
2003 596 2153 637 opinione

1186 649 1259 670 eum
1283 639 1473 669 eximerent.
1521 637 1650 670 Scimus
1673 644 1830 677 quantum
1860 640 2044 670 autoritatis
2067 649 2154 671 eom-

1186 686 1275 722 parct
1300 681 1396 721 longa
1419 681 1632 721 experientia:
1658 681 1810 721 quoniam
1834 692 1910 722 ergo
1936 682 2042 714 Moses
2070 689 2151 713 tam·

1186 724 1240 755 diu
1264 736 1297 755 58
1321 725 1485 765 integrum
1507 724 1731 764 praestiterat.
1764 735 1826 755 non
1858 725 1960 765 potnit
1989 735 2078 756 socer
2101 724 2153 756 vel

1186 779 1204 798 a
1228 767 1369 803 levitate,
1395 767 1443 798 vel
1468 778 1486 797 a
1510 767 1621 798 fraude
1645 772 1676 797 81
1701 766 1772 798 dolo
1795 767 1857 798 sibi
1885 772 2039 799 metuere.
2081 767 2154 807 Quo

1186 810 1334 850 exemplo
1374 809 1531 841 docentur
1566 809 1692 843 fideles
1735 820 1863 858 semper
1904 809 2043 842 dandam
2084 820 2154 842 esse

1186 863 1316 901 operam
1342 858 1377 883 ut
1407 853 1466 884 sibi
1497 853 1614 884 bonam
1647 853 1920 884 existimationem
1950 858 2153 893 comparent:

1186 896 1259 936 quii
1285 895 1410 926 nullum
1442 895 1660 936 transigendis
1690 896 1838 927 omnibus
1870 897 2007 937 negotiis
2039 896 2154 928 melius

1186 938 1412 978 compendium
1436 944 1483 969 est
1503 949 1598 978 quam
1619 939 1795 970 continuus
1817 944 1923 970 rectae
1947 945 1978 970 et
2002 940 2155 971 innoxiae

1186 983 1271 1013 vitae
1295 990 1396 1012 tenor.
1443 981 1528 1012 Nam
1552 981 1637 1012 unde
1660 986 1750 1012 tanta
1774 982 1958 1021 morositas,
1984 981 2059 1013 dum
2084 982 2156 1013 vult

1187 1025 1320 1065 quisque
1344 1036 1362 1055 a
1380 1024 1465 1055 socio
1485 1023 1604 1064 aliquid
1623 1025 1806 1064 impetrare,
1833 1025 1916 1055 unde
1935 1029 1981 1056 tot
2000 1035 2156 1063 remorae,

1187 1067 1272 1098 unde
1304 1072 1348 1098 tot
1384 1067 1469 1097 ultro
1505 1067 1648 1106 citroque
1684 1068 1947 1105 obtrectationes,
1986 1068 2048 1099 nisi
2080 1067 2156 1108 quia

1187 1110 1263 1141 dnm
1288 1111 1423 1150 quisque
1449 1110 1518 1141 vult
1541 1110 1601 1141 sibi
1620 1110 1717 1145 credi,
1742 1121 1836 1141 nemo
1856 1115 1965 1141 tamen
1985 1121 2043 1142 sua
2064 1111 2154 1142 inno—

1187 1153 1294 1185 centia
1316 1153 1376 1184 hoc
1396 1154 1521 1192 assequi
1545 1152 1674 1184 studet?
1699 1153 1772 1184 Etsi
1793 1160 1899 1184 autem
1920 1155 2003 1185 iuste
2030 1157 2155 1185 sancte·

1188 1207 1249 1236 que
1270 1196 1407 1227 vivendo
1426 1196 1527 1227 soceri
1544 1196 1688 1226 animum
1711 1197 1771 1227 sibi
1790 1197 2019 1228 conciliaverat
2039 1197 2156 1235 Moses,

1189 1241 1221 1270 in
1246 1250 1303 1270 sua
1326 1244 1433 1269 tamon
1460 1239 1625 1270 vocatione
1657 1244 1720 1269 tam
1745 1250 1904 1280 propensa
1933 1239 2020 1271 illins
2054 1239 2154 1271 facili-

1190 1286 1258 1313 tate
1283 1282 1342 1312 fuit
1365 1282 1582 1312 confirmatus.
1628 1282 1805 1313 Permissio
1829 1283 1914 1313 enim
1941 1282 2035 1322 plena
2058 1283 2155 1314 comi-

1190 1325 1267 1356 tatis
1291 1330 1323 1355 et
1347 1324 1591 1355 benevolentiae
1616 1324 1742 1355 nullum
1773 1325 1938 1357 molestiae
1969 1326 2020 1357 vel
2051 1325 2156 1366 aegri-

1190 1368 1312 1399 tudinis
1336 1368 1463 1406 signum
1490 1369 1641 1398 continet.

1281 1411 1328 1441 19.
1360 1410 1496 1441 Differat
1536 1412 1639 1441 autem
1675 1410 1795 1442 Iehova.
1858 1411 1926 1441 Alii
1960 1411 2156 1442 sententiam

1190 1454 1273 1485 hanc
1305 1458 1480 1484 contexunt
1510 1463 1582 1483 cnm
1608 1453 1771 1493 proxima,
1796 1464 1831 1484 ac
1856 1454 1881 1484 si
1914 1454 2003 1486 Deus
2027 1464 2158 1485 servum

1191 1508 1285 1528 5118111
1309 1496 1491 1536 alloquutus
1515 1500 1608 1533 85581,
1632 1502 1801 1536 postquam
1824 1497 1889 1527 iam
1914 1507 1932 1527 a
1955 1507 2064 1528 socero
2083 1495 2158 1528 data

1192 1540 1296 1570 fuerat
1319 1538 1475 1569 1811888111
1506 1538 1653 1569 libertas:
1685 1550 1743 1579 ego
1775 1549 1852 1570 vero
1881 1539 1988 1579 potius
2020 1540 2158 1571 arbitror

1193 1583 1297 1613 alieno
1322 1582 1388 1612 1080
1414 1582 1508 1611 inseri
1534 1581 1616 1621 quod
1648 1586 1722 1612 ante
1754 1583 1906 1614 omissum
1938 1583 2051 1614 fuerat.
2098 1583 2157 1613 At-

1192 1637 1253 1665 que
1284 1625 1361 1655 huec
1397 1625 1543 1663 repetitio
1581 1624 1750 1664 scripturis
1779 1625 1857 1656 satis
1883 1625 1959 1656 trita
1984 1630 2041 1656 est.
2087 1625 2158 1657 Hoc

1165 1691 1166 1699 1
1193 1679 1269 1708 ergo
1304 1667 1524 1707 superioribus
1559 1667 1708 1708 adiungit
1742 1668 1867 1706 Moses,
1897 1668 1957 1699 sibi
1993 1668 2158 1708 demptum

1192 1712 1289 1742 fnisse
1313 1710 1446 1750 periculi
1473 1711 1636 1741 timorem:
1662 1712 1736 1750 quia
1760 1711 1850 1742 Deus
1873 1711 2065 1743 exstinctam
2089 1721 2158 1743 esse

1193 1754 1299 1786 caedis
1323 1754 1509 1784 memoriam
1534 1757 1673 1784 testatus
1705 1760 1760 1784 est.
1806 1754 1937 1785 Fuisset
1966 1754 2053 1784 enim
2079 1753 2159 1786 haec

1193 1797 1283 1837 quasi
1308 1797 1338 1826 in
1370 1797 1473 1835 primo
1505 1796 1616 1826 limine
1646 1796 1797 1834 offensio,
1828 1797 1853 1828 si
1883 1802 2027 1837 putasset
2051 1797 2159 1828 Moses

1193 1841 1315 1871 crimen
1340 1839 1420 1869 illud
1445 1839 1504 1870 sibi
1529 1840 1688 1870 obiectum
1714 1840 1765 1870 iri:
1798 1851 1862 1870 non
1887 1839 1970 1879 quod
1991 1839 2051 1871 sibi
2076 1839 2159 1870 male

1193 1882 1339 1914 conscius
1359 1886 1442 1912 esset
1465 1892 1571 1913 coram
1592 1881 1672 1918 Deo,
1697 1882 1752 1912 sed
1777 1883 1851 1922 qnia
1870 1883 2032 1922 perversis
2056 1882 2160 1914 homi—

1194 1936 1273 1956 num
1297 1924 1422 1955 iudiciis
1447 1924 1635 1964 repudiatus
1666 1925 1789 1956 fnisset.
1835 1925 1908 1956 Hac
1938 1925 2038 1965 igitur
2062 1926 2159 1956 etiam

1193 1970 1227 1999 in
1250 1974 1341 2008 parte
1371 1968 1440 1998 eius
1471 1967 1636 1998 timiditati
1666 1978 1751 1999 nunc
1782 1967 1929 1999 medetur
1951 1967 2051 2008 Deus⁷
2075 1979 2160 1999 mor—

1194 2016 1267 2042 tuos
1292 2021 1359 2041 esse
1390 2010 1499 2041 hostes
1528 2011 1581 2050 qui
1612 2011 1680 2041 eius
1705 2011 1789 2042 vitae
1819 2011 1954 2042 insidias
1985 2010 2160 2042 tendebant

1194 2054 1370 2085 affirmans.
1407 2054 1506 2084 Forte
1529 2059 1637 2084 tamen
1661 2053 1722 2084 hoc
1745 2064 1832 2085 nunc
1855 2064 2001 2085 seorsum
2025 2064 2162 2085 comme-

1196 2106 1309 2132 morat,
1334 2096 1418 2136 quod
1444 2097 1474 2126 in
1499 2100 1678 2127 commeatu
1709 2095 1847 2136 petendo
1877 2096 1980 2136 potuit
2009 2101 2079 2127 tuto
2103 2107 2159 2128 ex-

1195 2150 1323 2180 ponere.
1361 2139 1532 2170 Probabile
1553 2140 1640 2169 enim
1663 2145 1712 2171 est
1733 2139 1855 2177 Iethro,
1877 2139 2067 2179 priusquam
2090 2138 2160 2171 viro

1197 2183 1413 2222 alieniocnac,
1438 2187 1468 2212 et
1491 2182 1656 2222 incognito
1680 2183 1780 2213 filiam
1804 2181 1937 2219 locaret,
1962 2182 2159 2213 sciscitatum

556 2566 711 2598 Fueritne
742 2579 759 2598 a
794 2568 860 2598 Deo
885 2568 1080 2608 prohibitus,
1107 2578 1144 2598 an
1174 2580 1175 2595 1

1197 2209 1313 2256 fuisseU
1318 2224 1356 2255 de
1380 2235 1475 2255 causa
1498 2224 1673 2256 discessus:
1698 2225 1771 2265 quia
1793 2225 1951 2256 coniicere
1974 2230 2161 2271 promptum

1198 2273 1267 2299 erat
1290 2278 1307 2297 1
1331 2267 1437 2307 patri-t
1460 2268 1557 2298 fnisse
1581 2268 1754 2308 expulsum
1786 2269 1838 2307 qui
1869 2267 2025 2308 prosimus
2049 2279 2080 2298 1n
2106 2267 2161 2299 de-

1197 2316 1283 2342 serto
1303 2320 1362 2340 err
1358 2310 1440 2341 11,11]11
1488 2310 1597 2349 Quum
1621 2321 1697 2351 ergo
1722 2310 1806 2350 regis
1830 2309 2028 2341 iracundiam
2054 2321 2087 2341 58
2110 2311 2160 2341 fu-

1171 2355 1280 2394 ¹gissc
1312 2354 1476 2384 8011185585
1513 2358 1611 2392 85581,
1646 2364 1731 2384 nune
1767 2352 1844 2384 dicit
1874 2353 2004 2384 coelesti
2031 2353 2161 2384 oraculo

1172 2398 1173 2435 ᾖ
1199 2407 1232 2427 58
1264 2402 1483 2433 1810111111
1513 2396 1659 2436 promitti
1693 2396 1817 2427 felicem
1849 2395 1998 2427 reditum.
2050 2396 2162 2435 Neque

1172 2444 1174 2477 1]
1199 2438 1372 2469 mentitur:
1397 2422 1547 2478 (1110811111
1572 2439 1632 2470 1108
1657 2449 1783 2479 quoque
1807 2439 1892 2470 inter
1915 2438 1979 2469 alia
2002 2438 2162 2479 pollicitus

1173 2484 1305 2512 ''i-tinuit
1337 2481 1439 2519 Deus,
1470 2482 1595 2513 nullum
1627 2484 1665 2513 ab
1694 2481 1834 2521 antiquis
1865 2481 2013 2513 hostibus
2043 2481 2164 2512 inst-tre

1200 2524 1380 2555 (1158111888.

1285 2566 1333 2596 20.
1360 2566 1391 2597 Γ
1391 2570 1401 2596 1⁴
1423 2568 1537 2606 accepit
1560 2567 1662 2599 Illoses
1684 2577 1819 2598 uxorem.
1865 2567 2007 2598 Uxorem
2031 2571 2063 2597 ct
2086 2565 2164 2597 libe-

1174 2602 1175 2636 1
1201 2620 1252 2641 105
1276 2620 1383 2640 secum
1410 2609 1568 2647 ducendo,
1593 2609 1680 2641 haud
1705 2609 1799 2641 dubie
1824 2610 1931 2641 Moses
1963 2609 2062 2641 libere
2091 2620 2165 2649 pro-
