2304 3034
134 141 173 172 97
692 136 1055 172 COMMENTARIUS
1079 136 1128 167 IN
1151 136 1301 168 EXODI
1323 137 1419 168 CAP.
1443 137 1537 169 VIII.
2059 138 2100 171 98

218 235 244 266 1.
274 236 368 267 Dixit
400 238 499 268 autem
530 234 648 266 Ielzova.
700 232 826 262 Rursus
860 230 949 278 quasi
984 230 1017 278 in
1049 241 1083 278 re

131 277 273 317 integra,
304 278 444 318 postulat
468 279 554 308 Deus
576 286 594 306 a
616 275 786 306 Pharaone
820 272 901 312 quod
931 283 1009 303 1ur1s
1032 283 1083 303 sui

131 321 296 359 proprium
316 326 379 352 est:
404 325 439 351 ut
458 320 576 350 seilicet
594 328 612 347 a
629 316 744 356 populo
763 315 895 352 colatur,
916 314 971 346 sed
991 320 1083 345 extra

132 368 248 392 terram
270 363 415 403 Aegypti,
440 367 473 393 ut
495 360 660 401 peculiaris
684 359 726 389 sit
748 358 852 388 cultus
876 364 908 388 et
927 368 1025 396 purus
1044 357 1083 387 ab

131 405 218 434 omni
242 405 490 445 inquinamento.
534 401 647 433 Voluit
669 401 752 431 enim
777 399 826 441 (ut
847 400 935 439 prius
961 399 1083 430 dictum

131 446 192 488 est)
214 448 367 487 populum
392 457 484 478 suum
507 443 713 484 segregando,
738 442 891 473 damnare
906 443 1082 482 Aegyptia-

130 499 183 520 eas
206 490 457 529 superstitiones.
497 488 622 518 Interea
645 491 784 525 tyranno
808 485 897 515 nulla
919 485 1082 515 excusatio

130 531 197 568 fuit,
217 543 313 571 quum
328 531 482 571 sacrilega
493 528 622 560 audacia
635 529 817 567 insurgeret
830 527 869 558 ad
882 527 1081 566 eripiendum

131 574 199 605 Deo
212 575 329 605 iustum
345 575 505 605 honorem.
530 571 579 601 Ita
597 570 719 601 exitum
741 569 887 610 negando
902 580 965 600 non
979 569 1080 600 solum

129 616 280 654 erudelis,
312 617 365 648 sed
393 615 509 655 impius
531 614 625 644 etiam
656 613 801 652 cognitus
824 612 894 642 fuit.
942 611 1082 642 Additur

130 659 224 689 etiam
256 658 471 693 comminatio,
502 662 536 687 ut
565 655 678 686 saltem
709 655 831 685 invitus
861 654 1008 685 trahatur
1042 654 1080 684 ad

128 701 277 732 officium.
324 701 376 733 Sic
406 700 490 730 enim
521 697 681 738 agendum
712 702 759 728 est
786 707 858 728 eum
883 698 1080 737 praefractis,

129 743 183 783 qui
211 754 373 783 nunquam
405 742 464 773 nisi
498 746 585 771 met-u
616 740 665 771 vel
696 740 780 770 malo
810 740 910 771 coacti
940 740 1080 770 officium

127 791 301 825 praestant.
346 785 489 816 Minatur
522 782 647 822 quidem
679 783 775 812 etiam
801 782 888 813 Deus
917 782 1080 812 interdum

127 830 230 859 servis
264 828 346 864 suis,
381 832 415 858 ut
448 836 555 857 eorum
591 825 753 865 pigritiem
789 824 990 855 exstimulet:
1026 825 1080 855 sed

127 871 296 910 praecipue
323 880 398 909 erga
428 878 593 908 perversos
622 872 653 898 et
682 867 903 907 immorigeros
938 867 1081 906 asperior

126 918 182 944 est.
227 913 328 944 Sicuti
347 913 379 942 in
400 911 528 942 Psalmo
557 910 604 947 18,
631 910 671 940 26
693 910 811 940 dicitur
834 921 906 941 cum
931 909 1082 941 humanis

126 955 288 986 humanus
311 965 386 993 esse,
409 958 441 984 et
463 953 660 993 praefractus
684 962 755 983 eum
775 952 955 992 praefactis.
991 953 1081 984 Haec

127 998 207 1029 ratio
231 1005 278 1028 est
300 1007 355 1028 cur
377 996 544 1036 imperium
569 996 666 1026 minis
685 996 817 1031 sanciat,
843 995 918 1025 dum
940 995 1081 1026 Pharao-

126 1051 199 1071 nem
219 1040 397 1079 alloquitur.
431 1038 532 1069 Porro
552 1038 583 1068 in
605 1037 663 1068 hoc
683 1037 820 1068 seeundo
844 1038 969 1078 flagello
991 1038 1082 1069 uobis
1106 1050 1107 1054 ¹

126 1083 187 1114 duo
207 1087 282 1114 sunt
300 1079 535 1117 consideranda,
551 1091 624 1110 nam
638 1081 775 1120 primum
790 1081 968 1120 Aegyptios
988 1087 1083 1111 autea
1106 1109 1108 1120 A

1106 1122 1108 1132 ⁴
1136 1123 1183 1153 12.
1213 1123 1295 1153 Time
1318 1133 1457 1162 eqressus
1482 1125 1523 1152 est
1548 1123 1648 1154 Moses
1676 1126 1701 1153 ct
1723 1124 1852 1154 Altarori
1875 1135 1894 1153 a
1920 1124 2092 1155 Pharaone.

125 1126 216 1165 quasi
245 1124 385 1165 precario
414 1124 511 1153 vitam
543 1123 673 1153 duxisse
704 1122 843 1153 ostendit
873 1123 977 1161 Deus,
1008 1124 1082 1163 quia

125 1167 277 1208 singulari
309 1166 458 1197 beneficio
488 1170 673 1205 protexerat
702 1166 740 1196 ab
764 1166 895 1196 incursu
919 1176 1080 1197 ranarum.

125 1209 250 1241 Scimus
274 1210 475 1249 Aegyptum,
507 1207 546 1238 ob
574 1209 693 1239 multas
722 1207 870 1247 paludes,
901 1214 931 1239 et
955 1208 1080 1239 lentum

123 1262 160 1283 ae
183 1262 279 1292 prope
303 1256 503 1291 stagnantem
529 1251 656 1287 Nilum,
684 1250 794 1281 multis
818 1251 905 1281 ranis
929 1256 960 1281 et
984 1262 1081 1281 vene-

124 1295 208 1326 natis
242 1295 351 1325 bestiis
384 1294 480 1324 fuisse
514 1294 681 1324 refertam:
717 1303 803 1323 nunc
842 1304 940 1333 quum
975 1294 1081 1324 subito

124 1342 297 1376 erumpunt
330 1336 476 1376 ingentes
516 1340 658 1373 turmae,
690 1346 840 1376 agrorum
878 1337 1080 1376 superficiem

123 1380 295 1419 obtegunt,
330 1383 495 1419 penetrant
525 1380 618 1409 etiam
650 1379 681 1409 in
718 1379 826 1409 domos
861 1384 892 1409 et
926 1379 1080 1417 cubicula,

124 1422 260 1462 denique
293 1422 326 1452 in
359 1422 478 1462 regium
518 1422 670 1461 palatium
712 1421 947 1452 conscendunt:
990 1422 1080 1453 facile

124 1469 257 1504 apparet
280 1464 375 1495 fuisse
398 1470 470 1494 ante
494 1465 651 1495 cohibitas
675 1464 741 1494 sola
765 1464 823 1494 Dei
850 1474 956 1501 manu,
985 1470 1080 1504 atque

123 1508 169 1538 ita
189 1507 291 1538 Deum
311 1506 530 1538 Hebraeorum
554 1507 652 1537 fuisse
677 1507 768 1546 regni
792 1506 878 1537 illius
901 1508 1080 1547 praesidem

125 1553 157 1580 et
179 1549 351 1581 custodem.
397 1548 543 1581 Secundo
569 1549 670 1580 voluit
695 1550 782 1580 Deus
807 1560 870 1580 non
891 1550 1081 1590 simpliciter

124 1602 258 1632 poenam
287 1593 430 1632 infligere
455 1592 639 1633 Aegyptiis,
674 1591 729 1623 sed
759 1592 956 1632 ignominiae
985 1603 1081 1624 eausa

125 1634 261 1665 ludibrio
284 1645 449 1675 exponere.
495 1635 562 1665 Nec
586 1634 718 1665 dubium
743 1640 793 1666 est
821 1635 897 1674 quin
922 1635 980 1666 hac
1005 1646 1079 1667 eon·

124 1677 255 1708 tumelia
274 1677 365 1708 valde
384 1678 592 1708 exacerbatus
614 1678 710 1708 fuerit
729 1688 839 1708 eorum
859 1677 955 1715 dolor,
980 1689 1079 1718 quum

124 1720 271 1750 viderent
289 1731 321 1751 se
341 1731 400 1750 nou
421 1720 459 1751 ab
479 1720 584 1759 aliquo
610 1721 728 1751 victore
748 1720 891 1751 exercitu
912 1725 976 1750 tam
998 1722 1080 1751 male

124 1762 288 1798 mulctari,
312 1762 366 1793 sed
389 1773 406 1793 a
429 1763 566 1802 putridis
594 1762 806 1794 animalculis.
851 1763 925 1794 Huc
948 1765 1081 1795 accessit

124 1804 208 1844 quod
232 1815 249 1835 e
272 1805 343 1836 Nilo
367 1806 417 1844 qui
442 1811 487 1836 tot
510 1806 790 1836 commoditatibus
814 1806 975 1845 regionem
1002 1807 1082 1837 dita-

124 1847 193 1884 bat,
226 1853 334 1878 exorta
365 1848 424 1878 fuit
453 1848 507 1878 illa
537 1848 703 1888 pernicies.
750 1848 815 1879 Nos
847 1859 922 1879 vero
952 1860 990 1879 ex
1022 1849 1080 1881 hae

125 1890 258 1921 historia
282 1890 455 1927 discamus,
486 1891 572 1921 vitae
601 1897 728 1922 nostrae
763 1891 880 1922 multas
909 1902 978 1922 esse
1010 1903 1081 1931 pcr-

125 1933 243 1963 mixtas
266 1938 397 1964 mortes:
425 1944 481 1964 nee
505 1934 597 1964 aliter
620 1943 689 1964 eam
715 1933 806 1964 nobis
831 1935 994 1974 prorogari
1019 1935 1080 1966 nisi

124 1981 279 2014 quatenus
303 1985 402 2006 noxas
425 1977 595 2016 compescit
622 1977 724 2012 Deus,
754 1987 834 2016 quae
859 1987 915 2007 nos
940 1977 1081 2017 nudique

124 2017 284 2048 obsident:
316 2017 428 2049 deinde
458 2025 491 2049 ut
522 2020 626 2059 palam
658 2029 720 2050 non
756 2019 906 2050 fulminet
937 2030 953 2050 e
983 2020 1079 2057 coelo,

124 2059 174 2090 vel
193 2060 321 2100 angelos
341 2061 373 2091 in
386 2061 513 2092 caedem
534 2062 698 2092 hominum
719 2067 835 2093 armet:
856 2062 950 2093 simul
972 2068 1079 2093 tamen

124 2108 219 2142 atque
252 2104 418 2140 annuerit,
453 2109 616 2135 creaturas
646 2115 756 2135 omnes
792 2110 916 2144 praesto
946 2105 1012 2135 fore
1040 2105 1079 2136 ad

125 2145 301 2176 exercenda
325 2146 392 2176 eius
416 2146 548 2178 iudicia:
579 2147 713 2187 ideoque
742 2147 809 2178 eius
834 2147 1025 2178 clementiae
1048 2154 1080 2179 et

124 2187 310 2218 tolerantiae
332 2199 400 2219 esse
424 2189 629 2220 tribuendum
654 2189 737 2229 quod
764 2201 826 2220 non
853 2190 989 2230 singulis
1013 2202 1079 2221 mo-

125 2230 241 2260 mentis
270 2237 403 2269 pereunt
426 2231 523 2272 impii.
572 2232 700 2264 Adhaec
724 2233 750 2263 si
774 2233 901 2272 quando
926 2233 1078 2272 probrum

124 2277 155 2303 et
179 2272 313 2303 dedecus
337 2273 426 2304 nobis
449 2275 563 2312 inurat,
587 2276 726 2306 sciamus
751 2275 810 2306 hoc
832 2276 976 2306 consulto
1000 2277 1078 2313 fieri,

124 2322 158 2345 ut
182 2314 284 2354 pudor
307 2316 372 2355 ipse
395 2318 573 2356 superbiam
600 2324 741 2349 nostram
767 2323 957 2357 prosternat.

209 2357 237 2388 5.
268 2357 310 2388 Et
343 2358 386 2388 ait
416 2359 526 2391 Ielcova
559 2361 600 2391 ad
626 2360 745 2391 Mosen:
775 2361 836 2391 Dic
868 2361 909 2391 acl
938 2361 1077 2392 Aliaron.

126 2400 267 2431 Dubium
309 2406 356 2430 est
395 2402 586 2433 continuone
627 2409 735 2434 tenore
776 2403 834 2434 hoe
868 2404 953 2435 Most
990 2404 1078 2435 Deus

124 2443 309 2482 preceperit,
323 2452 362 2472 an
376 2445 611 2484 exspectaverit
624 2445 697 2476 dum
708 2446 835 2477 Pharao
849 2447 1080 2477 contumaciter

123 2485 292 2525 imperinm
316 2491 490 2525 sperneret.
536 2488 718 2519 Verisimile
747 2488 875 2528 quidem
900 2496 961 2526 est,
992 2495 1076 2528 post-

124 2538 218 2567 quam
244 2528 347 2558 minas
372 2538 427 2567 pro
451 2529 549 2560 nihilo
573 2530 709 2562 duxerat
732 2531 868 2570 Pharao,
891 2531 1075 2562 mandatam

124 2571 221 2601 fuisse
263 2580 381 2609 poenae
421 2574 689 2612 exsequutioncm.
736 2574 865 2605 Interea
899 2574 1076 2605 tenendum

220 2619 329 2646 Calvini
344 2627 436 2653 opera.
460 2621 516 2647 Vol.
536 2623 648 2649 XXIV.

1136 229 1218 270 quod
1242 231 1329 269 prius
1353 229 1428 267 dixi,
1458 242 1519 270 quo
1542 230 1757 270 contemptius
1782 235 1936 262 tractetur
1958 231 2098 269 Pharao,

1136 273 1251 303 Mosen
1275 283 1314 303 ne
1338 272 1472 312 digitum
1497 274 1623 313 quidem
1644 284 1780 311 movere,
1804 273 1858 304 sed
1884 284 1940 313 pro
1961 274 2098 313 imperio

1136 320 1242 354 partes
1275 315 1390 354 agendi
1426 317 1598 346 transferre
1632 317 1663 346 in
1695 316 1870 347 secundum
1901 316 2098 348 ministrum.

1136 357 1275 388 Perinde
1288 357 1373 388 enim
1386 357 1444 389 hoc
1457 358 1515 388 fuit
1530 369 1565 389 ae
1585 360 1609 389 si
1630 358 1695 389 solo
1715 359 1791 389 flatu
1813 363 1908 389 totam
1931 360 2102 399 regionem.

1135 400 1224 430 illam
1248 399 1406 430 obrueret.
1453 400 1645 440 Quanquam
1673 406 1782 431 antem
1808 402 1865 432 hoc
1889 401 1981 432 modo
2005 402 2095 433 Deus

1136 442 1312 472 violentum
1337 447 1510 480 tyranuum
1530 454 1601 474 cum
1622 443 1748 483 turgido
1772 454 1827 474 suo
1852 444 1936 474 fastu
1960 443 2096 484 pedibus

1134 484 1260 515 illorum
1286 484 1472 515 calcandum
1496 486 1638 523 subiecit,
1662 497 1724 516 non
1750 492 1855 517 tamen
1879 485 1949 517 ideo
1973 487 2096 526 quievit

1134 537 1301 567 magorum
1338 527 1534 566 improbitas.
1590 528 1639 559 Ita
1680 539 1791 559 servos
1833 528 1893 559 Dei
1934 529 2095 561 continuis

1134 569 1364 601 certaminibus
1387 569 1559 601 identidem
1584 572 1725 602 exerceri
1749 571 1898 611 oportuit.

1220 655 1247 685 8.
1283 655 1366 685 Tunc
1394 655 1507 685 vocavit
1539 655 1662 686 Pharao
1693 655 1800 687 Mosen,
1829 659 1856 686 et
1886 655 2029 695 Altarou,
2060 666 2096 688 aa

1134 697 1227 728 clii-it:
1258 696 1437 728 precanum
1461 697 1603 728 Iehovam
1631 701 1662 728 ut
1696 699 1820 737 auferat
1841 708 1938 729 ranas
1959 709 1979 729 a
2000 709 2048 729 mc
2070 702 2099 730 et

1134 750 1153 770 a
1171 740 1286 778 populo
1309 750 1389 770 meo.-
1422 742 1447 769 et
1479 740 1631 770 dimittam
1660 741 1825 780 populum,
1860 743 1892 771 ut
1924 742 2093 780 sacrificent

1135 782 1271 813 Ielzovae.
1306 782 1334 813 9.
1360 781 1401 812 Et
1419 782 1498 811 «lm-it
1519 781 1618 813 Moses
1640 783 1814 814 Pharaoni:
1840 783 1984 814 Gloriare
2001 794 2095 824 super

1134 835 1179 854 me
1209 825 1329 863 quando
1358 825 1447 855 orabo
1474 835 1532 862 pro
1562 828 1601 863 le,
1631 828 1657 856 et
1682 836 1739 864 pro
1768 826 1864 856 servis
1893 826 1954 856 tais
1984 829 2011 856 et
2033 836 2093 866 pro

1106 889 1108 908 i
1128 867 1244 906 populo
1256 870 1313 903 tuo,
1329 870 1360 897 ut
1372 867 1591 898 exscindantur
1602 878 1698 899 ranae
1710 879 1729 898 a
1742 871 1775 906 te,
1794 871 1820 899 et
1832 880 1850 899 α
1869 869 2007 900 domibus
2018 870 2095 900 tais:

1134 912 1250 940 tantum
1280 910 1313 940 in
1339 910 1467 947 flamine
1494 910 1634 941 residuae
1661 912 1732 941 sint.
1780 911 1826 941 10.
1851 911 1893 941 Et
1919 912 1979 942 ait.-
2006 911 2094 943 Cras.

1106 949 1108 956 ‘
1138 952 1165 982 T
1166 962 1223 982 unc
1245 952 1296 982 ille
1321 953 1416 983 dixit.-
1442 952 1613 983 ›S'ecandum
1635 964 1798 984 sermonem
1821 956 1922 990 fnum,
1958 956 1990 984 ut
2013 955 2095 985 scias

1133 995 1213 1033 quod
1236 995 1340 1025 nullas
1362 996 1403 1025 sit
1430 995 1507 1025 sieut
1533 995 1641 1026 Iollova
1664 996 1750 1026 Dens
1779 999 1885 1027 noster.
1932 996 1979 1027 11.
2005 996 2095 1028 Rece-

1133 1038 1203 1067 (Ient
1227 1038 1321 1077 iyitar
1344 1047 1439 1068 ranae
1458 1037 1511 1067 abs
1534 1040 1559 1067 te
1578 1041 1604 1068 et
1622 1049 1641 1068 a
1663 1038 1804 1069 domibus
1821 1039 1891 1076 tuis,
1916 1041 1943 1069 et
1960 1049 1979 1069 a
1997 1040 2096 1070 servis

1134 1080 1205 1116 tuis,
1225 1083 1251 1110 et
1269 1091 1288 1110 a
1302 1080 1416 1119 populo
1434 1082 1497 1110 tao:
1517 1083 1633 1111 baillum
1652 1081 1682 1110 in
1698 1081 1824 1118 flamine
1840 1082 1982 1112 residuae
1996 1084 2092 1113 erunt.

1135 1165 1177 1195 Et
1199 1166 1341 1196 clamavit
1361 1164 1464 1195 Moses
1486 1165 1526 1195 ad
1546 1165 1687 1195 [eliceam
1709 1176 1802 1205 super
1819 1176 1914 1196 caasa
1934 1177 2095 1205 ranarum,

1133 1218 1213 1247 qaas
1238 1209 1406 1238 immiserat
1428 1207 1595 1238 Pharaoni.
1633 1209 1678 1239 13.
1703 1208 1744 1238 Et
1764 1209 1835 1247 fecit
1854 1208 1965 1239 [chora
1987 1220 2093 1240 secun-

1134 1251 1207 1281 dum
1229 1261 1396 1281 sermrmemv
1416 1250 1524 1280 Illosszs.
1558 1250 1665 1289 Itaque
1687 1253 1822 1281 mortuae
1844 1253 1914 1282 sant
1936 1262 2031 1282 ranae
2054 1262 2092 1282 er

1134 1293 1280 1331 dontibus,
1304 1304 1340 1323 ec
1363 1293 1470 1329 (ariis,
1494 1295 1520 1322 a
1543 1303 1579 1323 ec
1602 1294 1694 1333 ayris.
1741 1293 1788 1324 14.
1813 1293 1855 1324 Et
1877 1297 2095 1325 coacervarunt

1134 1346 1186 1366 eas
1226 1336 1402 1366 turmatim:
1442 1338 1467 1365 et
1507 1336 1689 1375 computruit
1728 1338 1820 1367 terra.
1880 1336 1926 1367 15.
1978 1336 2093 1368 Videas

1135 1381 1234 1409 curtem
1260 1378 1386 1409 Pharao
1419 1379 1497 1417 qaod
1530 1381 1606 1409 esset
1636 1378 1800 1417 relaasatio,
1835 1379 2015 1419 ayyravacit
2043 1390 2093 1410 cor

1133 1432 1240 1452 suam.-
1264 1431 1358 1460 neque
1381 1421 1500 1452 audivit
1522 1431 1582 1457 (fos,
1606 1421 1696 1451 sicali
1719 1421 1860 1460 loquutus
1882 1424 1946 1452 erat
1970 1422 2092 1454 Iehova.

1219 1506 1247 1537 8.
1272 1507 1355 1538 Tame
1374 1507 1489 1537 vocavit
1505 1506 1628 1536 Pharao
1642 1506 1755 1536 Mosen.
1782 1506 1951 1537 Mitesccre
1963 1506 2094 1538 tandem

1135 1549 1262 1580 videtur
1280 1550 1417 1587 Pharao,
1441 1554 1472 1579 et
1493 1548 1611 1588 aliquid
1635 1559 1674 1579 cx
1699 1549 1894 1580 truculentia
1917 1559 1973 1579 sua
1997 1549 2093 1590 depo-

1134 1602 1226 1623 nere:
1266 1592 1321 1623 sed
1356 1602 1420 1622 nou
1456 1592 1551 1622 fuisse
1586 1602 1659 1621 vere
1693 1592 1964 1629 mansuefactum,
1999 1592 2093 1631 paulo

1136 1640 1207 1674 post
1230 1635 1371 1674 liquebit,
1420 1634 1506 1664 Fieri
1537 1633 1663 1674 quidem
1695 1639 1799 1674 potest
1820 1640 1854 1664 ut
1878 1639 2001 1664 terrore
2024 1645 2092 1665 cor-

1134 1682 1244 1717 reptus
1268 1678 1350 1709 serio
1374 1677 1555 1717 confugerit
1585 1676 1622 1706 ad
1655 1676 1822 1716 petendam
1850 1677 1991 1707 veniam:
2023 1677 2093 1709 Deo

1134 1725 1242 1751 tamen
1267 1731 1302 1751 ac
1326 1720 1386 1752 sibi
1412 1720 1507 1750 fuisse
1532 1720 1698 1749 mentitum
1723 1730 1759 1749 ex
1790 1719 1921 1749 levitate
1945 1720 2013 1759 ipsa
2037 1730 2093 1760 ap-

1134 1769 1239 1802 paret:
1265 1764 1338 1803 quia
1361 1762 1495 1793 simulac
1518 1772 1666 1793 concessa
1690 1761 1748 1791 fuit
1773 1762 1945 1796 relaxatiov
1981 1761 2019 1792 ad
2044 1762 2094 1792 in-

1134 1807 1263 1845 genium
1288 1806 1391 1841 rediit,
1416 1806 1480 1836 imo
1504 1816 1536 1835 rc
1556 1805 1622 1844 ipsa
1647 1804 1794 1844 patefecit
1815 1815 1992 1843 repressam
2013 1804 2094 1835 dun-

1134 1853 1224 1879 taxat
1248 1853 1336 1879 metu
1367 1849 1463 1879 fuisse
1495 1847 1665 1879 malitiam.
1697 1857 1776 1886 quae
1805 1857 1837 1876 se
1869 1856 1941 1877 mox
1973 1847 2093 1878 iterum

1134 1891 1256 1922 effudit.
1303 1890 1356 1922 Sic
1380 1890 1574 1930 hypocritae.
1597 1900 1693 1929 quum
1718 1894 1874 1929 urgentur
1900 1888 1959 1920 Dei
1984 1900 2092 1928 manu,

1134 1934 1185 1964 vel
1210 1939 1431 1973 expavescunt
1454 1933 1493 1963 ad
1517 1933 1585 1963 eius
1610 1932 1754 1971 flagella,
1777 1931 1891 1962 blande
1915 1939 1945 1962 et
1969 1932 2092 1972 suppli-

1133 1977 1212 2007 citer
1254 1975 1503 2007 misericordiam
1545 1976 1613 2005 eius
1655 1974 1841 2014 implorant:
1885 1985 1995 2004 verum
2038 1974 2092 2005 ubi

1134 2019 1296 2059 paulisper
1332 2019 1453 2049 malum
1492 2018 1625 2055 remisit,
1664 2018 1775 2047 breves
1805 2016 1964 2053 induciae,
2000 2018 2091 2057 quasi

1133 2066 1296 2093 aeternam
1322 2072 1431 2101 pacem
1459 2061 1564 2100 adepti
1588 2065 1710 2096 essent,
1735 2059 1796 2089 illis
1819 2059 1934 2089 inflant
1957 2060 2090 2091 animos.

1132 2105 1202 2135 Hoc
1226 2104 1354 2135 Iudaeis
1386 2115 1509 2143 quoqne
1535 2102 1685 2134 accidisse
1709 2102 1912 2141 conqueritur
1935 2102 2092 2142 propheta

1132 2147 1163 2177 in
1202 2147 1330 2178 Psalmo
1364 2147 1426 2188 (78,
1461 2146 1522 2187 34).
1569 2145 1675 2184 Quum
1716 2145 1872 2183 affligeret
1905 2155 1957 2174 eos
1992 2145 2090 2183 Deus,

1132 2190 1330 2229 quaerebant
1352 2199 1440 2220 enm:
1466 2189 1584 2220 reversi
1609 2192 1683 2218 sunt
1706 2192 1737 2217 et
1760 2197 1853 2216 mane
1873 2187 2090 2226 properabant

1132 2232 1171 2263 ad
1208 2232 1324 2263 Deum.
1382 2233 1424 2263 Et
1457 2231 1611 2262 recordati
1646 2236 1721 2260 sunt
1755 2229 1835 2268 qnod
1871 2229 1960 2259 Deus
1994 2240 2090 2269 rupes

1132 2286 1255 2312 eorum,
1292 2280 1323 2305 et
1355 2275 1441 2305 Dens
1477 2274 1622 2305 excelsus
1656 2273 1837 2311 redemptor
1871 2281 1991 2302 eornm.
2046 2273 2091 2303 Et

1132 2317 1268 2349 blanditi
1292 2323 1366 2348 sunt
1395 2328 1448 2348 ore
1472 2327 1543 2352 suo,
1574 2321 1604 2345 et
1635 2315 1743 2354 lingua
1773 2325 1830 2344 sua
1860 2314 1984 2344 mentiti
2014 2319 2090 2346 sunt

1131 2361 1176 2390 ei:
1210 2372 1263 2391 cor
1292 2366 1398 2391 autem
1430 2369 1538 2390 eorum
1571 2369 1631 2388 non
1662 2358 1720 2387 fuit
1752 2361 1873 2387 rectum
1905 2367 2010 2387 coram
2043 2368 2088 2395 eo,

1131 2414 1188 2433 nec
1212 2403 1296 2433 firmi
1320 2403 1452 2433 fuerunt
1476 2403 1506 2432 in
1538 2401 1661 2431 foedere
1691 2400 1768 2429 eius.
1816 2399 1960 2438 Denique
1987 2399 2089 2439 hypo-

1130 2446 1218 2477 critis
1242 2445 1390 2476 omnibus
1414 2445 1463 2475 hic
1488 2443 1615 2474 morbus
1639 2442 1816 2472 communis
1840 2448 1904 2478 est,
1940 2446 1974 2471 ut
1997 2452 2089 2474 suam

1130 2490 1324 2528 proterviam
1349 2488 1406 2518 sibi
1431 2487 1590 2518 exitialem
1615 2485 1746 2524 experti,
1769 2484 1842 2523 quia
1855 2484 1915 2514 Dei
1935 2483 2091 2516 iudicium.

1129 2532 1270 2571 effugere
1295 2535 1466 2570 nequeunt,
1490 2527 1709 2568 impetrandae
1735 2528 1845 2557 veniae
1865 2537 1959 2557 eausa
1979 2527 2092 2565 poeni-

1130 2575 1262 2605 tentiam
1287 2574 1452 2604 simulent:
1477 2571 1529 2603 sed
1557 2570 1606 2600 nbi
1630 2581 1663 2600 se
1688 2574 1802 2609 putant
1825 2569 1959 2608 elapsos,
1987 2571 2090 2609 prosi-

1874 2619 1889 2644 7
