<?xml version="1.0" encoding="UTF-8"?>
<!DOCTYPE html PUBLIC "-//W3C//DTD XHTML 1.0 Transitional//EN"
    "http://www.w3.org/TR/xhtml1/DTD/xhtml1-transitional.dtd">
<html xmlns="http://www.w3.org/1999/xhtml" xml:lang="en" lang="en">
 <head>
  <title>
</title>
<meta http-equiv="Content-Type" content="text/html;charset=utf-8" />
  <meta name='ocr-system' content='tesseract 3.04.00' />
  <meta name='ocr-capabilities' content='ocr_page ocr_carea ocr_par ocr_line ocrx_word'/>
</head>
<body>
  <div class='ocr_page' id='page_1' title='image "./ioanniscalviniop24calv_0264.png"; bbox 0 0 2304 3034; ppageno 0'>
   <div class='ocr_carea' id='block_1_1' title="bbox 156 200 218 231">
    <p class='ocr_par' dir='ltr' id='par_1_1' title="bbox 156 200 218 231">
     <span class='ocr_line' id='line_1_1' title="bbox 156 200 218 231; baseline -0.016 0"><span class='ocrx_word' id='word_1_1' title='bbox 156 200 218 231; x_wconf 68' lang='lat'>507</span> 
     </span>
    </p>
   </div>
   <div class='ocr_carea' id='block_1_2' title="bbox 158 280 1137 2680">
    <p class='ocr_par' dir='ltr' id='par_1_2' title="bbox 158 280 1135 2339">
     <span class='ocr_line' id='line_1_2' title="bbox 158 280 1119 325; baseline -0.011 -4"><span class='ocrx_word' id='word_1_2' title='bbox 158 292 292 325; x_wconf 81' lang='lat' dir='ltr'>cudibus</span> <span class='ocrx_word' id='word_1_3' title='bbox 316 299 344 321; x_wconf 85' lang='lat' dir='ltr'>et</span> <span class='ocrx_word' id='word_1_4' title='bbox 369 300 406 319; x_wconf 87' lang='lat' dir='ltr'>ex</span> <span class='ocrx_word' id='word_1_5' title='bbox 432 287 553 317; x_wconf 72' lang='lat' dir='ltr'>avibus.</span> <span class='ocrx_word' id='word_1_6' title='bbox 599 284 725 314; x_wconf 77' lang='lat' dir='ltr'>Vaccae</span> <span class='ocrx_word' id='word_1_7' title='bbox 755 282 843 313; x_wconf 89' lang='lat' dir='ltr'>enim</span> <span class='ocrx_word' id='word_1_8' title='bbox 874 280 964 311; x_wconf 85' lang='lat' dir='ltr'>rufae</span> <span class='ocrx_word' id='word_1_9' title='bbox 993 292 1033 311; x_wconf 85' lang='lat' dir='ltr'>cx</span> <span class='ocrx_word' id='word_1_10' title='bbox 1057 289 1119 319; x_wconf 88' lang='lat' dir='ltr'>qua</span> 
     </span>
     <span class='ocr_line' id='line_1_3' title="bbox 158 323 1119 372; baseline -0.014 -5"><span class='ocrx_word' id='word_1_11' title='bbox 158 337 238 367; x_wconf 83' lang='lat' dir='ltr'>ciuis</span> <span class='ocrx_word' id='word_1_12' title='bbox 262 332 454 372; x_wconf 77' lang='lat' dir='ltr'>expiationis</span> <span class='ocrx_word' id='word_1_13' title='bbox 478 328 583 364; x_wconf 84' lang='lat' dir='ltr'>fiebat,</span> <span class='ocrx_word' id='word_1_14' title='bbox 608 327 669 357; x_wconf 79' lang='lat' dir='ltr'>alia</span> <span class='ocrx_word' id='word_1_15' title='bbox 692 324 841 365; x_wconf 87' lang='lat' dir='ltr'>specialis</span> <span class='ocrx_word' id='word_1_16' title='bbox 865 324 922 354; x_wconf 78' lang='lat' dir='ltr'>fuit</span> <span class='ocrx_word' id='word_1_17' title='bbox 946 323 1042 353; x_wconf 88' lang='lat' dir='ltr'>ratio:</span> <span class='ocrx_word' id='word_1_18' title='bbox 1068 323 1119 354; x_wconf 89' lang='lat' dir='ltr'>hic</span> 
     </span>
     <span class='ocr_line' id='line_1_4' title="bbox 161 366 1121 409; baseline -0.015 0"><span class='ocrx_word' id='word_1_19' title='bbox 161 379 244 409; x_wconf 82' lang='lat' dir='ltr'>enim</span> <span class='ocrx_word' id='word_1_20' title='bbox 267 377 304 406; x_wconf 80' lang='lat' dir='ltr'>de</span> <span class='ocrx_word' id='word_1_21' title='bbox 323 372 491 405; x_wconf 78' lang='lat' dir='ltr'>ordinariis</span> <span class='ocrx_word' id='word_1_22' title='bbox 515 369 680 401; x_wconf 82' lang='lat' dir='ltr'>sacrificiis</span> <span class='ocrx_word' id='word_1_23' title='bbox 703 368 818 408; x_wconf 85' lang='lat' dir='ltr'>agitur,</span> <span class='ocrx_word' id='word_1_24' title='bbox 843 366 959 406; x_wconf 88' lang='lat' dir='ltr'>quibus</span> <span class='ocrx_word' id='word_1_25' title='bbox 975 366 1121 397; x_wconf 83' lang='lat' dir='ltr'>solebant</span> 
     </span>
     <span class='ocr_line' id='line_1_5' title="bbox 159 409 1120 461; baseline -0.014 -10"><span class='ocrx_word' id='word_1_26' title='bbox 159 419 278 461; x_wconf 81' lang='lat' dir='ltr'>privati</span> <span class='ocrx_word' id='word_1_27' title='bbox 302 417 446 447; x_wconf 86' lang='lat' dir='ltr'>homines</span> <span class='ocrx_word' id='word_1_28' title='bbox 471 414 518 444; x_wconf 81' lang='lat' dir='ltr'>vel</span> <span class='ocrx_word' id='word_1_29' title='bbox 544 418 674 452; x_wconf 82' lang='lat' dir='ltr'>peccata</span> <span class='ocrx_word' id='word_1_30' title='bbox 707 411 852 450; x_wconf 79' lang='lat' dir='ltr'>expiare,</span> <span class='ocrx_word' id='word_1_31' title='bbox 886 409 935 440; x_wconf 89' lang='lat' dir='ltr'>vel</span> <span class='ocrx_word' id='word_1_32' title='bbox 967 409 1120 448; x_wconf 83' lang='lat' dir='ltr'>pietatem</span> 
     </span>
     <span class='ocr_line' id='line_1_6' title="bbox 160 453 1121 494; baseline -0.015 0"><span class='ocrx_word' id='word_1_33' title='bbox 160 472 250 494; x_wconf 75' lang='lat' dir='ltr'>suam</span> <span class='ocrx_word' id='word_1_34' title='bbox 274 459 392 490; x_wconf 85' lang='lat' dir='ltr'>testari.</span> <span class='ocrx_word' id='word_1_35' title='bbox 418 455 578 488; x_wconf 78' lang='lat' dir='ltr'>Masculos</span> <span class='ocrx_word' id='word_1_36' title='bbox 602 465 678 494; x_wconf 83' lang='lat' dir='ltr'>ergo</span> <span class='ocrx_word' id='word_1_37' title='bbox 702 459 766 484; x_wconf 89' lang='lat' dir='ltr'>tam</span> <span class='ocrx_word' id='word_1_38' title='bbox 788 453 884 483; x_wconf 80' lang='lat' dir='ltr'>boves</span> <span class='ocrx_word' id='word_1_39' title='bbox 903 462 1001 491; x_wconf 86' lang='lat' dir='ltr'>quam</span> <span class='ocrx_word' id='word_1_40' title='bbox 1021 461 1121 491; x_wconf 84' lang='lat' dir='ltr'>agnos</span> 
     </span>
     <span class='ocr_line' id='line_1_7' title="bbox 160 496 1121 537; baseline -0.014 -1"><span class='ocrx_word' id='word_1_41' title='bbox 160 511 190 537; x_wconf 91' lang='lat' dir='ltr'>et</span> <span class='ocrx_word' id='word_1_42' title='bbox 220 502 336 534; x_wconf 87' lang='lat' dir='ltr'>hoedos</span> <span class='ocrx_word' id='word_1_43' title='bbox 366 499 475 531; x_wconf 89' lang='lat' dir='ltr'>offerri</span> <span class='ocrx_word' id='word_1_44' title='bbox 509 498 607 534; x_wconf 81' lang='lat' dir='ltr'>iubet,</span> <span class='ocrx_word' id='word_1_45' title='bbox 645 496 760 526; x_wconf 87' lang='lat' dir='ltr'>deinde</span> <span class='ocrx_word' id='word_1_46' title='bbox 790 496 932 534; x_wconf 61' lang='lat' dir='ltr'>integros</span> <span class='ocrx_word' id='word_1_47' title='bbox 963 499 994 525; x_wconf 86' lang='lat' dir='ltr'>et</span> <span class='ocrx_word' id='word_1_48' title='bbox 1024 504 1121 533; x_wconf 84' lang='lat' dir='ltr'>puros</span> 
     </span>
     <span class='ocr_line' id='line_1_8' title="bbox 159 536 1121 579; baseline -0.012 -1"><span class='ocrx_word' id='word_1_49' title='bbox 159 547 244 579; x_wconf 90' lang='lat' dir='ltr'>omni</span> <span class='ocrx_word' id='word_1_50' title='bbox 269 543 401 575; x_wconf 88' lang='lat' dir='ltr'>macula.</span> <span class='ocrx_word' id='word_1_51' title='bbox 440 540 581 573; x_wconf 80' lang='lat' dir='ltr'>Proinde</span> <span class='ocrx_word' id='word_1_52' title='bbox 605 539 755 570; x_wconf 87' lang='lat' dir='ltr'>videmus</span> <span class='ocrx_word' id='word_1_53' title='bbox 780 538 907 568; x_wconf 90' lang='lat' dir='ltr'>nonnisi</span> <span class='ocrx_word' id='word_1_54' title='bbox 928 548 968 568; x_wconf 85' lang='lat' dir='ltr'>ex</span> <span class='ocrx_word' id='word_1_55' title='bbox 991 536 1121 567; x_wconf 91' lang='lat' dir='ltr'>mundis</span> 
     </span>
     <span class='ocr_line' id='line_1_9' title="bbox 158 580 1123 621; baseline -0.011 -1"><span class='ocrx_word' id='word_1_56' title='bbox 158 587 351 621; x_wconf 69' lang='lat' dir='ltr'>animalibus</span> <span class='ocrx_word' id='word_1_57' title='bbox 365 586 485 616; x_wconf 83' lang='lat' dir='ltr'>delecta</span> <span class='ocrx_word' id='word_1_58' title='bbox 505 584 603 614; x_wconf 86' lang='lat' dir='ltr'>fuisse</span> <span class='ocrx_word' id='word_1_59' title='bbox 617 581 785 613; x_wconf 84' lang='lat' dir='ltr'>sacrificia:</span> <span class='ocrx_word' id='word_1_60' title='bbox 807 580 923 611; x_wconf 87' lang='lat' dir='ltr'>deinde</span> <span class='ocrx_word' id='word_1_61' title='bbox 943 590 1007 610; x_wconf 89' lang='lat' dir='ltr'>non</span> <span class='ocrx_word' id='word_1_62' title='bbox 1027 589 1123 620; x_wconf 85' lang='lat' dir='ltr'>quae-</span> 
     </span>
     <span class='ocr_line' id='line_1_10' title="bbox 162 622 1121 665; baseline -0.011 -2"><span class='ocrx_word' id='word_1_63' title='bbox 162 633 235 663; x_wconf 73' lang='lat' dir='ltr'>libet</span> <span class='ocrx_word' id='word_1_64' title='bbox 259 628 379 661; x_wconf 85' lang='lat' dir='ltr'>munda</span> <span class='ocrx_word' id='word_1_65' title='bbox 402 626 555 658; x_wconf 85' lang='lat' dir='ltr'>animalia</span> <span class='ocrx_word' id='word_1_66' title='bbox 578 625 737 665; x_wconf 74' lang='lat' dir='ltr'>placuisse</span> <span class='ocrx_word' id='word_1_67' title='bbox 758 624 835 661; x_wconf 83' lang='lat' dir='ltr'>Deo,</span> <span class='ocrx_word' id='word_1_68' title='bbox 859 623 914 654; x_wconf 88' lang='lat' dir='ltr'>sed</span> <span class='ocrx_word' id='word_1_69' title='bbox 938 622 1121 659; x_wconf 87' lang='lat' dir='ltr'>domestica,</span> 
     </span>
     <span class='ocr_line' id='line_1_11' title="bbox 160 665 1122 714; baseline -0.012 -8"><span class='ocrx_word' id='word_1_70' title='bbox 160 681 190 706; x_wconf 81' lang='lat' dir='ltr'>et</span> <span class='ocrx_word' id='word_1_71' title='bbox 223 683 303 714; x_wconf 87' lang='lat' dir='ltr'>quae</span> <span class='ocrx_word' id='word_1_72' title='bbox 338 683 371 702; x_wconf 87' lang='lat' dir='ltr'>se</span> <span class='ocrx_word' id='word_1_73' title='bbox 401 671 568 711; x_wconf 88' lang='lat' dir='ltr'>patiuntur</span> <span class='ocrx_word' id='word_1_74' title='bbox 600 678 699 699; x_wconf 86' lang='lat' dir='ltr'>manu</span> <span class='ocrx_word' id='word_1_75' title='bbox 731 674 762 697; x_wconf 92' lang='lat' dir='ltr'>ct</span> <span class='ocrx_word' id='word_1_76' title='bbox 793 666 924 697; x_wconf 87' lang='lat' dir='ltr'>arbitrio</span> <span class='ocrx_word' id='word_1_77' title='bbox 952 665 1122 695; x_wconf 88' lang='lat' dir='ltr'>hominum</span> 
     </span>
     <span class='ocr_line' id='line_1_12' title="bbox 160 708 1123 757; baseline -0.012 -8"><span class='ocrx_word' id='word_1_78' title='bbox 160 718 236 757; x_wconf 81' lang='lat' dir='ltr'>regi.</span> <span class='ocrx_word' id='word_1_79' title='bbox 282 715 355 747; x_wconf 87' lang='lat' dir='ltr'>Etsi</span> <span class='ocrx_word' id='word_1_80' title='bbox 377 714 462 744; x_wconf 83' lang='lat' dir='ltr'>euim</span> <span class='ocrx_word' id='word_1_81' title='bbox 486 711 648 742; x_wconf 88' lang='lat' dir='ltr'>interdum</span> <span class='ocrx_word' id='word_1_82' title='bbox 672 711 858 741; x_wconf 85' lang='lat' dir='ltr'>cicurantur</span> <span class='ocrx_word' id='word_1_83' title='bbox 880 708 993 739; x_wconf 85' lang='lat' dir='ltr'>damae</span> <span class='ocrx_word' id='word_1_84' title='bbox 1017 713 1049 738; x_wconf 86' lang='lat' dir='ltr'>et</span> <span class='ocrx_word' id='word_1_85' title='bbox 1071 718 1123 739; x_wconf 85' lang='lat' dir='ltr'>ca-</span> 
     </span>
     <span class='ocr_line' id='line_1_13' title="bbox 161 749 1122 801; baseline -0.011 -10"><span class='ocrx_word' id='word_1_86' title='bbox 161 770 272 801; x_wconf 85' lang='lat' dir='ltr'>preae,</span> <span class='ocrx_word' id='word_1_87' title='bbox 305 757 343 789; x_wconf 86' lang='lat' dir='ltr'>ad</span> <span class='ocrx_word' id='word_1_88' title='bbox 374 757 474 787; x_wconf 84' lang='lat' dir='ltr'>altare</span> <span class='ocrx_word' id='word_1_89' title='bbox 506 761 612 785; x_wconf 86' lang='lat' dir='ltr'>tamen</span> <span class='ocrx_word' id='word_1_90' title='bbox 644 763 737 783; x_wconf 89' lang='lat' dir='ltr'>suum</span> <span class='ocrx_word' id='word_1_91' title='bbox 770 752 858 782; x_wconf 89' lang='lat' dir='ltr'>Deus</span> <span class='ocrx_word' id='word_1_92' title='bbox 890 762 953 782; x_wconf 89' lang='lat' dir='ltr'>uon</span> <span class='ocrx_word' id='word_1_93' title='bbox 984 749 1122 781; x_wconf 79' lang='lat' dir='ltr'>admisit.</span> 
     </span>
     <span class='ocr_line' id='line_1_14' title="bbox 162 793 1124 841; baseline -0.011 -7"><span class='ocrx_word' id='word_1_94' title='bbox 162 804 232 834; x_wconf 81' lang='lat' dir='ltr'>Hoc</span> <span class='ocrx_word' id='word_1_95' title='bbox 255 811 331 841; x_wconf 86' lang='lat' dir='ltr'>ergo</span> <span class='ocrx_word' id='word_1_96' title='bbox 356 799 547 840; x_wconf 90' lang='lat' dir='ltr'>principium</span> <span class='ocrx_word' id='word_1_97' title='bbox 579 797 639 827; x_wconf 83' lang='lat' dir='ltr'>fuit</span> <span class='ocrx_word' id='word_1_98' title='bbox 663 795 880 832; x_wconf 83' lang='lat' dir='ltr'>obedientiae,</span> <span class='ocrx_word' id='word_1_99' title='bbox 915 805 953 824; x_wconf 82' lang='lat' dir='ltr'>ne</span> <span class='ocrx_word' id='word_1_100' title='bbox 976 793 1124 824; x_wconf 85' lang='lat' dir='ltr'>homines</span> 
     </span>
     <span class='ocr_line' id='line_1_15' title="bbox 162 835 1124 885; baseline -0.011 -8"><span class='ocrx_word' id='word_1_101' title='bbox 162 846 279 885; x_wconf 89' lang='lat' dir='ltr'>absque</span> <span class='ocrx_word' id='word_1_102' title='bbox 303 843 427 874; x_wconf 86' lang='lat' dir='ltr'>delectu</span> <span class='ocrx_word' id='word_1_103' title='bbox 458 840 613 871; x_wconf 86' lang='lat' dir='ltr'>offerrent</span> <span class='ocrx_word' id='word_1_104' title='bbox 637 838 695 869; x_wconf 84' lang='lat' dir='ltr'>has</span> <span class='ocrx_word' id='word_1_105' title='bbox 720 838 769 869; x_wconf 83' lang='lat' dir='ltr'>vel</span> <span class='ocrx_word' id='word_1_106' title='bbox 793 838 864 868; x_wconf 81' lang='lat' dir='ltr'>illas</span> <span class='ocrx_word' id='word_1_107' title='bbox 889 836 1044 875; x_wconf 84' lang='lat' dir='ltr'>victimas,</span> <span class='ocrx_word' id='word_1_108' title='bbox 1068 835 1124 866; x_wconf 88' lang='lat' dir='ltr'>sed</span> 
     </span>
     <span class='ocr_line' id='line_1_16' title="bbox 162 878 1126 928; baseline -0.01 -9"><span class='ocrx_word' id='word_1_109' title='bbox 162 901 202 920; x_wconf 85' lang='lat' dir='ltr'>ex</span> <span class='ocrx_word' id='word_1_110' title='bbox 226 897 337 928; x_wconf 79' lang='lat' dir='ltr'>pecore</span> <span class='ocrx_word' id='word_1_111' title='bbox 361 896 417 915; x_wconf 82' lang='lat' dir='ltr'>suo</span> <span class='ocrx_word' id='word_1_112' title='bbox 440 884 546 921; x_wconf 81' lang='lat' dir='ltr'>boves,</span> <span class='ocrx_word' id='word_1_113' title='bbox 581 893 621 913; x_wconf 88' lang='lat' dir='ltr'>ex</span> <span class='ocrx_word' id='word_1_114' title='bbox 643 881 795 922; x_wconf 80' lang='lat' dir='ltr'>gregibus</span> <span class='ocrx_word' id='word_1_115' title='bbox 818 885 925 911; x_wconf 83' lang='lat' dir='ltr'>autem</span> <span class='ocrx_word' id='word_1_116' title='bbox 950 889 1050 920; x_wconf 80' lang='lat' dir='ltr'>agnos</span> <span class='ocrx_word' id='word_1_117' title='bbox 1072 878 1126 910; x_wconf 84' lang='lat' dir='ltr'>vel</span> 
     </span>
     <span class='ocr_line' id='line_1_17' title="bbox 162 921 1125 963; baseline -0.01 -1"><span class='ocrx_word' id='word_1_118' title='bbox 162 931 289 963; x_wconf 83' lang='lat' dir='ltr'>hoedos.</span> <span class='ocrx_word' id='word_1_119' title='bbox 315 928 443 959; x_wconf 87' lang='lat' dir='ltr'>Puritas</span> <span class='ocrx_word' id='word_1_120' title='bbox 466 926 505 957; x_wconf 92' lang='lat' dir='ltr'>ob</span> <span class='ocrx_word' id='word_1_121' title='bbox 529 926 608 956; x_wconf 89' lang='lat' dir='ltr'>duos</span> <span class='ocrx_word' id='word_1_122' title='bbox 631 925 712 955; x_wconf 87' lang='lat' dir='ltr'>fines</span> <span class='ocrx_word' id='word_1_123' title='bbox 735 923 925 963; x_wconf 75' lang='lat' dir='ltr'>requiritur:</span> <span class='ocrx_word' id='word_1_124' title='bbox 951 933 1026 953; x_wconf 83' lang='lat' dir='ltr'>nam</span> <span class='ocrx_word' id='word_1_125' title='bbox 1051 921 1125 961; x_wconf 82' lang='lat' dir='ltr'>quia</span> 
     </span>
     <span class='ocr_line' id='line_1_18' title="bbox 162 965 1126 1007; baseline -0.011 -2"><span class='ocrx_word' id='word_1_126' title='bbox 162 973 317 1006; x_wconf 80' lang='lat' dir='ltr'>sacrificia</span> <span class='ocrx_word' id='word_1_127' title='bbox 342 970 464 1002; x_wconf 84' lang='lat' dir='ltr'>Christi</span> <span class='ocrx_word' id='word_1_128' title='bbox 487 974 582 1000; x_wconf 86' lang='lat' dir='ltr'>erant</span> <span class='ocrx_word' id='word_1_129' title='bbox 605 968 737 1007; x_wconf 85' lang='lat' dir='ltr'>figurae,</span> <span class='ocrx_word' id='word_1_130' title='bbox 766 967 800 997; x_wconf 86' lang='lat' dir='ltr'>in</span> <span class='ocrx_word' id='word_1_131' title='bbox 824 965 974 996; x_wconf 89' lang='lat' dir='ltr'>omuibus</span> <span class='ocrx_word' id='word_1_132' title='bbox 998 974 1126 1004; x_wconf 84' lang='lat' dir='ltr'>reprae-</span> 
     </span>
     <span class='ocr_line' id='line_1_19' title="bbox 163 1008 1127 1053; baseline -0.011 -5"><span class='ocrx_word' id='word_1_133' title='bbox 163 1016 282 1048; x_wconf 87' lang='lat' dir='ltr'>sentari</span> <span class='ocrx_word' id='word_1_134' title='bbox 313 1012 453 1053; x_wconf 82' lang='lat' dir='ltr'>oportuit</span> <span class='ocrx_word' id='word_1_135' title='bbox 485 1021 645 1043; x_wconf 86' lang='lat' dir='ltr'>summam</span> <span class='ocrx_word' id='word_1_136' title='bbox 681 1010 748 1041; x_wconf 89' lang='lat' dir='ltr'>eius</span> <span class='ocrx_word' id='word_1_137' title='bbox 782 1008 1027 1049; x_wconf 80' lang='lat' dir='ltr'>perfectionem,</span> <span class='ocrx_word' id='word_1_138' title='bbox 1064 1017 1127 1047; x_wconf 86' lang='lat' dir='ltr'>qua</span> 
     </span>
     <span class='ocr_line' id='line_1_20' title="bbox 162 1049 1127 1099; baseline -0.01 -9"><span class='ocrx_word' id='word_1_139' title='bbox 162 1056 336 1099; x_wconf 75' lang='lat' dir='ltr'>plat-andus</span> <span class='ocrx_word' id='word_1_140' title='bbox 360 1060 429 1086; x_wconf 86' lang='lat' dir='ltr'>erat</span> <span class='ocrx_word' id='word_1_141' title='bbox 453 1054 600 1086; x_wconf 82' lang='lat' dir='ltr'>coelestis</span> <span class='ocrx_word' id='word_1_142' title='bbox 630 1057 728 1093; x_wconf 80' lang='lat' dir='ltr'>pater.</span> <span class='ocrx_word' id='word_1_143' title='bbox 776 1052 902 1083; x_wconf 87' lang='lat' dir='ltr'>Deinde</span> <span class='ocrx_word' id='word_1_144' title='bbox 932 1049 1127 1081; x_wconf 85' lang='lat' dir='ltr'>admonendi</span> 
     </span>
     <span class='ocr_line' id='line_1_21' title="bbox 163 1094 1128 1136; baseline -0.01 -3"><span class='ocrx_word' id='word_1_145' title='bbox 163 1103 293 1133; x_wconf 86' lang='lat' dir='ltr'>fuerunt</span> <span class='ocrx_word' id='word_1_146' title='bbox 316 1098 492 1135; x_wconf 84' lang='lat' dir='ltr'>Israelitae,</span> <span class='ocrx_word' id='word_1_147' title='bbox 517 1096 681 1136; x_wconf 85' lang='lat' dir='ltr'>repudiari</span> <span class='ocrx_word' id='word_1_148' title='bbox 704 1106 721 1126; x_wconf 88' lang='lat' dir='ltr'>a</span> <span class='ocrx_word' id='word_1_149' title='bbox 744 1095 814 1126; x_wconf 85' lang='lat' dir='ltr'>Deo</span> <span class='ocrx_word' id='word_1_150' title='bbox 837 1104 965 1125; x_wconf 78' lang='lat' dir='ltr'>omnem</span> <span class='ocrx_word' id='word_1_151' title='bbox 989 1094 1128 1124; x_wconf 86' lang='lat' dir='ltr'>immun-</span> 
     </span>
     <span class='ocr_line' id='line_1_22' title="bbox 164 1136 1126 1180; baseline -0.009 -5"><span class='ocrx_word' id='word_1_152' title='bbox 164 1144 283 1180; x_wconf 81' lang='lat' dir='ltr'>ditiem,</span> <span class='ocrx_word' id='word_1_153' title='bbox 318 1153 358 1173; x_wconf 87' lang='lat' dir='ltr'>ne</span> <span class='ocrx_word' id='word_1_154' title='bbox 393 1142 462 1172; x_wconf 85' lang='lat' dir='ltr'>eius</span> <span class='ocrx_word' id='word_1_155' title='bbox 500 1140 625 1171; x_wconf 88' lang='lat' dir='ltr'>cultum</span> <span class='ocrx_word' id='word_1_156' title='bbox 661 1139 728 1169; x_wconf 89' lang='lat' dir='ltr'>suis</span> <span class='ocrx_word' id='word_1_157' title='bbox 757 1137 906 1168; x_wconf 85' lang='lat' dir='ltr'>sordibus</span> <span class='ocrx_word' id='word_1_158' title='bbox 936 1136 1126 1176; x_wconf 82' lang='lat' dir='ltr'>polluerent.</span> 
     </span>
     <span class='ocr_line' id='line_1_23' title="bbox 165 1179 1127 1218; baseline -0.009 0"><span class='ocrx_word' id='word_1_159' title='bbox 165 1187 265 1218; x_wconf 70' lang='lat' dir='ltr'>Sicuti</span> <span class='ocrx_word' id='word_1_160' title='bbox 301 1192 408 1216; x_wconf 88' lang='lat' dir='ltr'>autem</span> <span class='ocrx_word' id='word_1_161' title='bbox 444 1183 483 1214; x_wconf 81' lang='lat' dir='ltr'>ad</span> <span class='ocrx_word' id='word_1_162' title='bbox 518 1182 663 1213; x_wconf 81' lang='lat' dir='ltr'>studium</span> <span class='ocrx_word' id='word_1_163' title='bbox 697 1192 794 1212; x_wconf 78' lang='lat' dir='ltr'>verae</span> <span class='ocrx_word' id='word_1_164' title='bbox 828 1180 1020 1211; x_wconf 78' lang='lat' dir='ltr'>sinceritatis</span> <span class='ocrx_word' id='word_1_165' title='bbox 1055 1179 1127 1210; x_wconf 92' lang='lat' dir='ltr'>illos</span> 
     </span>
     <span class='ocr_line' id='line_1_24' title="bbox 164 1221 1129 1264; baseline -0.008 -4"><span class='ocrx_word' id='word_1_166' title='bbox 164 1228 352 1261; x_wconf 77' lang='lat' dir='ltr'>hortabatur</span> <span class='ocrx_word' id='word_1_167' title='bbox 367 1227 464 1262; x_wconf 78' lang='lat' dir='ltr'>Deus,</span> <span class='ocrx_word' id='word_1_168' title='bbox 490 1226 533 1256; x_wconf 82' lang='lat' dir='ltr'>ita</span> <span class='ocrx_word' id='word_1_169' title='bbox 553 1225 630 1256; x_wconf 81' lang='lat' dir='ltr'>satis</span> <span class='ocrx_word' id='word_1_170' title='bbox 650 1235 810 1264; x_wconf 82' lang='lat' dir='ltr'>superque</span> <span class='ocrx_word' id='word_1_171' title='bbox 829 1234 881 1254; x_wconf 85' lang='lat' dir='ltr'>eos</span> <span class='ocrx_word' id='word_1_172' title='bbox 904 1222 1046 1260; x_wconf 82' lang='lat' dir='ltr'>docebat,</span> <span class='ocrx_word' id='word_1_173' title='bbox 1066 1221 1129 1253; x_wconf 89' lang='lat' dir='ltr'>nisi</span> 
     </span>
     <span class='ocr_line' id='line_1_25' title="bbox 164 1264 1127 1307; baseline -0.009 -4"><span class='ocrx_word' id='word_1_174' title='bbox 164 1273 257 1304; x_wconf 81' lang='lat' dir='ltr'>fidem</span> <span class='ocrx_word' id='word_1_175' title='bbox 282 1281 373 1302; x_wconf 81' lang='lat' dir='ltr'>suam</span> <span class='ocrx_word' id='word_1_176' title='bbox 397 1269 435 1301; x_wconf 85' lang='lat' dir='ltr'>ad</span> <span class='ocrx_word' id='word_1_177' title='bbox 451 1269 618 1300; x_wconf 75' lang='lat' dir='ltr'>Clu-istum</span> <span class='ocrx_word' id='word_1_178' title='bbox 642 1267 828 1307; x_wconf 80' lang='lat' dir='ltr'>dirigerent,</span> <span class='ocrx_word' id='word_1_179' title='bbox 854 1265 1017 1305; x_wconf 82' lang='lat' dir='ltr'>repudiari</span> <span class='ocrx_word' id='word_1_180' title='bbox 1036 1264 1127 1305; x_wconf 90' lang='lat' dir='ltr'>quid-</span> 
     </span>
     <span class='ocr_line' id='line_1_26' title="bbox 164 1308 1128 1355; baseline -0.007 -10"><span class='ocrx_word' id='word_1_181' title='bbox 164 1314 238 1355; x_wconf 86' lang='lat' dir='ltr'>quid</span> <span class='ocrx_word' id='word_1_182' title='bbox 263 1315 301 1345; x_wconf 83' lang='lat' dir='ltr'>ab</span> <span class='ocrx_word' id='word_1_183' title='bbox 322 1314 398 1353; x_wconf 81' lang='lat' dir='ltr'>ipsis</span> <span class='ocrx_word' id='word_1_184' title='bbox 419 1313 597 1352; x_wconf 82' lang='lat' dir='ltr'>profectum</span> <span class='ocrx_word' id='word_1_185' title='bbox 621 1316 701 1341; x_wconf 84' lang='lat' dir='ltr'>erat:</span> <span class='ocrx_word' id='word_1_186' title='bbox 720 1316 829 1349; x_wconf 74' lang='lat' dir='ltr'>‘neque</span> <span class='ocrx_word' id='word_1_187' title='bbox 849 1309 935 1340; x_wconf 88' lang='lat' dir='ltr'>enim</span> <span class='ocrx_word' id='word_1_188' title='bbox 954 1309 1041 1339; x_wconf 83' lang='lat' dir='ltr'>bruti</span> <span class='ocrx_word' id='word_1_189' title='bbox 1061 1308 1128 1338; x_wconf 88' lang='lat' dir='ltr'>ani-</span> 
     </span>
     <span class='ocr_line' id='line_1_27' title="bbox 166 1350 1129 1396; baseline -0.008 -8"><span class='ocrx_word' id='word_1_190' title='bbox 166 1358 257 1389; x_wconf 87' lang='lat' dir='ltr'>malis</span> <span class='ocrx_word' id='word_1_191' title='bbox 292 1357 416 1396; x_wconf 84' lang='lat' dir='ltr'>puritas</span> <span class='ocrx_word' id='word_1_192' title='bbox 450 1355 655 1386; x_wconf 62' lang='lat' dir='ltr'>satisfactura</span> <span class='ocrx_word' id='word_1_193' title='bbox 689 1358 759 1383; x_wconf 87' lang='lat' dir='ltr'>erat</span> <span class='ocrx_word' id='word_1_194' title='bbox 794 1352 878 1389; x_wconf 86' lang='lat' dir='ltr'>Deo,</span> <span class='ocrx_word' id='word_1_195' title='bbox 914 1352 975 1381; x_wconf 86' lang='lat' dir='ltr'>nisi</span> <span class='ocrx_word' id='word_1_196' title='bbox 1009 1350 1129 1390; x_wconf 89' lang='lat' dir='ltr'>aliquid</span> 
     </span>
     <span class='ocr_line' id='line_1_28' title="bbox 166 1394 1128 1441; baseline -0.007 -10"><span class='ocrx_word' id='word_1_197' title='bbox 166 1400 382 1441; x_wconf 73' lang='lat' dir='ltr'>praestantius</span> <span class='ocrx_word' id='word_1_198' title='bbox 405 1398 614 1438; x_wconf 70' lang='lat' dir='ltr'>designasset.</span> <span class='ocrx_word' id='word_1_199' title='bbox 661 1394 811 1427; x_wconf 69' lang='lat' dir='ltr'>Secundo</span> <span class='ocrx_word' id='word_1_200' title='bbox 835 1395 902 1426; x_wconf 90' lang='lat' dir='ltr'>loco</span> <span class='ocrx_word' id='word_1_201' title='bbox 922 1394 1128 1434; x_wconf 83' lang='lat' dir='ltr'>praecipitur,</span> 
     </span>
     <span class='ocr_line' id='line_1_29' title="bbox 166 1437 1130 1483; baseline -0.008 -9"><span class='ocrx_word' id='word_1_202' title='bbox 166 1444 268 1483; x_wconf 90' lang='lat' dir='ltr'>utqui</span> <span class='ocrx_word' id='word_1_203' title='bbox 284 1443 420 1473; x_wconf 88' lang='lat' dir='ltr'>hostiam</span> <span class='ocrx_word' id='word_1_204' title='bbox 435 1441 538 1476; x_wconf 82' lang='lat' dir='ltr'>offert,</span> <span class='ocrx_word' id='word_1_205' title='bbox 563 1444 732 1480; x_wconf 77' lang='lat' dir='ltr'>postquam</span> <span class='ocrx_word' id='word_1_206' title='bbox 757 1437 927 1469; x_wconf 86' lang='lat' dir='ltr'>accesserit</span> <span class='ocrx_word' id='word_1_207' title='bbox 950 1437 989 1468; x_wconf 88' lang='lat' dir='ltr'>ad</span> <span class='ocrx_word' id='word_1_208' title='bbox 1013 1437 1130 1467; x_wconf 87' lang='lat' dir='ltr'>ostium</span> 
     </span>
     <span class='ocr_line' id='line_1_30' title="bbox 166 1479 1129 1522; baseline -0.007 -5"><span class='ocrx_word' id='word_1_209' title='bbox 166 1485 373 1522; x_wconf 80' lang='lat' dir='ltr'>tabernaculi,</span> <span class='ocrx_word' id='word_1_210' title='bbox 396 1495 513 1515; x_wconf 85' lang='lat' dir='ltr'>manus</span> <span class='ocrx_word' id='word_1_211' title='bbox 536 1484 680 1522; x_wconf 88' lang='lat' dir='ltr'>imponat</span> <span class='ocrx_word' id='word_1_212' title='bbox 703 1491 800 1521; x_wconf 84' lang='lat' dir='ltr'>super</span> <span class='ocrx_word' id='word_1_213' title='bbox 822 1486 916 1520; x_wconf 82' lang='lat' dir='ltr'>caput</span> <span class='ocrx_word' id='word_1_214' title='bbox 942 1479 1129 1511; x_wconf 77' lang='lat' dir='ltr'>holocausti.</span> 
     </span>
     <span class='ocr_line' id='line_1_31' title="bbox 166 1522 1132 1563; baseline -0.008 -3"><span class='ocrx_word' id='word_1_215' title='bbox 166 1529 257 1560; x_wconf 85' lang='lat' dir='ltr'>Haec</span> <span class='ocrx_word' id='word_1_216' title='bbox 292 1535 400 1559; x_wconf 89' lang='lat' dir='ltr'>autem</span> <span class='ocrx_word' id='word_1_217' title='bbox 435 1526 635 1558; x_wconf 85' lang='lat' dir='ltr'>caeremonia</span> <span class='ocrx_word' id='word_1_218' title='bbox 670 1535 734 1555; x_wconf 88' lang='lat' dir='ltr'>non</span> <span class='ocrx_word' id='word_1_219' title='bbox 769 1522 862 1554; x_wconf 89' lang='lat' dir='ltr'>modo</span> <span class='ocrx_word' id='word_1_220' title='bbox 898 1523 1028 1563; x_wconf 85' lang='lat' dir='ltr'>signum</span> <span class='ocrx_word' id='word_1_221' title='bbox 1062 1526 1132 1553; x_wconf 84' lang='lat' dir='ltr'>erat</span> 
     </span>
     <span class='ocr_line' id='line_1_32' title="bbox 167 1565 1131 1608; baseline -0.007 -6"><span class='ocrx_word' id='word_1_222' title='bbox 167 1571 425 1608; x_wconf 85' lang='lat' dir='ltr'>consecrationis,</span> <span class='ocrx_word' id='word_1_223' title='bbox 460 1569 515 1601; x_wconf 88' lang='lat' dir='ltr'>sed</span> <span class='ocrx_word' id='word_1_224' title='bbox 545 1569 643 1600; x_wconf 88' lang='lat' dir='ltr'>etiam</span> <span class='ocrx_word' id='word_1_225' title='bbox 674 1567 806 1608; x_wconf 81' lang='lat' dir='ltr'>piaculi:</span> <span class='ocrx_word' id='word_1_226' title='bbox 839 1566 989 1606; x_wconf 88' lang='lat' dir='ltr'>quoniam</span> <span class='ocrx_word' id='word_1_227' title='bbox 1018 1566 1050 1596; x_wconf 88' lang='lat' dir='ltr'>in</span> <span class='ocrx_word' id='word_1_228' title='bbox 1074 1565 1131 1596; x_wconf 89' lang='lat' dir='ltr'>ho-</span> 
     </span>
     <span class='ocr_line' id='line_1_33' title="bbox 167 1608 1131 1649; baseline -0.007 -4"><span class='ocrx_word' id='word_1_229' title='bbox 167 1615 264 1645; x_wconf 86' lang='lat' dir='ltr'>minis</span> <span class='ocrx_word' id='word_1_230' title='bbox 298 1614 403 1645; x_wconf 91' lang='lat' dir='ltr'>locum</span> <span class='ocrx_word' id='word_1_231' title='bbox 438 1612 667 1644; x_wconf 83' lang='lat' dir='ltr'>subiiciebatur</span> <span class='ocrx_word' id='word_1_232' title='bbox 697 1609 833 1641; x_wconf 83' lang='lat' dir='ltr'>animal:</span> <span class='ocrx_word' id='word_1_233' title='bbox 865 1608 948 1649; x_wconf 92' lang='lat' dir='ltr'>quod</span> <span class='ocrx_word' id='word_1_234' title='bbox 978 1608 1131 1648; x_wconf 84' lang='lat' dir='ltr'>exprimi-</span> 
     </span>
     <span class='ocr_line' id='line_1_34' title="bbox 167 1651 1130 1692; baseline -0.007 -4"><span class='ocrx_word' id='word_1_235' title='bbox 167 1663 220 1688; x_wconf 83' lang='lat' dir='ltr'>tur</span> <span class='ocrx_word' id='word_1_236' title='bbox 246 1657 352 1688; x_wconf 79' lang='lat' dir='ltr'>verbis</span> <span class='ocrx_word' id='word_1_237' title='bbox 373 1656 490 1687; x_wconf 86' lang='lat' dir='ltr'>Mosis:</span> <span class='ocrx_word' id='word_1_238' title='bbox 521 1655 624 1686; x_wconf 87' lang='lat' dir='ltr'>Grata</span> <span class='ocrx_word' id='word_1_239' title='bbox 647 1654 708 1684; x_wconf 89' lang='lat' dir='ltr'>erit</span> <span class='ocrx_word' id='word_1_240' title='bbox 731 1652 770 1683; x_wconf 87' lang='lat' dir='ltr'>ad</span> <span class='ocrx_word' id='word_1_241' title='bbox 794 1653 900 1692; x_wconf 87' lang='lat' dir='ltr'>ipsum</span> <span class='ocrx_word' id='word_1_242' title='bbox 924 1651 1130 1692; x_wconf 82' lang='lat' dir='ltr'>expiandum.</span> 
     </span>
     <span class='ocr_line' id='line_1_35' title="bbox 168 1696 1133 1740; baseline -0.007 -9"><span class='ocrx_word' id='word_1_243' title='bbox 168 1701 303 1731; x_wconf 81' lang='lat' dir='ltr'>Minime</span> <span class='ocrx_word' id='word_1_244' title='bbox 338 1710 413 1740; x_wconf 85' lang='lat' dir='ltr'>ergo</span> <span class='ocrx_word' id='word_1_245' title='bbox 450 1698 583 1730; x_wconf 89' lang='lat' dir='ltr'>dubium</span> <span class='ocrx_word' id='word_1_246' title='bbox 618 1703 666 1728; x_wconf 89' lang='lat' dir='ltr'>est</span> <span class='ocrx_word' id='word_1_247' title='bbox 699 1696 776 1736; x_wconf 91' lang='lat' dir='ltr'>quin</span> <span class='ocrx_word' id='word_1_248' title='bbox 812 1700 936 1726; x_wconf 85' lang='lat' dir='ltr'>reatum</span> <span class='ocrx_word' id='word_1_249' title='bbox 972 1705 1066 1725; x_wconf 87' lang='lat' dir='ltr'>suum</span> <span class='ocrx_word' id='word_1_250' title='bbox 1101 1699 1133 1725; x_wconf 90' lang='lat' dir='ltr'>et</span> 
     </span>
     <span class='ocr_line' id='line_1_36' title="bbox 167 1738 1133 1783; baseline -0.004 -12"><span class='ocrx_word' id='word_1_251' title='bbox 167 1743 321 1783; x_wconf 82' lang='lat' dir='ltr'>quidquid</span> <span class='ocrx_word' id='word_1_252' title='bbox 342 1752 516 1782; x_wconf 87' lang='lat' dir='ltr'>poenarum</span> <span class='ocrx_word' id='word_1_253' title='bbox 536 1740 644 1771; x_wconf 87' lang='lat' dir='ltr'>meriti</span> <span class='ocrx_word' id='word_1_254' title='bbox 668 1744 769 1775; x_wconf 86' lang='lat' dir='ltr'>crant,</span> <span class='ocrx_word' id='word_1_255' title='bbox 794 1739 826 1768; x_wconf 90' lang='lat' dir='ltr'>iu</span> <span class='ocrx_word' id='word_1_256' title='bbox 852 1738 972 1769; x_wconf 80' lang='lat' dir='ltr'>hostias</span> <span class='ocrx_word' id='word_1_257' title='bbox 991 1742 1133 1768; x_wconf 78' lang='lat' dir='ltr'>transtu-</span> 
     </span>
     <span class='ocr_line' id='line_1_37' title="bbox 168 1780 1133 1823; baseline -0.007 -7"><span class='ocrx_word' id='word_1_258' title='bbox 168 1787 272 1823; x_wconf 84' lang='lat' dir='ltr'>lerint,</span> <span class='ocrx_word' id='word_1_259' title='bbox 294 1791 327 1816; x_wconf 89' lang='lat' dir='ltr'>ut</span> <span class='ocrx_word' id='word_1_260' title='bbox 349 1784 418 1815; x_wconf 87' lang='lat' dir='ltr'>Deo</span> <span class='ocrx_word' id='word_1_261' title='bbox 438 1783 734 1816; x_wconf 78' lang='lat' dir='ltr'>reconciliarentur.</span> <span class='ocrx_word' id='word_1_262' title='bbox 760 1781 861 1812; x_wconf 87' lang='lat' dir='ltr'>Porro</span> <span class='ocrx_word' id='word_1_263' title='bbox 881 1791 979 1820; x_wconf 86' lang='lat' dir='ltr'>quum</span> <span class='ocrx_word' id='word_1_264' title='bbox 999 1780 1133 1810; x_wconf 84' lang='lat' dir='ltr'>minime</span> 
     </span>
     <span class='ocr_line' id='line_1_38' title="bbox 167 1823 1134 1867; baseline -0.007 -7"><span class='ocrx_word' id='word_1_265' title='bbox 167 1829 264 1860; x_wconf 78' lang='lat' dir='ltr'>fallax</span> <span class='ocrx_word' id='word_1_266' title='bbox 294 1829 373 1859; x_wconf 89' lang='lat' dir='ltr'>haec</span> <span class='ocrx_word' id='word_1_267' title='bbox 403 1827 571 1867; x_wconf 88' lang='lat' dir='ltr'>promissio</span> <span class='ocrx_word' id='word_1_268' title='bbox 601 1825 714 1861; x_wconf 86' lang='lat' dir='ltr'>fuerit,</span> <span class='ocrx_word' id='word_1_269' title='bbox 749 1823 957 1855; x_wconf 85' lang='lat' dir='ltr'>statuendum</span> <span class='ocrx_word' id='word_1_270' title='bbox 982 1829 1029 1854; x_wconf 89' lang='lat' dir='ltr'>est</span> <span class='ocrx_word' id='word_1_271' title='bbox 1063 1833 1134 1862; x_wconf 86' lang='lat' dir='ltr'>pre-</span> 
     </span>
     <span class='ocr_line' id='line_1_39' title="bbox 169 1865 1133 1902; baseline -0.006 0"><span class='ocrx_word' id='word_1_272' title='bbox 169 1873 247 1902; x_wconf 88' lang='lat' dir='ltr'>tium</span> <span class='ocrx_word' id='word_1_273' title='bbox 289 1871 516 1902; x_wconf 81' lang='lat' dir='ltr'>satisfactionis</span> <span class='ocrx_word' id='word_1_274' title='bbox 556 1869 655 1899; x_wconf 86' lang='lat' dir='ltr'>fuisse</span> <span class='ocrx_word' id='word_1_275' title='bbox 695 1868 729 1898; x_wconf 88' lang='lat' dir='ltr'>in</span> <span class='ocrx_word' id='word_1_276' title='bbox 771 1866 935 1898; x_wconf 88' lang='lat' dir='ltr'>veteribus</span> <span class='ocrx_word' id='word_1_277' title='bbox 969 1865 1133 1897; x_wconf 81' lang='lat' dir='ltr'>sacrificiis</span> 
     </span>
     <span class='ocr_line' id='line_1_40' title="bbox 169 1909 1132 1954; baseline -0.006 -9"><span class='ocrx_word' id='word_1_278' title='bbox 169 1914 250 1954; x_wconf 86' lang='lat' dir='ltr'>quod</span> <span class='ocrx_word' id='word_1_279' title='bbox 281 1914 368 1954; x_wconf 84' lang='lat' dir='ltr'>ipsos</span> <span class='ocrx_word' id='word_1_280' title='bbox 399 1914 535 1944; x_wconf 82' lang='lat' dir='ltr'>solveret</span> <span class='ocrx_word' id='word_1_281' title='bbox 571 1912 665 1951; x_wconf 87' lang='lat' dir='ltr'>culpa</span> <span class='ocrx_word' id='word_1_282' title='bbox 688 1916 720 1941; x_wconf 87' lang='lat' dir='ltr'>et</span> <span class='ocrx_word' id='word_1_283' title='bbox 744 1915 835 1940; x_wconf 84' lang='lat' dir='ltr'>reatu</span> <span class='ocrx_word' id='word_1_284' title='bbox 859 1910 891 1940; x_wconf 89' lang='lat' dir='ltr'>iu</span> <span class='ocrx_word' id='word_1_285' title='bbox 916 1909 977 1940; x_wconf 92' lang='lat' dir='ltr'>Dei</span> <span class='ocrx_word' id='word_1_286' title='bbox 1001 1909 1132 1939; x_wconf 80' lang='lat' dir='ltr'>iudicio:</span> 
     </span>
     <span class='ocr_line' id='line_1_41' title="bbox 170 1952 1134 1996; baseline -0.007 -8"><span class='ocrx_word' id='word_1_287' title='bbox 170 1968 233 1988; x_wconf 91' lang='lat' dir='ltr'>non</span> <span class='ocrx_word' id='word_1_288' title='bbox 264 1962 371 1987; x_wconf 86' lang='lat' dir='ltr'>tamen</span> <span class='ocrx_word' id='word_1_289' title='bbox 403 1956 487 1996; x_wconf 88' lang='lat' dir='ltr'>quod</span> <span class='ocrx_word' id='word_1_290' title='bbox 519 1966 574 1994; x_wconf 86' lang='lat' dir='ltr'>per</span> <span class='ocrx_word' id='word_1_291' title='bbox 608 1965 640 1985; x_wconf 81' lang='lat' dir='ltr'>se</span> <span class='ocrx_word' id='word_1_292' title='bbox 671 1953 708 1984; x_wconf 84' lang='lat' dir='ltr'>ad</span> <span class='ocrx_word' id='word_1_293' title='bbox 741 1953 959 1992; x_wconf 81' lang='lat' dir='ltr'>expiationem</span> <span class='ocrx_word' id='word_1_294' title='bbox 988 1952 1134 1983; x_wconf 80' lang='lat' dir='ltr'>valerent</span> 
     </span>
     <span class='ocr_line' id='line_1_42' title="bbox 168 1996 1135 2037; baseline -0.007 -6"><span class='ocrx_word' id='word_1_295' title='bbox 168 2001 262 2031; x_wconf 87' lang='lat' dir='ltr'>bruta</span> <span class='ocrx_word' id='word_1_296' title='bbox 286 1999 446 2035; x_wconf 86' lang='lat' dir='ltr'>animalia,</span> <span class='ocrx_word' id='word_1_297' title='bbox 471 1999 533 2029; x_wconf 88' lang='lat' dir='ltr'>nisi</span> <span class='ocrx_word' id='word_1_298' title='bbox 558 2004 718 2037; x_wconf 83' lang='lat' dir='ltr'>quatenus</span> <span class='ocrx_word' id='word_1_299' title='bbox 740 1996 925 2026; x_wconf 86' lang='lat' dir='ltr'>testimonia</span> <span class='ocrx_word' id='word_1_300' title='bbox 948 2000 1040 2026; x_wconf 90' lang='lat' dir='ltr'>erant</span> <span class='ocrx_word' id='word_1_301' title='bbox 1063 2005 1135 2034; x_wconf 86' lang='lat' dir='ltr'>gra-</span> 
     </span>
     <span class='ocr_line' id='line_1_43' title="bbox 170 2037 1134 2082; baseline -0.007 -8"><span class='ocrx_word' id='word_1_302' title='bbox 170 2044 231 2074; x_wconf 83' lang='lat' dir='ltr'>tiae</span> <span class='ocrx_word' id='word_1_303' title='bbox 257 2054 312 2082; x_wconf 87' lang='lat' dir='ltr'>per</span> <span class='ocrx_word' id='word_1_304' title='bbox 335 2042 504 2073; x_wconf 86' lang='lat' dir='ltr'>Christum</span> <span class='ocrx_word' id='word_1_305' title='bbox 528 2039 738 2072; x_wconf 75' lang='lat' dir='ltr'>exhibendae.</span> <span class='ocrx_word' id='word_1_306' title='bbox 779 2038 893 2078; x_wconf 87' lang='lat' dir='ltr'>Itaque</span> <span class='ocrx_word' id='word_1_307' title='bbox 917 2037 1009 2068; x_wconf 88' lang='lat' dir='ltr'>modo</span> <span class='ocrx_word' id='word_1_308' title='bbox 1032 2047 1134 2068; x_wconf 84' lang='lat' dir='ltr'>sacra-</span> 
     </span>
     <span class='ocr_line' id='line_1_44' title="bbox 170 2080 1133 2120; baseline -0.007 -3"><span class='ocrx_word' id='word_1_309' title='bbox 170 2086 303 2116; x_wconf 87' lang='lat' dir='ltr'>mentali</span> <span class='ocrx_word' id='word_1_310' title='bbox 324 2084 520 2116; x_wconf 84' lang='lat' dir='ltr'>reconciliati</span> <span class='ocrx_word' id='word_1_311' title='bbox 540 2084 673 2114; x_wconf 78' lang='lat' dir='ltr'>fuerunt</span> <span class='ocrx_word' id='word_1_312' title='bbox 688 2082 755 2113; x_wconf 72' lang='lat' dir='ltr'>Deo</span> <span class='ocrx_word' id='word_1_313' title='bbox 770 2089 894 2112; x_wconf 85' lang='lat' dir='ltr'>veteres</span> <span class='ocrx_word' id='word_1_314' title='bbox 908 2092 964 2120; x_wconf 88' lang='lat' dir='ltr'>per</span> <span class='ocrx_word' id='word_1_315' title='bbox 977 2080 1133 2117; x_wconf 84' lang='lat' dir='ltr'>victimas,</span> 
     </span>
     <span class='ocr_line' id='line_1_45' title="bbox 171 2123 1134 2166; baseline -0.006 -7"><span class='ocrx_word' id='word_1_316' title='bbox 171 2129 262 2159; x_wconf 85' lang='lat' dir='ltr'>sicuti</span> <span class='ocrx_word' id='word_1_317' title='bbox 283 2127 376 2159; x_wconf 87' lang='lat' dir='ltr'>hodie</span> <span class='ocrx_word' id='word_1_318' title='bbox 395 2127 558 2158; x_wconf 83' lang='lat' dir='ltr'>abluimur</span> <span class='ocrx_word' id='word_1_319' title='bbox 577 2136 633 2166; x_wconf 85' lang='lat' dir='ltr'>per</span> <span class='ocrx_word' id='word_1_320' title='bbox 660 2125 864 2164; x_wconf 86' lang='lat' dir='ltr'>baptismum.</span> <span class='ocrx_word' id='word_1_321' title='bbox 910 2123 1005 2155; x_wconf 85' lang='lat' dir='ltr'>Unde</span> <span class='ocrx_word' id='word_1_322' title='bbox 1031 2123 1134 2162; x_wconf 85' lang='lat' dir='ltr'>sequi-</span> 
     </span>
     <span class='ocr_line' id='line_1_46' title="bbox 170 2166 1134 2211; baseline -0.006 -10"><span class='ocrx_word' id='word_1_323' title='bbox 170 2178 231 2207; x_wconf 89' lang='lat' dir='ltr'>tur,</span> <span class='ocrx_word' id='word_1_324' title='bbox 267 2170 413 2211; x_wconf 71' lang='lat' dir='ltr'>symbola</span> <span class='ocrx_word' id='word_1_325' title='bbox 447 2170 501 2200; x_wconf 87' lang='lat' dir='ltr'>illa</span> <span class='ocrx_word' id='word_1_326' title='bbox 524 2169 617 2200; x_wconf 85' lang='lat' dir='ltr'>utilia</span> <span class='ocrx_word' id='word_1_327' title='bbox 647 2167 804 2198; x_wconf 75' lang='lat' dir='ltr'>duntaxat</span> <span class='ocrx_word' id='word_1_328' title='bbox 833 2166 941 2203; x_wconf 85' lang='lat' dir='ltr'>fuisse,</span> <span class='ocrx_word' id='word_1_329' title='bbox 975 2171 1134 2206; x_wconf 89' lang='lat' dir='ltr'>quatenus</span> 
     </span>
     <span class='ocr_line' id='line_1_47' title="bbox 169 2209 1134 2252; baseline -0.007 -7"><span class='ocrx_word' id='word_1_330' title='bbox 169 2214 323 2245; x_wconf 80' lang='lat' dir='ltr'>exercitia</span> <span class='ocrx_word' id='word_1_331' title='bbox 345 2219 437 2244; x_wconf 85' lang='lat' dir='ltr'>eraut</span> <span class='ocrx_word' id='word_1_332' title='bbox 460 2212 499 2243; x_wconf 78' lang='lat' dir='ltr'>ad</span> <span class='ocrx_word' id='word_1_333' title='bbox 524 2211 753 2252; x_wconf 86' lang='lat' dir='ltr'>poenitentiam</span> <span class='ocrx_word' id='word_1_334' title='bbox 778 2215 809 2240; x_wconf 86' lang='lat' dir='ltr'>et</span> <span class='ocrx_word' id='word_1_335' title='bbox 833 2209 938 2246; x_wconf 85' lang='lat' dir='ltr'>fidem,</span> <span class='ocrx_word' id='word_1_336' title='bbox 963 2216 999 2239; x_wconf 87' lang='lat' dir='ltr'>ut</span> <span class='ocrx_word' id='word_1_337' title='bbox 1022 2218 1134 2248; x_wconf 82' lang='lat' dir='ltr'>pecca-</span> 
     </span>
     <span class='ocr_line' id='line_1_48' title="bbox 169 2251 1134 2291; baseline -0.006 -4"><span class='ocrx_word' id='word_1_338' title='bbox 169 2264 218 2287; x_wconf 84' lang='lat' dir='ltr'>tor</span> <span class='ocrx_word' id='word_1_339' title='bbox 237 2257 318 2287; x_wconf 84' lang='lat' dir='ltr'>iram</span> <span class='ocrx_word' id='word_1_340' title='bbox 338 2256 399 2287; x_wconf 90' lang='lat' dir='ltr'>Dei</span> <span class='ocrx_word' id='word_1_341' title='bbox 419 2261 564 2286; x_wconf 85' lang='lat' dir='ltr'>metuere</span> <span class='ocrx_word' id='word_1_342' title='bbox 584 2254 730 2291; x_wconf 80' lang='lat' dir='ltr'>disceret,</span> <span class='ocrx_word' id='word_1_343' title='bbox 750 2264 786 2284; x_wconf 85' lang='lat' dir='ltr'>ac</span> <span class='ocrx_word' id='word_1_344' title='bbox 805 2253 838 2283; x_wconf 92' lang='lat' dir='ltr'>in</span> <span class='ocrx_word' id='word_1_345' title='bbox 852 2252 983 2283; x_wconf 86' lang='lat' dir='ltr'>Christo</span> <span class='ocrx_word' id='word_1_346' title='bbox 1006 2251 1134 2282; x_wconf 85' lang='lat' dir='ltr'>veniam</span> 
     </span>
     <span class='ocr_line' id='line_1_49' title="bbox 172 2305 349 2339; baseline 0.006 -10"><span class='ocrx_word' id='word_1_347' title='bbox 172 2305 349 2339; x_wconf 83' lang='lat' dir='ltr'>quaereret.</span> 
     </span>
    </p>

    <p class='ocr_par' dir='ltr' id='par_1_3' title="bbox 172 2334 1137 2680">
     <span class='ocr_line' id='line_1_50' title="bbox 255 2334 1134 2373; baseline -0.009 0"><span class='ocrx_word' id='word_1_348' title='bbox 255 2343 283 2373; x_wconf 78' lang='lat'>5.</span> <span class='ocrx_word' id='word_1_349' title='bbox 307 2341 453 2373; x_wconf 70' lang='lat' dir='ltr'>Mactahit</span> <span class='ocrx_word' id='word_1_350' title='bbox 471 2343 571 2371; x_wconf 72' lang='lat' dir='ltr'>autem</span> <span class='ocrx_word' id='word_1_351' title='bbox 585 2342 752 2370; x_wconf 57' lang='lat' dir='ltr'>hireneum,</span> <span class='ocrx_word' id='word_1_352' title='bbox 778 2338 958 2369; x_wconf 79' lang='lat' dir='ltr'>Subiieitur</span> <span class='ocrx_word' id='word_1_353' title='bbox 972 2334 1134 2367; x_wconf 83' lang='lat' dir='ltr'>mactandi</span> 
     </span>
     <span class='ocr_line' id='line_1_51' title="bbox 172 2381 1134 2424; baseline -0.008 -9"><span class='ocrx_word' id='word_1_354' title='bbox 172 2386 261 2420; x_wconf 71' lang='lat' dir='ltr'>ritus,</span> <span class='ocrx_word' id='word_1_355' title='bbox 298 2395 411 2424; x_wconf 84' lang='lat' dir='ltr'>nempe</span> <span class='ocrx_word' id='word_1_356' title='bbox 446 2390 479 2414; x_wconf 91' lang='lat' dir='ltr'>ut</span> <span class='ocrx_word' id='word_1_357' title='bbox 514 2382 662 2414; x_wconf 78' lang='lat' dir='ltr'>sacerdos</span> <span class='ocrx_word' id='word_1_358' title='bbox 699 2382 862 2412; x_wconf 83' lang='lat' dir='ltr'>victimam</span> <span class='ocrx_word' id='word_1_359' title='bbox 897 2381 998 2420; x_wconf 81' lang='lat' dir='ltr'>ipsam</span> <span class='ocrx_word' id='word_1_360' title='bbox 1034 2382 1134 2418; x_wconf 82' lang='lat' dir='ltr'>paret,</span> 
     </span>
     <span class='ocr_line' id='line_1_52' title="bbox 173 2421 1135 2467; baseline -0.007 -10"><span class='ocrx_word' id='word_1_361' title='bbox 173 2439 207 2458; x_wconf 83' lang='lat' dir='ltr'>ac</span> <span class='ocrx_word' id='word_1_362' title='bbox 232 2428 422 2467; x_wconf 69' lang='lat' dir='ltr'>sanguinem</span> <span class='ocrx_word' id='word_1_363' title='bbox 447 2426 557 2457; x_wconf 74' lang='lat' dir='ltr'>fundat</span> <span class='ocrx_word' id='word_1_364' title='bbox 582 2436 680 2465; x_wconf 86' lang='lat' dir='ltr'>super</span> <span class='ocrx_word' id='word_1_365' title='bbox 704 2424 819 2455; x_wconf 88' lang='lat' dir='ltr'>altare:</span> <span class='ocrx_word' id='word_1_366' title='bbox 845 2433 947 2463; x_wconf 87' lang='lat' dir='ltr'>neque</span> <span class='ocrx_word' id='word_1_367' title='bbox 966 2422 1051 2452; x_wconf 89' lang='lat' dir='ltr'>enim</span> <span class='ocrx_word' id='word_1_368' title='bbox 1073 2421 1135 2459; x_wconf 89' lang='lat' dir='ltr'>pri-</span> 
     </span>
     <span class='ocr_line' id='line_1_53' title="bbox 175 2463 1136 2509; baseline -0.009 -8"><span class='ocrx_word' id='word_1_369' title='bbox 175 2479 247 2500; x_wconf 77' lang='lat' dir='ltr'>vato</span> <span class='ocrx_word' id='word_1_370' title='bbox 282 2471 402 2501; x_wconf 86' lang='lat' dir='ltr'>homini</span> <span class='ocrx_word' id='word_1_371' title='bbox 445 2469 644 2509; x_wconf 80' lang='lat' dir='ltr'>permittitur</span> <span class='ocrx_word' id='word_1_372' title='bbox 679 2467 826 2498; x_wconf 80' lang='lat' dir='ltr'>manibus</span> <span class='ocrx_word' id='word_1_373' title='bbox 866 2466 932 2496; x_wconf 85' lang='lat' dir='ltr'>suis</span> <span class='ocrx_word' id='word_1_374' title='bbox 971 2463 1136 2494; x_wconf 87' lang='lat' dir='ltr'>immolare</span> 
     </span>
     <span class='ocr_line' id='line_1_54' title="bbox 174 2505 1136 2552; baseline -0.008 -9"><span class='ocrx_word' id='word_1_375' title='bbox 174 2513 274 2552; x_wconf 71' lang='lat' dir='ltr'>ipsam</span> <span class='ocrx_word' id='word_1_376' title='bbox 299 2514 472 2548; x_wconf 67' lang='lat' dir='ltr'>victimam,</span> <span class='ocrx_word' id='word_1_377' title='bbox 497 2511 551 2542; x_wconf 75' lang='lat' dir='ltr'>sed</span> <span class='ocrx_word' id='word_1_378' title='bbox 572 2512 605 2541; x_wconf 89' lang='lat' dir='ltr'>in</span> <span class='ocrx_word' id='word_1_379' title='bbox 626 2521 697 2541; x_wconf 77' lang='lat' dir='ltr'>eum</span> <span class='ocrx_word' id='word_1_380' title='bbox 719 2510 913 2540; x_wconf 77' lang='lat' dir='ltr'>transfertur</span> <span class='ocrx_word' id='word_1_381' title='bbox 934 2506 1017 2547; x_wconf 90' lang='lat' dir='ltr'>quod</span> <span class='ocrx_word' id='word_1_382' title='bbox 1037 2505 1136 2545; x_wconf 87' lang='lat' dir='ltr'>ipsius</span> 
     </span>
     <span class='ocr_line' id='line_1_55' title="bbox 174 2548 1136 2594; baseline -0.007 -9"><span class='ocrx_word' id='word_1_383' title='bbox 174 2556 302 2585; x_wconf 85' lang='lat' dir='ltr'>nominc</span> <span class='ocrx_word' id='word_1_384' title='bbox 333 2555 505 2594; x_wconf 67' lang='lat' dir='ltr'>peragebat</span> <span class='ocrx_word' id='word_1_385' title='bbox 541 2553 698 2585; x_wconf 74' lang='lat' dir='ltr'>sacerdos.</span> <span class='ocrx_word' id='word_1_386' title='bbox 753 2552 790 2582; x_wconf 88' lang='lat' dir='ltr'>Id</span> <span class='ocrx_word' id='word_1_387' title='bbox 821 2562 894 2583; x_wconf 89' lang='lat' dir='ltr'>vero</span> <span class='ocrx_word' id='word_1_388' title='bbox 923 2554 1036 2580; x_wconf 86' lang='lat' dir='ltr'>notatu</span> <span class='ocrx_word' id='word_1_389' title='bbox 1067 2548 1136 2588; x_wconf 84' lang='lat' dir='ltr'>dig-</span> 
     </span>
     <span class='ocr_line' id='line_1_56' title="bbox 175 2590 1137 2636; baseline -0.008 -8"><span class='ocrx_word' id='word_1_390' title='bbox 175 2609 252 2628; x_wconf 88' lang='lat' dir='ltr'>num</span> <span class='ocrx_word' id='word_1_391' title='bbox 276 2605 336 2633; x_wconf 72' lang='lat' dir='ltr'>est,</span> <span class='ocrx_word' id='word_1_392' title='bbox 372 2598 518 2636; x_wconf 72' lang='lat' dir='ltr'>quamvis</span> <span class='ocrx_word' id='word_1_393' title='bbox 542 2595 810 2628; x_wconf 82' lang='lat' dir='ltr'>reconciliationis</span> <span class='ocrx_word' id='word_1_394' title='bbox 835 2594 950 2634; x_wconf 84' lang='lat' dir='ltr'>pignus</span> <span class='ocrx_word' id='word_1_395' title='bbox 974 2592 1067 2622; x_wconf 85' lang='lat' dir='ltr'>domo</span> <span class='ocrx_word' id='word_1_396' title='bbox 1091 2590 1137 2621; x_wconf 85' lang='lat' dir='ltr'>af-</span> 
     </span>
     <span class='ocr_line' id='line_1_57' title="bbox 175 2633 1136 2680; baseline -0.008 -9"><span class='ocrx_word' id='word_1_397' title='bbox 175 2641 310 2675; x_wconf 64' lang='lat' dir='ltr'>ferrent,</span> <span class='ocrx_word' id='word_1_398' title='bbox 341 2641 539 2680; x_wconf 83' lang='lat' dir='ltr'>quaerendos</span> <span class='ocrx_word' id='word_1_399' title='bbox 569 2647 676 2670; x_wconf 80' lang='lat' dir='ltr'>tamen</span> <span class='ocrx_word' id='word_1_400' title='bbox 711 2638 786 2669; x_wconf 84' lang='lat' dir='ltr'>alibi</span> <span class='ocrx_word' id='word_1_401' title='bbox 816 2637 914 2668; x_wconf 76' lang='lat' dir='ltr'>fuisse</span> <span class='ocrx_word' id='word_1_402' title='bbox 948 2633 1136 2675; x_wconf 82' lang='lat' dir='ltr'>placationis</span> 
     </span>
    </p>
   </div>
   <div class='ocr_carea' id='block_1_3' title="bbox 853 184 1447 219">
    <p class='ocr_par' dir='ltr' id='par_1_4' title="bbox 853 184 1447 219">
     <span class='ocr_line' id='line_1_58' title="bbox 853 184 1447 219; baseline -0.005 0"><span class='ocrx_word' id='word_1_403' title='bbox 853 187 937 219; x_wconf 81' lang='lat' dir='ltr'>SEC</span> <span class='ocrx_word' id='word_1_404' title='bbox 944 186 1108 218; x_wconf 86' lang='lat' dir='ltr'>UNDUM</span> <span class='ocrx_word' id='word_1_405' title='bbox 1128 186 1186 217; x_wconf 89' lang='lat' dir='ltr'>PR</span> <span class='ocrx_word' id='word_1_406' title='bbox 1193 184 1447 217; x_wconf 66' lang='lat' dir='ltr'>AEOEPTUM.</span> 
     </span>
    </p>
   </div>
   <div class='ocr_carea' id='block_1_4' title="bbox 1147 313 1167 2668">
    <p class='ocr_par' dir='ltr' id='par_1_5' title="bbox 1147 313 1167 2668">
     <span class='ocr_line' id='line_1_59' title="bbox 1147 313 1167 2668; baseline 0 0"><span class='ocrx_word' id='word_1_407' title='bbox 1147 313 1167 2668; x_wconf 95' lang='lat' dir='ltr'> </span> 
     </span>
    </p>
   </div>
   <div class='ocr_carea' id='block_1_5' title="bbox 2074 183 2136 215">
    <p class='ocr_par' dir='ltr' id='par_1_6' title="bbox 2074 183 2136 215">
     <span class='ocr_line' id='line_1_60' title="bbox 2074 183 2136 215; baseline 0.016 -1"><span class='ocrx_word' id='word_1_408' title='bbox 2074 183 2136 215; x_wconf 84' lang='lat'>508</span> 
     </span>
    </p>
   </div>
   <div class='ocr_carea' id='block_1_6' title="bbox 1171 276 2148 1936">
    <p class='ocr_par' dir='ltr' id='par_1_7' title="bbox 1171 276 2148 1936">
     <span class='ocr_line' id='line_1_61' title="bbox 1171 276 2137 319; baseline -0.001 -9"><span class='ocrx_word' id='word_1_409' title='bbox 1171 279 1345 317; x_wconf 81' lang='lat' dir='ltr'>ministros,</span> <span class='ocrx_word' id='word_1_410' title='bbox 1380 279 1455 319; x_wconf 85' lang='lat' dir='ltr'>quia</span> <span class='ocrx_word' id='word_1_411' title='bbox 1489 287 1584 309; x_wconf 91' lang='lat' dir='ltr'>nemo</span> <span class='ocrx_word' id='word_1_412' title='bbox 1617 277 1657 308; x_wconf 87' lang='lat' dir='ltr'>ad</span> <span class='ocrx_word' id='word_1_413' title='bbox 1692 282 1755 307; x_wconf 83' lang='lat' dir='ltr'>tau]</span> <span class='ocrx_word' id='word_1_414' title='bbox 1787 276 1987 316; x_wconf 85' lang='lat' dir='ltr'>praeclarum</span> <span class='ocrx_word' id='word_1_415' title='bbox 2018 288 2137 309; x_wconf 88' lang='lat' dir='ltr'>munus</span> 
     </span>
     <span class='ocr_line' id='line_1_62' title="bbox 1171 319 2136 361; baseline -0.002 -8"><span class='ocrx_word' id='word_1_416' title='bbox 1171 322 1306 353; x_wconf 89' lang='lat' dir='ltr'>idoneus</span> <span class='ocrx_word' id='word_1_417' title='bbox 1341 321 1402 352; x_wconf 87' lang='lat' dir='ltr'>nisi</span> <span class='ocrx_word' id='word_1_418' title='bbox 1431 321 1486 361; x_wconf 87' lang='lat' dir='ltr'>qui</span> <span class='ocrx_word' id='word_1_419' title='bbox 1517 330 1608 351; x_wconf 86' lang='lat' dir='ltr'>sacra</span> <span class='ocrx_word' id='word_1_420' title='bbox 1632 320 1784 350; x_wconf 84' lang='lat' dir='ltr'>unctione</span> <span class='ocrx_word' id='word_1_421' title='bbox 1818 319 1974 350; x_wconf 89' lang='lat' dir='ltr'>divinitus</span> <span class='ocrx_word' id='word_1_422' title='bbox 2001 324 2136 351; x_wconf 81' lang='lat' dir='ltr'>ornatus</span> 
     </span>
     <span class='ocr_line' id='line_1_63' title="bbox 1171 361 2137 404; baseline -0.002 -8"><span class='ocrx_word' id='word_1_423' title='bbox 1171 369 1229 396; x_wconf 86' lang='lat' dir='ltr'>est.</span> <span class='ocrx_word' id='word_1_424' title='bbox 1256 364 1366 395; x_wconf 83' lang='lat' dir='ltr'>Palam</span> <span class='ocrx_word' id='word_1_425' title='bbox 1392 375 1467 404; x_wconf 83' lang='lat' dir='ltr'>ergo</span> <span class='ocrx_word' id='word_1_426' title='bbox 1490 370 1655 394; x_wconf 86' lang='lat' dir='ltr'>ostensum</span> <span class='ocrx_word' id='word_1_427' title='bbox 1680 362 1749 398; x_wconf 84' lang='lat' dir='ltr'>fuit,</span> <span class='ocrx_word' id='word_1_428' title='bbox 1773 361 1924 401; x_wconf 84' lang='lat' dir='ltr'>indignos</span> <span class='ocrx_word' id='word_1_429' title='bbox 1946 372 2016 393; x_wconf 84' lang='lat' dir='ltr'>esse</span> <span class='ocrx_word' id='word_1_430' title='bbox 2039 373 2137 394; x_wconf 87' lang='lat' dir='ltr'>cunc-</span> 
     </span>
     <span class='ocr_line' id='line_1_64' title="bbox 1172 404 2136 446; baseline -0.001 -9"><span class='ocrx_word' id='word_1_431' title='bbox 1172 412 1222 438; x_wconf 82' lang='lat' dir='ltr'>tos</span> <span class='ocrx_word' id='word_1_432' title='bbox 1241 407 1392 438; x_wconf 85' lang='lat' dir='ltr'>mortales</span> <span class='ocrx_word' id='word_1_433' title='bbox 1415 406 1471 446; x_wconf 84' lang='lat' dir='ltr'>qui</span> <span class='ocrx_word' id='word_1_434' title='bbox 1494 406 1533 437; x_wconf 87' lang='lat' dir='ltr'>ad</span> <span class='ocrx_word' id='word_1_435' title='bbox 1550 406 1653 436; x_wconf 89' lang='lat' dir='ltr'>Deum</span> <span class='ocrx_word' id='word_1_436' title='bbox 1672 404 1915 445; x_wconf 82' lang='lat' dir='ltr'>propitiandum</span> <span class='ocrx_word' id='word_1_437' title='bbox 1938 405 2136 442; x_wconf 79' lang='lat' dir='ltr'>accederent,</span> 
     </span>
     <span class='ocr_line' id='line_1_65' title="bbox 1172 448 2136 489; baseline -0.003 -9"><span class='ocrx_word' id='word_1_438' title='bbox 1172 455 1204 480; x_wconf 88' lang='lat' dir='ltr'>et</span> <span class='ocrx_word' id='word_1_439' title='bbox 1227 449 1460 489; x_wconf 85' lang='lat' dir='ltr'>quodammodo</span> <span class='ocrx_word' id='word_1_440' title='bbox 1489 449 1627 489; x_wconf 86' lang='lat' dir='ltr'>pollutas</span> <span class='ocrx_word' id='word_1_441' title='bbox 1658 458 1727 478; x_wconf 86' lang='lat' dir='ltr'>esse</span> <span class='ocrx_word' id='word_1_442' title='bbox 1761 448 1907 478; x_wconf 89' lang='lat' dir='ltr'>omnium</span> <span class='ocrx_word' id='word_1_443' title='bbox 1930 457 2055 485; x_wconf 83' lang='lat' dir='ltr'>manus,</span> <span class='ocrx_word' id='word_1_444' title='bbox 2083 448 2136 478; x_wconf 81' lang='lat' dir='ltr'>vel</span> 
     </span>
     <span class='ocr_line' id='line_1_66' title="bbox 1172 489 2138 532; baseline -0.002 -9"><span class='ocrx_word' id='word_1_445' title='bbox 1172 493 1340 532; x_wconf 84' lang='lat' dir='ltr'>profanas,</span> <span class='ocrx_word' id='word_1_446' title='bbox 1375 492 1435 523; x_wconf 81' lang='lat' dir='ltr'>nisi</span> <span class='ocrx_word' id='word_1_447' title='bbox 1470 502 1548 532; x_wconf 88' lang='lat' dir='ltr'>quas</span> <span class='ocrx_word' id='word_1_448' title='bbox 1579 491 1670 521; x_wconf 89' lang='lat' dir='ltr'>Deus</span> <span class='ocrx_word' id='word_1_449' title='bbox 1705 491 1771 530; x_wconf 87' lang='lat' dir='ltr'>ipse</span> <span class='ocrx_word' id='word_1_450' title='bbox 1801 493 1980 530; x_wconf 78' lang='lat' dir='ltr'>purgasset.</span> <span class='ocrx_word' id='word_1_451' title='bbox 2025 489 2138 530; x_wconf 85' lang='lat' dir='ltr'>Neque</span> 
     </span>
     <span class='ocr_line' id='line_1_67' title="bbox 1173 532 2138 573; baseline -0.002 -7"><span class='ocrx_word' id='word_1_452' title='bbox 1173 536 1259 566; x_wconf 88' lang='lat' dir='ltr'>enim</span> <span class='ocrx_word' id='word_1_453' title='bbox 1290 534 1420 566; x_wconf 86' lang='lat' dir='ltr'>aliunde</span> <span class='ocrx_word' id='word_1_454' title='bbox 1448 533 1645 566; x_wconf 84' lang='lat' dir='ltr'>sacrificandi</span> <span class='ocrx_word' id='word_1_455' title='bbox 1677 532 1818 573; x_wconf 83' lang='lat' dir='ltr'>dignitas</span> <span class='ocrx_word' id='word_1_456' title='bbox 1842 543 1938 572; x_wconf 84' lang='lat' dir='ltr'>quam</span> <span class='ocrx_word' id='word_1_457' title='bbox 1962 543 2002 563; x_wconf 83' lang='lat' dir='ltr'>ex</span> <span class='ocrx_word' id='word_1_458' title='bbox 2032 533 2138 573; x_wconf 86' lang='lat' dir='ltr'>gratia</span> 
     </span>
     <span class='ocr_line' id='line_1_68' title="bbox 1173 575 2137 618; baseline -0.001 -10"><span class='ocrx_word' id='word_1_459' title='bbox 1173 578 1322 618; x_wconf 88' lang='lat' dir='ltr'>spiritus,</span> <span class='ocrx_word' id='word_1_460' title='bbox 1351 577 1442 609; x_wconf 86' lang='lat' dir='ltr'>cuius</span> <span class='ocrx_word' id='word_1_461' title='bbox 1471 578 1589 617; x_wconf 87' lang='lat' dir='ltr'>pignus</span> <span class='ocrx_word' id='word_1_462' title='bbox 1619 582 1687 607; x_wconf 86' lang='lat' dir='ltr'>crat</span> <span class='ocrx_word' id='word_1_463' title='bbox 1719 580 1855 606; x_wconf 87' lang='lat' dir='ltr'>externa</span> <span class='ocrx_word' id='word_1_464' title='bbox 1878 576 1996 607; x_wconf 89' lang='lat' dir='ltr'>unctio.</span> <span class='ocrx_word' id='word_1_465' title='bbox 2041 575 2137 607; x_wconf 88' lang='lat' dir='ltr'>Nunc</span> 
     </span>
     <span class='ocr_line' id='line_1_69' title="bbox 1173 617 2137 661; baseline -0.003 -10"><span class='ocrx_word' id='word_1_466' title='bbox 1173 620 1394 661; x_wconf 84' lang='lat' dir='ltr'>intelligimus,</span> <span class='ocrx_word' id='word_1_467' title='bbox 1422 619 1578 660; x_wconf 90' lang='lat' dir='ltr'>quomodo</span> <span class='ocrx_word' id='word_1_468' title='bbox 1602 619 1780 650; x_wconf 86' lang='lat' dir='ltr'>obtulerint</span> <span class='ocrx_word' id='word_1_469' title='bbox 1803 618 1923 658; x_wconf 85' lang='lat' dir='ltr'>singuli</span> <span class='ocrx_word' id='word_1_470' title='bbox 1945 617 2016 649; x_wconf 88' lang='lat' dir='ltr'>Deo</span> <span class='ocrx_word' id='word_1_471' title='bbox 2039 617 2137 649; x_wconf 87' lang='lat' dir='ltr'>sacri-</span> 
     </span>
     <span class='ocr_line' id='line_1_70' title="bbox 1174 660 2137 699; baseline -0.002 -5"><span class='ocrx_word' id='word_1_472' title='bbox 1174 663 1264 699; x_wconf 88' lang='lat' dir='ltr'>ficia,</span> <span class='ocrx_word' id='word_1_473' title='bbox 1295 669 1327 693; x_wconf 90' lang='lat' dir='ltr'>et</span> <span class='ocrx_word' id='word_1_474' title='bbox 1356 669 1462 693; x_wconf 88' lang='lat' dir='ltr'>tamen</span> <span class='ocrx_word' id='word_1_475' title='bbox 1488 663 1601 694; x_wconf 89' lang='lat' dir='ltr'>unicus</span> <span class='ocrx_word' id='word_1_476' title='bbox 1625 661 1772 693; x_wconf 84' lang='lat' dir='ltr'>sacerdos</span> <span class='ocrx_word' id='word_1_477' title='bbox 1796 661 1856 693; x_wconf 88' lang='lat' dir='ltr'>hoc</span> <span class='ocrx_word' id='word_1_478' title='bbox 1879 660 1983 692; x_wconf 86' lang='lat' dir='ltr'>officio</span> <span class='ocrx_word' id='word_1_479' title='bbox 2006 660 2137 692; x_wconf 87' lang='lat' dir='ltr'>defunc—</span> 
     </span>
     <span class='ocr_line' id='line_1_71' title="bbox 1175 703 2139 745; baseline -0.002 -9"><span class='ocrx_word' id='word_1_480' title='bbox 1175 710 1226 737; x_wconf 89' lang='lat' dir='ltr'>tus</span> <span class='ocrx_word' id='word_1_481' title='bbox 1249 706 1354 736; x_wconf 84' lang='lat' dir='ltr'>fuerit.</span> <span class='ocrx_word' id='word_1_482' title='bbox 1392 707 1569 745; x_wconf 88' lang='lat' dir='ltr'>Aspersum</span> <span class='ocrx_word' id='word_1_483' title='bbox 1593 705 1752 745; x_wconf 82' lang='lat' dir='ltr'>sanguine</span> <span class='ocrx_word' id='word_1_484' title='bbox 1776 705 1834 734; x_wconf 86' lang='lat' dir='ltr'>fuit</span> <span class='ocrx_word' id='word_1_485' title='bbox 1858 704 1967 741; x_wconf 85' lang='lat' dir='ltr'>altare,</span> <span class='ocrx_word' id='word_1_486' title='bbox 1991 707 2028 734; x_wconf 85' lang='lat' dir='ltr'>ut</span> <span class='ocrx_word' id='word_1_487' title='bbox 2043 703 2139 735; x_wconf 84' lang='lat' dir='ltr'>sciret</span> 
     </span>
     <span class='ocr_line' id='line_1_72' title="bbox 1175 746 2138 788; baseline -0.001 -9"><span class='ocrx_word' id='word_1_488' title='bbox 1175 748 1313 788; x_wconf 90' lang='lat' dir='ltr'>populus</span> <span class='ocrx_word' id='word_1_489' title='bbox 1337 759 1400 779; x_wconf 91' lang='lat' dir='ltr'>non</span> <span class='ocrx_word' id='word_1_490' title='bbox 1424 748 1571 779; x_wconf 80' lang='lat' dir='ltr'>excidere</span> <span class='ocrx_word' id='word_1_491' title='bbox 1602 748 1634 778; x_wconf 93' lang='lat' dir='ltr'>in</span> <span class='ocrx_word' id='word_1_492' title='bbox 1666 753 1751 777; x_wconf 87' lang='lat' dir='ltr'>terra</span> <span class='ocrx_word' id='word_1_493' title='bbox 1781 747 1972 787; x_wconf 83' lang='lat' dir='ltr'>sanguinem</span> <span class='ocrx_word' id='word_1_494' title='bbox 2002 756 2042 777; x_wconf 83' lang='lat' dir='ltr'>ex</span> <span class='ocrx_word' id='word_1_495' title='bbox 2073 746 2138 778; x_wconf 84' lang='lat' dir='ltr'>vic-</span> 
     </span>
     <span class='ocr_line' id='line_1_73' title="bbox 1176 788 2139 829; baseline -0.004 -7"><span class='ocrx_word' id='word_1_496' title='bbox 1176 792 1256 822; x_wconf 86' lang='lat' dir='ltr'>tima</span> <span class='ocrx_word' id='word_1_497' title='bbox 1279 792 1401 829; x_wconf 88' lang='lat' dir='ltr'>fusum,</span> <span class='ocrx_word' id='word_1_498' title='bbox 1436 791 1489 822; x_wconf 85' lang='lat' dir='ltr'>sed</span> <span class='ocrx_word' id='word_1_499' title='bbox 1524 791 1592 821; x_wconf 91' lang='lat' dir='ltr'>Dco</span> <span class='ocrx_word' id='word_1_500' title='bbox 1623 789 1803 821; x_wconf 83' lang='lat' dir='ltr'>consecrari</span> <span class='ocrx_word' id='word_1_501' title='bbox 1834 796 1865 820; x_wconf 83' lang='lat' dir='ltr'>et</span> <span class='ocrx_word' id='word_1_502' title='bbox 1888 788 1980 829; x_wconf 88' lang='lat' dir='ltr'>quasi</span> <span class='ocrx_word' id='word_1_503' title='bbox 2011 795 2139 829; x_wconf 85' lang='lat' dir='ltr'>gratum</span> 
     </span>
     <span class='ocr_line' id='line_1_74' title="bbox 1176 831 2138 873; baseline -0.003 -8"><span class='ocrx_word' id='word_1_504' title='bbox 1176 833 1305 865; x_wconf 86' lang='lat' dir='ltr'>odorem</span> <span class='ocrx_word' id='word_1_505' title='bbox 1329 834 1467 873; x_wconf 85' lang='lat' dir='ltr'>spirare:</span> <span class='ocrx_word' id='word_1_506' title='bbox 1493 833 1587 864; x_wconf 91' lang='lat' dir='ltr'>sicuti</span> <span class='ocrx_word' id='word_1_507' title='bbox 1611 832 1705 864; x_wconf 89' lang='lat' dir='ltr'>hodie</span> <span class='ocrx_word' id='word_1_508' title='bbox 1729 842 1835 863; x_wconf 84' lang='lat' dir='ltr'>coram</span> <span class='ocrx_word' id='word_1_509' title='bbox 1854 832 1922 863; x_wconf 89' lang='lat' dir='ltr'>eius</span> <span class='ocrx_word' id='word_1_510' title='bbox 1941 831 2022 863; x_wconf 87' lang='lat' dir='ltr'>facie</span> <span class='ocrx_word' id='word_1_511' title='bbox 2041 841 2138 872; x_wconf 82' lang='lat' dir='ltr'>appa-</span> 
     </span>
     <span class='ocr_line' id='line_1_75' title="bbox 1176 873 2140 916; baseline -0.002 -9"><span class='ocrx_word' id='word_1_512' title='bbox 1176 882 1226 907; x_wconf 86' lang='lat' dir='ltr'>ret</span> <span class='ocrx_word' id='word_1_513' title='bbox 1254 876 1376 908; x_wconf 85' lang='lat' dir='ltr'>Christi</span> <span class='ocrx_word' id='word_1_514' title='bbox 1405 877 1545 916; x_wconf 77' lang='lat' dir='ltr'>sanguis.</span> <span class='ocrx_word' id='word_1_515' title='bbox 1591 876 1728 915; x_wconf 82' lang='lat' dir='ltr'>Reliqua</span> <span class='ocrx_word' id='word_1_516' title='bbox 1758 879 1939 915; x_wconf 84' lang='lat' dir='ltr'>praetereo:</span> <span class='ocrx_word' id='word_1_517' title='bbox 1975 874 2070 906; x_wconf 86' lang='lat' dir='ltr'>sicuti</span> <span class='ocrx_word' id='word_1_518' title='bbox 2101 873 2140 905; x_wconf 84' lang='lat' dir='ltr'>de</span> 
     </span>
     <span class='ocr_line' id='line_1_76' title="bbox 1177 917 2140 959; baseline -0.003 -9"><span class='ocrx_word' id='word_1_519' title='bbox 1177 920 1273 950; x_wconf 86' lang='lat' dir='ltr'>tertia</span> <span class='ocrx_word' id='word_1_520' title='bbox 1292 920 1404 959; x_wconf 80' lang='lat' dir='ltr'>specie,</span> <span class='ocrx_word' id='word_1_521' title='bbox 1428 919 1488 950; x_wconf 88' lang='lat' dir='ltr'>hoe</span> <span class='ocrx_word' id='word_1_522' title='bbox 1508 923 1564 957; x_wconf 85' lang='lat' dir='ltr'>est,</span> <span class='ocrx_word' id='word_1_523' title='bbox 1585 918 1623 949; x_wconf 87' lang='lat' dir='ltr'>de</span> <span class='ocrx_word' id='word_1_524' title='bbox 1642 919 1765 955; x_wconf 81' lang='lat' dir='ltr'>avibus,</span> <span class='ocrx_word' id='word_1_525' title='bbox 1790 928 1854 948; x_wconf 92' lang='lat' dir='ltr'>non</span> <span class='ocrx_word' id='word_1_526' title='bbox 1878 917 2007 948; x_wconf 90' lang='lat' dir='ltr'>videtur</span> <span class='ocrx_word' id='word_1_527' title='bbox 2025 927 2140 956; x_wconf 84' lang='lat' dir='ltr'>operae</span> 
     </span>
     <span class='ocr_line' id='line_1_77' title="bbox 1177 959 2140 1002; baseline -0.003 -9"><span class='ocrx_word' id='word_1_528' title='bbox 1177 963 1316 1002; x_wconf 88' lang='lat' dir='ltr'>pretium</span> <span class='ocrx_word' id='word_1_529' title='bbox 1341 962 1434 1002; x_wconf 85' lang='lat' dir='ltr'>plura</span> <span class='ocrx_word' id='word_1_530' title='bbox 1457 961 1571 993; x_wconf 86' lang='lat' dir='ltr'>dicere.</span> <span class='ocrx_word' id='word_1_531' title='bbox 1596 960 1786 992; x_wconf 83' lang='lat' dir='ltr'>Tenendum</span> <span class='ocrx_word' id='word_1_532' title='bbox 1810 965 1920 991; x_wconf 86' lang='lat' dir='ltr'>tamen</span> <span class='ocrx_word' id='word_1_533' title='bbox 1943 964 2000 998; x_wconf 91' lang='lat' dir='ltr'>est,</span> <span class='ocrx_word' id='word_1_534' title='bbox 2024 959 2140 991; x_wconf 83' lang='lat' dir='ltr'>Mosen</span> 
     </span>
     <span class='ocr_line' id='line_1_78' title="bbox 1180 1004 2140 1043; baseline -0.003 -7"><span class='ocrx_word' id='word_1_535' title='bbox 1180 1006 1335 1037; x_wconf 82' lang='lat' dir='ltr'>hactenus</span> <span class='ocrx_word' id='word_1_536' title='bbox 1375 1004 1413 1034; x_wconf 80' lang='lat' dir='ltr'>de</span> <span class='ocrx_word' id='word_1_537' title='bbox 1456 1004 1651 1036; x_wconf 87' lang='lat' dir='ltr'>holocaustis</span> <span class='ocrx_word' id='word_1_538' title='bbox 1692 1004 1860 1043; x_wconf 81' lang='lat' dir='ltr'>loquutum</span> <span class='ocrx_word' id='word_1_539' title='bbox 1901 1013 1970 1034; x_wconf 89' lang='lat' dir='ltr'>esse</span> <span class='ocrx_word' id='word_1_540' title='bbox 2003 1012 2140 1042; x_wconf 91' lang='lat' dir='ltr'>quorum</span> 
     </span>
     <span class='ocr_line' id='line_1_79' title="bbox 1178 1045 2142 1088; baseline -0.004 -9"><span class='ocrx_word' id='word_1_541' title='bbox 1178 1058 1294 1088; x_wconf 89' lang='lat' dir='ltr'>corpus</span> <span class='ocrx_word' id='word_1_542' title='bbox 1327 1046 1530 1078; x_wconf 82' lang='lat' dir='ltr'>adolebatur:</span> <span class='ocrx_word' id='word_1_543' title='bbox 1561 1047 1635 1086; x_wconf 86' lang='lat' dir='ltr'>quia</span> <span class='ocrx_word' id='word_1_544' title='bbox 1664 1057 1727 1077; x_wconf 89' lang='lat' dir='ltr'>non</span> <span class='ocrx_word' id='word_1_545' title='bbox 1759 1045 1869 1077; x_wconf 90' lang='lat' dir='ltr'>eadem</span> <span class='ocrx_word' id='word_1_546' title='bbox 1900 1051 1969 1076; x_wconf 84' lang='lat' dir='ltr'>erat</span> <span class='ocrx_word' id='word_1_547' title='bbox 1996 1045 2142 1076; x_wconf 90' lang='lat' dir='ltr'>omnium</span> 
     </span>
     <span class='ocr_line' id='line_1_80' title="bbox 1180 1087 2142 1130; baseline -0.004 -8"><span class='ocrx_word' id='word_1_548' title='bbox 1180 1091 1276 1122; x_wconf 86' lang='lat' dir='ltr'>ratio:</span> <span class='ocrx_word' id='word_1_549' title='bbox 1302 1095 1339 1121; x_wconf 82' lang='lat' dir='ltr'>ut</span> <span class='ocrx_word' id='word_1_550' title='bbox 1361 1096 1470 1130; x_wconf 85' lang='lat' dir='ltr'>postea</span> <span class='ocrx_word' id='word_1_551' title='bbox 1494 1089 1683 1120; x_wconf 84' lang='lat' dir='ltr'>videbimus.</span> <span class='ocrx_word' id='word_1_552' title='bbox 1729 1088 1825 1128; x_wconf 79' lang='lat' dir='ltr'>Quod</span> <span class='ocrx_word' id='word_1_553' title='bbox 1849 1099 1924 1129; x_wconf 87' lang='lat' dir='ltr'>ergo</span> <span class='ocrx_word' id='word_1_554' title='bbox 1947 1088 1996 1119; x_wconf 84' lang='lat' dir='ltr'>bis</span> <span class='ocrx_word' id='word_1_555' title='bbox 2019 1087 2142 1119; x_wconf 86' lang='lat' dir='ltr'>dictum</span> 
     </span>
     <span class='ocr_line' id='line_1_81' title="bbox 1179 1130 2142 1172; baseline -0.003 -8"><span class='ocrx_word' id='word_1_556' title='bbox 1179 1134 1253 1164; x_wconf 83' lang='lat' dir='ltr'>fuit:</span> <span class='ocrx_word' id='word_1_557' title='bbox 1288 1132 1447 1172; x_wconf 82' lang='lat' dir='ltr'>Disponet</span> <span class='ocrx_word' id='word_1_558' title='bbox 1470 1131 1618 1163; x_wconf 83' lang='lat' dir='ltr'>sacerdos</span> <span class='ocrx_word' id='word_1_559' title='bbox 1640 1132 1745 1162; x_wconf 87' lang='lat' dir='ltr'>frusta</span> <span class='ocrx_word' id='word_1_560' title='bbox 1765 1131 1836 1171; x_wconf 80' lang='lat' dir='ltr'>illa,</span> <span class='ocrx_word' id='word_1_561' title='bbox 1860 1136 1891 1162; x_wconf 88' lang='lat' dir='ltr'>et</span> <span class='ocrx_word' id='word_1_562' title='bbox 1911 1130 2054 1171; x_wconf 84' lang='lat' dir='ltr'>adipem:</span> <span class='ocrx_word' id='word_1_563' title='bbox 2078 1141 2142 1161; x_wconf 87' lang='lat' dir='ltr'>non</span> 
     </span>
     <span class='ocr_line' id='line_1_82' title="bbox 1179 1173 2143 1216; baseline -0.003 -9"><span class='ocrx_word' id='word_1_564' title='bbox 1179 1177 1225 1207; x_wconf 89' lang='lat' dir='ltr'>ita</span> <span class='ocrx_word' id='word_1_565' title='bbox 1247 1175 1466 1216; x_wconf 85' lang='lat' dir='ltr'>accipiendum</span> <span class='ocrx_word' id='word_1_566' title='bbox 1491 1179 1548 1211; x_wconf 84' lang='lat' dir='ltr'>est,</span> <span class='ocrx_word' id='word_1_567' title='bbox 1578 1174 1669 1215; x_wconf 87' lang='lat' dir='ltr'>quasi</span> <span class='ocrx_word' id='word_1_568' title='bbox 1699 1178 1826 1205; x_wconf 85' lang='lat' dir='ltr'>tantum</span> <span class='ocrx_word' id='word_1_569' title='bbox 1849 1173 1976 1213; x_wconf 87' lang='lat' dir='ltr'>adipem</span> <span class='ocrx_word' id='word_1_570' title='bbox 1999 1173 2143 1204; x_wconf 84' lang='lat' dir='ltr'>comburi</span> 
     </span>
     <span class='ocr_line' id='line_1_83' title="bbox 1179 1215 2144 1258; baseline -0.004 -8"><span class='ocrx_word' id='word_1_571' title='bbox 1179 1220 1307 1250; x_wconf 87' lang='lat' dir='ltr'>iuberet</span> <span class='ocrx_word' id='word_1_572' title='bbox 1330 1229 1403 1250; x_wconf 91' lang='lat' dir='ltr'>cum</span> <span class='ocrx_word' id='word_1_573' title='bbox 1427 1219 1539 1258; x_wconf 83' lang='lat' dir='ltr'>capite,</span> <span class='ocrx_word' id='word_1_574' title='bbox 1568 1217 1623 1248; x_wconf 88' lang='lat' dir='ltr'>sed</span> <span class='ocrx_word' id='word_1_575' title='bbox 1647 1228 1686 1248; x_wconf 89' lang='lat' dir='ltr'>ne</span> <span class='ocrx_word' id='word_1_576' title='bbox 1709 1216 1784 1257; x_wconf 90' lang='lat' dir='ltr'>quid</span> <span class='ocrx_word' id='word_1_577' title='bbox 1809 1215 1974 1248; x_wconf 89' lang='lat' dir='ltr'>residuum</span> <span class='ocrx_word' id='word_1_578' title='bbox 1998 1220 2144 1246; x_wconf 88' lang='lat' dir='ltr'>maneret</span> 
     </span>
     <span class='ocr_line' id='line_1_84' title="bbox 1181 1259 2141 1302; baseline -0.002 -10"><span class='ocrx_word' id='word_1_579' title='bbox 1181 1266 1308 1302; x_wconf 80' lang='lat' dir='ltr'>praeter</span> <span class='ocrx_word' id='word_1_580' title='bbox 1340 1261 1466 1302; x_wconf 85' lang='lat' dir='ltr'>pellem.</span> <span class='ocrx_word' id='word_1_581' title='bbox 1521 1260 1714 1300; x_wconf 80' lang='lat' dir='ltr'>Quanquam</span> <span class='ocrx_word' id='word_1_582' title='bbox 1749 1259 1913 1290; x_wconf 89' lang='lat' dir='ltr'>nonnullis</span> <span class='ocrx_word' id='word_1_583' title='bbox 1945 1259 2051 1298; x_wconf 85' lang='lat' dir='ltr'>placet</span> <span class='ocrx_word' id='word_1_584' title='bbox 2077 1264 2141 1290; x_wconf 68' lang='grc' dir='ltr'>ἾἾΞ</span> 
     </span>
     <span class='ocr_line' id='line_1_85' title="bbox 1182 1301 2143 1344; baseline -0.005 -8"><span class='ocrx_word' id='word_1_585' title='bbox 1182 1316 1251 1336; x_wconf 88' lang='lat' dir='ltr'>esse</span> <span class='ocrx_word' id='word_1_586' title='bbox 1267 1310 1362 1344; x_wconf 88' lang='lat' dir='ltr'>caput</span> <span class='ocrx_word' id='word_1_587' title='bbox 1381 1309 1547 1335; x_wconf 85' lang='lat' dir='ltr'>truncum:</span> <span class='ocrx_word' id='word_1_588' title='bbox 1572 1313 1710 1343; x_wconf 88' lang='lat' dir='ltr'>quorum</span> <span class='ocrx_word' id='word_1_589' title='bbox 1729 1302 1922 1334; x_wconf 86' lang='lat' dir='ltr'>sententiam</span> <span class='ocrx_word' id='word_1_590' title='bbox 1941 1311 2006 1333; x_wconf 88' lang='lat' dir='ltr'>nou</span> <span class='ocrx_word' id='word_1_591' title='bbox 2025 1301 2143 1338; x_wconf 84' lang='lat' dir='ltr'>reiicio,</span> 
     </span>
     <span class='ocr_line' id='line_1_86' title="bbox 1182 1343 2143 1386; baseline -0.005 -8"><span class='ocrx_word' id='word_1_592' title='bbox 1182 1347 1276 1379; x_wconf 89' lang='lat' dir='ltr'>modo</span> <span class='ocrx_word' id='word_1_593' title='bbox 1310 1358 1351 1377; x_wconf 87' lang='lat' dir='ltr'>ne</span> <span class='ocrx_word' id='word_1_594' title='bbox 1390 1345 1516 1386; x_wconf 84' lang='lat' dir='ltr'>adipem</span> <span class='ocrx_word' id='word_1_595' title='bbox 1557 1345 1777 1377; x_wconf 80' lang='lat' dir='ltr'>excludamus.</span> <span class='ocrx_word' id='word_1_596' title='bbox 1835 1344 1929 1383; x_wconf 79' lang='lat' dir='ltr'>Quod</span> <span class='ocrx_word' id='word_1_597' title='bbox 1970 1348 2076 1375; x_wconf 87' lang='lat' dir='ltr'>autem</span> <span class='ocrx_word' id='word_1_598' title='bbox 2110 1343 2143 1374; x_wconf 90' lang='lat' dir='ltr'>in</span> 
     </span>
     <span class='ocr_line' id='line_1_87' title="bbox 1182 1385 2144 1426; baseline -0.006 -4"><span class='ocrx_word' id='word_1_599' title='bbox 1182 1391 1312 1422; x_wconf 80' lang='lat' dir='ltr'>victima</span> <span class='ocrx_word' id='word_1_600' title='bbox 1335 1389 1498 1421; x_wconf 87' lang='lat' dir='ltr'>sordidum</span> <span class='ocrx_word' id='word_1_601' title='bbox 1521 1394 1590 1419; x_wconf 84' lang='lat' dir='ltr'>erat</span> <span class='ocrx_word' id='word_1_602' title='bbox 1614 1388 1716 1420; x_wconf 85' lang='lat' dir='ltr'>veluit</span> <span class='ocrx_word' id='word_1_603' title='bbox 1738 1388 1841 1419; x_wconf 86' lang='lat' dir='ltr'>lavari</span> <span class='ocrx_word' id='word_1_604' title='bbox 1865 1387 1965 1424; x_wconf 89' lang='lat' dir='ltr'>Deus,</span> <span class='ocrx_word' id='word_1_605' title='bbox 1996 1396 2037 1417; x_wconf 88' lang='lat' dir='ltr'>ne</span> <span class='ocrx_word' id='word_1_606' title='bbox 2067 1385 2144 1426; x_wconf 93' lang='lat' dir='ltr'>quid</span> 
     </span>
     <span class='ocr_line' id='line_1_88' title="bbox 1183 1429 2145 1471; baseline -0.005 -7"><span class='ocrx_word' id='word_1_607' title='bbox 1183 1444 1252 1464; x_wconf 88' lang='lat' dir='ltr'>eam</span> <span class='ocrx_word' id='word_1_608' title='bbox 1293 1432 1536 1464; x_wconf 85' lang='lat' dir='ltr'>contaminaret.</span> <span class='ocrx_word' id='word_1_609' title='bbox 1599 1431 1694 1462; x_wconf 88' lang='lat' dir='ltr'>Nunc</span> <span class='ocrx_word' id='word_1_610' title='bbox 1734 1431 1900 1471; x_wconf 87' lang='lat' dir='ltr'>quaeritur</span> <span class='ocrx_word' id='word_1_611' title='bbox 1939 1429 2021 1461; x_wconf 80' lang='lat' dir='ltr'>ratio</span> <span class='ocrx_word' id='word_1_612' title='bbox 2061 1439 2145 1460; x_wconf 90' lang='lat' dir='ltr'>com-</span> 
     </span>
     <span class='ocr_line' id='line_1_89' title="bbox 1183 1470 2144 1513; baseline -0.005 -6"><span class='ocrx_word' id='word_1_613' title='bbox 1183 1476 1356 1512; x_wconf 82' lang='lat' dir='ltr'>bustionis,</span> <span class='ocrx_word' id='word_1_614' title='bbox 1387 1475 1455 1506; x_wconf 87' lang='lat' dir='ltr'>sive</span> <span class='ocrx_word' id='word_1_615' title='bbox 1477 1475 1511 1505; x_wconf 87' lang='lat' dir='ltr'>in</span> <span class='ocrx_word' id='word_1_616' title='bbox 1535 1480 1652 1511; x_wconf 83' lang='lat' dir='ltr'>totum,</span> <span class='ocrx_word' id='word_1_617' title='bbox 1683 1473 1752 1505; x_wconf 88' lang='lat' dir='ltr'>sive</span> <span class='ocrx_word' id='word_1_618' title='bbox 1782 1474 1814 1504; x_wconf 89' lang='lat' dir='ltr'>in</span> <span class='ocrx_word' id='word_1_619' title='bbox 1838 1477 1937 1513; x_wconf 81' lang='lat' dir='ltr'>parte.</span> <span class='ocrx_word' id='word_1_620' title='bbox 1983 1470 2144 1511; x_wconf 82' lang='lat' dir='ltr'>Equidem</span> 
     </span>
     <span class='ocr_line' id='line_1_90' title="bbox 1183 1515 2146 1558; baseline -0.006 -8"><span class='ocrx_word' id='word_1_621' title='bbox 1183 1519 1330 1550; x_wconf 83' lang='lat' dir='ltr'>existimo</span> <span class='ocrx_word' id='word_1_622' title='bbox 1353 1518 1427 1558; x_wconf 87' lang='lat' dir='ltr'>igue</span> <span class='ocrx_word' id='word_1_623' title='bbox 1449 1521 1612 1548; x_wconf 84' lang='lat' dir='ltr'>ostensam</span> <span class='ocrx_word' id='word_1_624' title='bbox 1635 1517 1733 1548; x_wconf 86' lang='lat' dir='ltr'>fuisse</span> <span class='ocrx_word' id='word_1_625' title='bbox 1755 1516 1890 1556; x_wconf 87' lang='lat' dir='ltr'>spiritus</span> <span class='ocrx_word' id='word_1_626' title='bbox 1923 1515 2096 1552; x_wconf 81' lang='lat' dir='ltr'>virtutem,</span> <span class='ocrx_word' id='word_1_627' title='bbox 2127 1524 2146 1544; x_wconf 83' lang='lat' dir='ltr'>a</span> 
     </span>
     <span class='ocr_line' id='line_1_91' title="bbox 1183 1557 2145 1602; baseline -0.006 -9"><span class='ocrx_word' id='word_1_628' title='bbox 1183 1573 1245 1602; x_wconf 87' lang='lat' dir='ltr'>qua</span> <span class='ocrx_word' id='word_1_629' title='bbox 1268 1560 1426 1601; x_wconf 85' lang='lat' dir='ltr'>dependet</span> <span class='ocrx_word' id='word_1_630' title='bbox 1449 1564 1514 1591; x_wconf 84' lang='lat' dir='ltr'>tota</span> <span class='ocrx_word' id='word_1_631' title='bbox 1539 1559 1769 1591; x_wconf 85' lang='lat' dir='ltr'>sacrificiorum</span> <span class='ocrx_word' id='word_1_632' title='bbox 1798 1558 1937 1594; x_wconf 85' lang='lat' dir='ltr'>utilitas,</span> <span class='ocrx_word' id='word_1_633' title='bbox 1969 1557 2031 1588; x_wconf 88' lang='lat' dir='ltr'>nisi</span> <span class='ocrx_word' id='word_1_634' title='bbox 2058 1557 2145 1588; x_wconf 91' lang='lat' dir='ltr'>enim</span> 
     </span>
     <span class='ocr_line' id='line_1_92' title="bbox 1184 1600 2146 1645; baseline -0.007 -9"><span class='ocrx_word' id='word_1_635' title='bbox 1184 1606 1218 1636; x_wconf 94' lang='lat' dir='ltr'>in</span> <span class='ocrx_word' id='word_1_636' title='bbox 1242 1605 1356 1645; x_wconf 88' lang='lat' dir='ltr'>spiritu</span> <span class='ocrx_word' id='word_1_637' title='bbox 1379 1613 1491 1643; x_wconf 88' lang='lat' dir='ltr'>passus</span> <span class='ocrx_word' id='word_1_638' title='bbox 1515 1603 1629 1633; x_wconf 82' lang='lat' dir='ltr'>fuisset</span> <span class='ocrx_word' id='word_1_639' title='bbox 1651 1602 1818 1638; x_wconf 84' lang='lat' dir='ltr'>Christus,</span> <span class='ocrx_word' id='word_1_640' title='bbox 1854 1611 1918 1632; x_wconf 88' lang='lat' dir='ltr'>non</span> <span class='ocrx_word' id='word_1_641' title='bbox 1946 1600 2059 1631; x_wconf 83' lang='lat' dir='ltr'>fuisset</span> <span class='ocrx_word' id='word_1_642' title='bbox 2088 1610 2146 1630; x_wconf 85' lang='lat' dir='ltr'>ex-</span> 
     </span>
     <span class='ocr_line' id='line_1_93' title="bbox 1184 1642 2145 1688; baseline -0.006 -10"><span class='ocrx_word' id='word_1_643' title='bbox 1184 1648 1303 1688; x_wconf 83' lang='lat' dir='ltr'>piatrix</span> <span class='ocrx_word' id='word_1_644' title='bbox 1327 1646 1465 1677; x_wconf 86' lang='lat' dir='ltr'>victima.</span> <span class='ocrx_word' id='word_1_645' title='bbox 1490 1645 1581 1686; x_wconf 83' lang='lat' dir='ltr'>Ignis</span> <span class='ocrx_word' id='word_1_646' title='bbox 1604 1655 1680 1686; x_wconf 88' lang='lat' dir='ltr'>ergo</span> <span class='ocrx_word' id='word_1_647' title='bbox 1703 1645 1792 1676; x_wconf 87' lang='lat' dir='ltr'>velut</span> <span class='ocrx_word' id='word_1_648' title='bbox 1814 1642 2055 1676; x_wconf 87' lang='lat' dir='ltr'>condimentum</span> <span class='ocrx_word' id='word_1_649' title='bbox 2074 1642 2145 1680; x_wconf 80' lang='lat' dir='ltr'>fuit,</span> 
     </span>
     <span class='ocr_line' id='line_1_94' title="bbox 1183 1685 2147 1731; baseline -0.006 -10"><span class='ocrx_word' id='word_1_650' title='bbox 1183 1690 1266 1731; x_wconf 91' lang='lat' dir='ltr'>quod</span> <span class='ocrx_word' id='word_1_651' title='bbox 1297 1689 1461 1720; x_wconf 86' lang='lat' dir='ltr'>sacrificiis</span> <span class='ocrx_word' id='word_1_652' title='bbox 1493 1698 1604 1719; x_wconf 87' lang='lat' dir='ltr'>verum</span> <span class='ocrx_word' id='word_1_653' title='bbox 1634 1699 1727 1719; x_wconf 91' lang='lat' dir='ltr'>suum</span> <span class='ocrx_word' id='word_1_654' title='bbox 1759 1696 1906 1727; x_wconf 82' lang='lat' dir='ltr'>saporem</span> <span class='ocrx_word' id='word_1_655' title='bbox 1937 1685 2042 1717; x_wconf 81' lang='lat' dir='ltr'>daret:</span> <span class='ocrx_word' id='word_1_656' title='bbox 2072 1685 2147 1725; x_wconf 88' lang='lat' dir='ltr'>quia</span> 
     </span>
     <span class='ocr_line' id='line_1_95' title="bbox 1183 1728 2147 1774; baseline -0.007 -9"><span class='ocrx_word' id='word_1_657' title='bbox 1183 1733 1299 1774; x_wconf 84' lang='lat' dir='ltr'>spiritu</span> <span class='ocrx_word' id='word_1_658' title='bbox 1322 1731 1559 1764; x_wconf 79' lang='lat' dir='ltr'>consecrandus</span> <span class='ocrx_word' id='word_1_659' title='bbox 1589 1735 1658 1761; x_wconf 88' lang='lat' dir='ltr'>erat</span> <span class='ocrx_word' id='word_1_660' title='bbox 1688 1730 1811 1761; x_wconf 83' lang='lat' dir='ltr'>Christi</span> <span class='ocrx_word' id='word_1_661' title='bbox 1842 1728 1992 1769; x_wconf 88' lang='lat' dir='ltr'>sanguis,</span> <span class='ocrx_word' id='word_1_662' title='bbox 2023 1731 2060 1759; x_wconf 83' lang='lat' dir='ltr'>ut</span> <span class='ocrx_word' id='word_1_663' title='bbox 2089 1738 2147 1759; x_wconf 89' lang='lat' dir='ltr'>nos</span> 
     </span>
     <span class='ocr_line' id='line_1_96' title="bbox 1183 1770 2148 1808; baseline -0.007 0"><span class='ocrx_word' id='word_1_664' title='bbox 1183 1777 1222 1808; x_wconf 89' lang='lat' dir='ltr'>ab</span> <span class='ocrx_word' id='word_1_665' title='bbox 1246 1775 1393 1807; x_wconf 79' lang='lat' dir='ltr'>omnibus</span> <span class='ocrx_word' id='word_1_666' title='bbox 1417 1775 1576 1805; x_wconf 87' lang='lat' dir='ltr'>scelerum</span> <span class='ocrx_word' id='word_1_667' title='bbox 1599 1773 1732 1805; x_wconf 87' lang='lat' dir='ltr'>maculis</span> <span class='ocrx_word' id='word_1_668' title='bbox 1755 1772 1908 1804; x_wconf 81' lang='lat' dir='ltr'>ablueret.</span> <span class='ocrx_word' id='word_1_669' title='bbox 1944 1770 1983 1802; x_wconf 89' lang='lat' dir='ltr'>Id</span> <span class='ocrx_word' id='word_1_670' title='bbox 2005 1770 2039 1802; x_wconf 89' lang='lat' dir='ltr'>in</span> <span class='ocrx_word' id='word_1_671' title='bbox 2060 1770 2148 1802; x_wconf 88' lang='lat' dir='ltr'>holo·</span> 
     </span>
     <span class='ocr_line' id='line_1_97' title="bbox 1184 1813 2147 1858; baseline -0.006 -8"><span class='ocrx_word' id='word_1_672' title='bbox 1184 1819 1302 1851; x_wconf 87' lang='lat' dir='ltr'>caustis</span> <span class='ocrx_word' id='word_1_673' title='bbox 1325 1817 1452 1858; x_wconf 87' lang='lat' dir='ltr'>plenius</span> <span class='ocrx_word' id='word_1_674' title='bbox 1475 1816 1713 1857; x_wconf 87' lang='lat' dir='ltr'>repraesentari</span> <span class='ocrx_word' id='word_1_675' title='bbox 1736 1815 1837 1846; x_wconf 91' lang='lat' dir='ltr'>voluit</span> <span class='ocrx_word' id='word_1_676' title='bbox 1860 1814 1961 1851; x_wconf 86' lang='lat' dir='ltr'>Deus,</span> <span class='ocrx_word' id='word_1_677' title='bbox 1985 1813 2075 1845; x_wconf 82' lang='lat' dir='ltr'>nulla</span> <span class='ocrx_word' id='word_1_678' title='bbox 2097 1818 2147 1845; x_wconf 83' lang='lat' dir='ltr'>ta-</span> 
     </span>
     <span class='ocr_line' id='line_1_98' title="bbox 1184 1856 2147 1898; baseline -0.006 -5"><span class='ocrx_word' id='word_1_679' title='bbox 1184 1873 1258 1893; x_wconf 88' lang='lat' dir='ltr'>men</span> <span class='ocrx_word' id='word_1_680' title='bbox 1279 1861 1409 1893; x_wconf 88' lang='lat' dir='ltr'>victima</span> <span class='ocrx_word' id='word_1_681' title='bbox 1424 1859 1531 1891; x_wconf 85' lang='lat' dir='ltr'>oblata</span> <span class='ocrx_word' id='word_1_682' title='bbox 1555 1859 1623 1898; x_wconf 81' lang='lat' dir='ltr'>fuit,</span> <span class='ocrx_word' id='word_1_683' title='bbox 1647 1859 1738 1890; x_wconf 89' lang='lat' dir='ltr'>cuius</span> <span class='ocrx_word' id='word_1_684' title='bbox 1761 1869 1825 1889; x_wconf 90' lang='lat' dir='ltr'>non</span> <span class='ocrx_word' id='word_1_685' title='bbox 1849 1857 1957 1898; x_wconf 84' lang='lat' dir='ltr'>aliqua</span> <span class='ocrx_word' id='word_1_686' title='bbox 1979 1867 2054 1897; x_wconf 86' lang='lat' dir='ltr'>pars</span> <span class='ocrx_word' id='word_1_687' title='bbox 2072 1856 2147 1897; x_wconf 87' lang='lat' dir='ltr'>igne</span> 
     </span>
     <span class='ocr_line' id='line_1_99' title="bbox 1185 1905 1389 1936; baseline -0.01 0"><span class='ocrx_word' id='word_1_688' title='bbox 1185 1905 1389 1936; x_wconf 58' lang='lat' dir='ltr'>adolereturn</span> 
     </span>
    </p>
   </div>
   <div class='ocr_carea' id='block_1_7' title="bbox 1560 2071 1774 2103">
    <p class='ocr_par' dir='ltr' id='par_1_8' title="bbox 1560 2071 1774 2103">
     <span class='ocr_line' id='line_1_100' title="bbox 1560 2071 1774 2103; baseline -0.005 0"><span class='ocrx_word' id='word_1_689' title='bbox 1560 2072 1706 2103; x_wconf 75' lang='lat' dir='ltr'>LEVIT.</span> <span class='ocrx_word' id='word_1_690' title='bbox 1730 2071 1774 2103; x_wconf 90' lang='lat' dir='ltr'>II.</span> 
     </span>
    </p>
   </div>
   <div class='ocr_carea' id='block_1_8' title="bbox 1185 2153 2152 2668">
    <p class='ocr_par' dir='ltr' id='par_1_9' title="bbox 1185 2153 2152 2668">
     <span class='ocr_line' id='line_1_101' title="bbox 1272 2153 2148 2197; baseline -0.006 -7"><span class='ocrx_word' id='word_1_691' title='bbox 1272 2161 1299 2190; x_wconf 86' lang='lat'>1.</span> <span class='ocrx_word' id='word_1_692' title='bbox 1324 2159 1443 2190; x_wconf 77' lang='lat' dir='ltr'>Anima</span> <span class='ocrx_word' id='word_1_693' title='bbox 1454 2168 1549 2197; x_wconf 75' lang='lat' dir='ltr'>quum</span> <span class='ocrx_word' id='word_1_694' title='bbox 1567 2158 1667 2196; x_wconf 74' lang='lat' dir='ltr'>offeret</span> <span class='ocrx_word' id='word_1_695' title='bbox 1685 2157 1866 2188; x_wconf 77' lang='lat' dir='ltr'>oblationem</span> <span class='ocrx_word' id='word_1_696' title='bbox 1883 2154 1992 2186; x_wconf 66' lang='lat' dir='ltr'>mimia</span> <span class='ocrx_word' id='word_1_697' title='bbox 2010 2153 2148 2192; x_wconf 74' lang='lat' dir='ltr'>Ieliovae,</span> 
     </span>
     <span class='ocr_line' id='line_1_102' title="bbox 1186 2197 2148 2239; baseline -0.007 -5"><span class='ocrx_word' id='word_1_698' title='bbox 1186 2203 1292 2235; x_wconf 76' lang='lat' dir='ltr'>simila</span> <span class='ocrx_word' id='word_1_699' title='bbox 1311 2203 1367 2233; x_wconf 75' lang='lat' dir='ltr'>erit</span> <span class='ocrx_word' id='word_1_700' title='bbox 1389 2201 1499 2233; x_wconf 64' lang='lat' dir='ltr'>oblatio</span> <span class='ocrx_word' id='word_1_701' title='bbox 1523 2202 1603 2231; x_wconf 69' lang='lat' dir='ltr'>cias:</span> <span class='ocrx_word' id='word_1_702' title='bbox 1627 2200 1793 2239; x_wconf 60' lang='lat' dir='ltr'>fundetque</span> <span class='ocrx_word' id='word_1_703' title='bbox 1820 2208 1912 2238; x_wconf 78' lang='lat' dir='ltr'>super</span> <span class='ocrx_word' id='word_1_704' title='bbox 1940 2206 2008 2228; x_wconf 83' lang='lat' dir='ltr'>eam</span> <span class='ocrx_word' id='word_1_705' title='bbox 2040 2197 2148 2236; x_wconf 79' lang='lat' dir='ltr'>oleum,</span> 
     </span>
     <span class='ocr_line' id='line_1_103' title="bbox 1186 2239 2149 2284; baseline -0.008 -7"><span class='ocrx_word' id='word_1_706' title='bbox 1186 2257 1222 2277; x_wconf 75' lang='lat' dir='ltr'>ac</span> <span class='ocrx_word' id='word_1_707' title='bbox 1244 2246 1313 2276; x_wconf 73' lang='lat' dir='ltr'>llius</span> <span class='ocrx_word' id='word_1_708' title='bbox 1334 2245 1566 2284; x_wconf 66' lang='lat' dir='ltr'>superimpnnet.</span> <span class='ocrx_word' id='word_1_709' title='bbox 1614 2245 1640 2273; x_wconf 73' lang='lat'>2.</span> <span class='ocrx_word' id='word_1_710' title='bbox 1668 2243 1784 2282; x_wconf 73' lang='lat' dir='ltr'>Afferet</span> <span class='ocrx_word' id='word_1_711' title='bbox 1801 2244 1903 2272; x_wconf 73' lang='lat' dir='ltr'>autem</span> <span class='ocrx_word' id='word_1_712' title='bbox 1921 2250 1989 2271; x_wconf 76' lang='lat' dir='ltr'>cam</span> <span class='ocrx_word' id='word_1_713' title='bbox 2004 2239 2045 2270; x_wconf 83' lang='lat' dir='ltr'>ad</span> <span class='ocrx_word' id='word_1_714' title='bbox 2065 2239 2149 2278; x_wconf 69' lang='lat' dir='ltr'>fiilios</span> 
     </span>
     <span class='ocr_line' id='line_1_104' title="bbox 1186 2282 2150 2324; baseline -0.007 -5"><span class='ocrx_word' id='word_1_715' title='bbox 1186 2289 1314 2320; x_wconf 77' lang='lat' dir='ltr'>Aharon</span> <span class='ocrx_word' id='word_1_716' title='bbox 1347 2287 1528 2323; x_wconf 71' lang='lat' dir='ltr'>sacerdotes,</span> <span class='ocrx_word' id='word_1_717' title='bbox 1562 2288 1587 2316; x_wconf 75' lang='lat' dir='ltr'>et</span> <span class='ocrx_word' id='word_1_718' title='bbox 1610 2286 1735 2324; x_wconf 73' lang='lat' dir='ltr'>accipiet</span> <span class='ocrx_word' id='word_1_719' title='bbox 1757 2284 1828 2316; x_wconf 78' lang='lat' dir='ltr'>inde</span> <span class='ocrx_word' id='word_1_720' title='bbox 1844 2284 1974 2322; x_wconf 73' lang='lat' dir='ltr'>plenum</span> <span class='ocrx_word' id='word_1_721' title='bbox 1990 2282 2150 2322; x_wconf 71' lang='lat' dir='ltr'>puyillum</span> 
     </span>
     <span class='ocr_line' id='line_1_105' title="bbox 1185 2324 2149 2367; baseline -0.008 -4"><span class='ocrx_word' id='word_1_722' title='bbox 1185 2332 1222 2364; x_wconf 82' lang='lat' dir='ltr'>dc</span> <span class='ocrx_word' id='word_1_723' title='bbox 1250 2329 1357 2361; x_wconf 63' lang='lat' dir='ltr'>simila</span> <span class='ocrx_word' id='word_1_724' title='bbox 1384 2330 1466 2366; x_wconf 72' lang='lat' dir='ltr'>cius,</span> <span class='ocrx_word' id='word_1_725' title='bbox 1499 2332 1523 2359; x_wconf 76' lang='lat' dir='ltr'>el</span> <span class='ocrx_word' id='word_1_726' title='bbox 1553 2329 1588 2359; x_wconf 76' lang='lat' dir='ltr'>dc</span> <span class='ocrx_word' id='word_1_727' title='bbox 1617 2328 1677 2359; x_wconf 74' lang='lat' dir='ltr'>olno</span> <span class='ocrx_word' id='word_1_728' title='bbox 1709 2328 1808 2367; x_wconf 71' lang='lat' dir='ltr'>ipsius</span> <span class='ocrx_word' id='word_1_729' title='bbox 1835 2336 1935 2365; x_wconf 72' lang='lat' dir='ltr'>supra</span> <span class='ocrx_word' id='word_1_730' title='bbox 1964 2328 2057 2356; x_wconf 74' lang='lat' dir='ltr'>totum</span> <span class='ocrx_word' id='word_1_731' title='bbox 2079 2324 2149 2356; x_wconf 73' lang='lat' dir='ltr'>thus</span> 
     </span>
     <span class='ocr_line' id='line_1_106' title="bbox 1186 2367 2150 2413; baseline -0.006 -9"><span class='ocrx_word' id='word_1_732' title='bbox 1186 2374 1297 2413; x_wconf 72' lang='lat' dir='ltr'>ipsius,</span> <span class='ocrx_word' id='word_1_733' title='bbox 1323 2371 1509 2410; x_wconf 69' lang='lat' dir='ltr'>adolebitque</span> <span class='ocrx_word' id='word_1_734' title='bbox 1531 2371 1672 2401; x_wconf 59' lang='lat' dir='ltr'>sacerdos</span> <span class='ocrx_word' id='word_1_735' title='bbox 1694 2371 1813 2401; x_wconf 75' lang='lat' dir='ltr'>odorem</span> <span class='ocrx_word' id='word_1_736' title='bbox 1835 2369 1903 2400; x_wconf 78' lang='lat' dir='ltr'>eins</span> <span class='ocrx_word' id='word_1_737' title='bbox 1924 2378 2019 2407; x_wconf 75' lang='lat' dir='ltr'>super</span> <span class='ocrx_word' id='word_1_738' title='bbox 2037 2367 2150 2398; x_wconf 72' lang='lat' dir='ltr'>altare:</span> 
     </span>
     <span class='ocr_line' id='line_1_107' title="bbox 1185 2410 2149 2455; baseline -0.008 -7"><span class='ocrx_word' id='word_1_739' title='bbox 1185 2417 1296 2448; x_wconf 73' lang='lat' dir='ltr'>oblatio</span> <span class='ocrx_word' id='word_1_740' title='bbox 1318 2415 1417 2455; x_wconf 69' lang='lat' dir='ltr'>iynita</span> <span class='ocrx_word' id='word_1_741' title='bbox 1440 2417 1483 2445; x_wconf 59' lang='lat' dir='ltr'>est</span> <span class='ocrx_word' id='word_1_742' title='bbox 1504 2415 1606 2445; x_wconf 64' lang='lat' dir='ltr'>adoris</span> <span class='ocrx_word' id='word_1_743' title='bbox 1627 2414 1738 2453; x_wconf 68' lang='lat' dir='ltr'>quietis</span> <span class='ocrx_word' id='word_1_744' title='bbox 1766 2412 1897 2443; x_wconf 69' lang='lat' dir='ltr'>[eliovae.</span> <span class='ocrx_word' id='word_1_745' title='bbox 1955 2410 1983 2441; x_wconf 84' lang='lat'>3.</span> <span class='ocrx_word' id='word_1_746' title='bbox 2008 2410 2051 2441; x_wconf 79' lang='lat' dir='ltr'>Et</span> <span class='ocrx_word' id='word_1_747' title='bbox 2073 2410 2149 2441; x_wconf 81' lang='lat' dir='ltr'>rosi-</span> 
     </span>
     <span class='ocr_line' id='line_1_108' title="bbox 1186 2453 2149 2496; baseline -0.007 -6"><span class='ocrx_word' id='word_1_748' title='bbox 1186 2460 1281 2490; x_wconf 74' lang='grc' dir='ltr'>(Ιιιιιυι</span> <span class='ocrx_word' id='word_1_749' title='bbox 1304 2469 1318 2489; x_wconf 78' lang='lat' dir='ltr'>e</span> <span class='ocrx_word' id='word_1_750' title='bbox 1349 2457 1464 2495; x_wconf 67' lang='lat' dir='ltr'>minlia,</span> <span class='ocrx_word' id='word_1_751' title='bbox 1494 2457 1596 2496; x_wconf 74' lang='lat' dir='ltr'>ipsius</span> <span class='ocrx_word' id='word_1_752' title='bbox 1620 2456 1749 2487; x_wconf 66' lang='lat' dir='ltr'>Aliaron</span> <span class='ocrx_word' id='word_1_753' title='bbox 1777 2455 1834 2485; x_wconf 77' lang='lat' dir='ltr'>crit</span> <span class='ocrx_word' id='word_1_754' title='bbox 1856 2456 1883 2484; x_wconf 73' lang='lat' dir='ltr'>et</span> <span class='ocrx_word' id='word_1_755' title='bbox 1908 2453 2045 2492; x_wconf 70' lang='lat' dir='ltr'>filioram</span> <span class='ocrx_word' id='word_1_756' title='bbox 2074 2453 2149 2491; x_wconf 80' lang='lat' dir='ltr'>cius,</span> 
     </span>
     <span class='ocr_line' id='line_1_109' title="bbox 1186 2495 2147 2536; baseline -0.007 -3"><span class='ocrx_word' id='word_1_757' title='bbox 1186 2504 1323 2533; x_wconf 69' lang='lat' dir='ltr'>sanctum</span> <span class='ocrx_word' id='word_1_758' title='bbox 1347 2502 1523 2531; x_wconf 68' lang='lat' dir='ltr'>sanctorum</span> <span class='ocrx_word' id='word_1_759' title='bbox 1546 2502 1588 2530; x_wconf 56' lang='lat' dir='ltr'>est</span> <span class='ocrx_word' id='word_1_760' title='bbox 1610 2510 1646 2530; x_wconf 70' lang='lat' dir='ltr'>er)</span> <span class='ocrx_word' id='word_1_761' title='bbox 1669 2497 1870 2529; x_wconf 72' lang='lat' dir='ltr'>oblationibus</span> <span class='ocrx_word' id='word_1_762' title='bbox 1893 2496 1999 2536; x_wconf 68' lang='lat' dir='ltr'>ignitis</span> <span class='ocrx_word' id='word_1_763' title='bbox 2013 2495 2147 2526; x_wconf 78' lang='lat' dir='ltr'>Ielzovae.</span> 
     </span>
     <span class='ocr_line' id='line_1_110' title="bbox 1187 2538 2150 2583; baseline -0.006 -8"><span class='ocrx_word' id='word_1_764' title='bbox 1187 2545 1215 2575; x_wconf 83' lang='lat'>4.</span> <span class='ocrx_word' id='word_1_765' title='bbox 1243 2546 1343 2583; x_wconf 70' lang='lat' dir='ltr'>Quum</span> <span class='ocrx_word' id='word_1_766' title='bbox 1377 2553 1441 2573; x_wconf 68' lang='lat' dir='ltr'>nero</span> <span class='ocrx_word' id='word_1_767' title='bbox 1471 2543 1612 2573; x_wconf 67' lang='lat' dir='ltr'>obtuleris</span> <span class='ocrx_word' id='word_1_768' title='bbox 1631 2541 1819 2578; x_wconf 52' lang='lat' dir='ltr'>‚oblationem</span> <span class='ocrx_word' id='word_1_769' title='bbox 1841 2539 1962 2576; x_wconf 72' lang='lat' dir='ltr'>miizlza,</span> <span class='ocrx_word' id='word_1_770' title='bbox 1994 2538 2150 2570; x_wconf 80' lang='lat' dir='ltr'>coctionem</span> 
     </span>
     <span class='ocr_line' id='line_1_111' title="bbox 1187 2580 2151 2625; baseline -0.005 -8"><span class='ocrx_word' id='word_1_771' title='bbox 1187 2587 1314 2622; x_wconf 70' lang='lat' dir='ltr'>clibani,</span> <span class='ocrx_word' id='word_1_772' title='bbox 1343 2586 1384 2616; x_wconf 72' lang='lat' dir='ltr'>sit</span> <span class='ocrx_word' id='word_1_773' title='bbox 1413 2596 1427 2615; x_wconf 73' lang='lat' dir='ltr'>e</span> <span class='ocrx_word' id='word_1_774' title='bbox 1456 2585 1559 2616; x_wconf 72' lang='lat' dir='ltr'>simila</span> <span class='ocrx_word' id='word_1_775' title='bbox 1583 2585 1742 2625; x_wconf 74' lang='lat' dir='ltr'>placentae</span> <span class='ocrx_word' id='word_1_776' title='bbox 1771 2582 2004 2622; x_wconf 70' lang='lat' dir='ltr'>infermentatae</span> <span class='ocrx_word' id='word_1_777' title='bbox 2036 2580 2151 2612; x_wconf 75' lang='lat' dir='ltr'>mixtae</span> 
     </span>
     <span class='ocr_line' id='line_1_112' title="bbox 1187 2622 2152 2668; baseline -0.007 -7"><span class='ocrx_word' id='word_1_778' title='bbox 1187 2630 1263 2666; x_wconf 78' lang='lat' dir='ltr'>oleo,</span> <span class='ocrx_word' id='word_1_779' title='bbox 1289 2632 1313 2660; x_wconf 80' lang='lat' dir='ltr'>el</span> <span class='ocrx_word' id='word_1_780' title='bbox 1343 2629 1457 2668; x_wconf 66' lang='lat' dir='ltr'>laqana</span> <span class='ocrx_word' id='word_1_781' title='bbox 1485 2638 1521 2659; x_wconf 65' lang='lat' dir='ltr'>cx</span> <span class='ocrx_word' id='word_1_782' title='bbox 1553 2625 1772 2667; x_wconf 75' lang='lat' dir='ltr'>infermentatis</span> <span class='ocrx_word' id='word_1_783' title='bbox 1805 2626 1904 2656; x_wconf 69' lang='lat' dir='ltr'>mixta</span> <span class='ocrx_word' id='word_1_784' title='bbox 1937 2624 2006 2656; x_wconf 85' lang='lat' dir='ltr'>oleo.</span> <span class='ocrx_word' id='word_1_785' title='bbox 2059 2622 2088 2654; x_wconf 81' lang='lat'>5.</span> <span class='ocrx_word' id='word_1_786' title='bbox 2115 2622 2152 2654; x_wconf 66' lang='lat' dir='ltr'>Si·</span> 
     </span>
    </p>
   </div>
  </div>
 </body>
</html>
