2304 3034
165 167 205 198 33

165 259 348 291 intermedii
377 259 530 298 temporis
562 258 657 288 finem
690 256 852 295 exprimit.
904 255 993 295 Ergo
1024 266 1120 295 quum

165 302 204 333 ad
238 302 466 341 octogesimum
504 300 617 331 aetatis
656 308 776 328 annum
817 302 988 337 provectus
1028 302 1121 335 esset,

165 345 323 384 ductaque
346 354 445 374 uxore
468 341 686 374 consenuisset
707 341 741 370 in
764 344 851 371 terra
874 339 1023 377 Madian,
1047 340 1120 370 filiis

165 387 264 418 Israel
285 385 492 417 intolerabilis
512 383 692 424 tyrannidis
710 382 844 413 saevitia
864 393 962 413 novos
982 383 1120 422 gemitus

165 435 197 461 ot
220 430 374 460 clamores
398 427 545 459 extorsit:
577 436 640 456 non
670 425 753 464 quod
784 429 861 455 tunc
887 425 1026 464 primum
1050 434 1119 455 coe-

165 472 270 512 perint
293 471 397 502 dolere
416 474 447 501 et
468 468 649 500 lamentari:
675 467 729 498 sed
748 467 823 506 quia
843 468 945 507 magis
964 477 1119 507 experge-

165 515 241 546 facti
264 514 410 549 fuerunt,
434 516 464 542 et
486 510 680 542 diuturnitas
703 509 825 540 addidit
848 509 995 540 stimulos
1019 510 1118 540 acrio-

165 567 225 588 res.
271 556 396 587 Scimus
426 554 515 584 dulce
544 552 746 583 miseriarum
776 552 1019 583 condimentum
1049 562 1119 583 csse

166 609 253 639 spem
282 597 421 628 laetioris
451 596 564 626 exitus.
610 595 658 625 Ea
688 593 921 634 quodammodo
952 594 1117 625 tristitiam

164 640 322 672 mulcebat
345 639 452 669 afflicti
476 638 600 677 populi,
629 637 654 667 si
685 643 824 677 tyranno
853 642 979 667 mortuo
1010 647 1118 668 succe-

166 684 254 714 deret
275 681 429 722 quispiam
460 680 636 711 humanior.
682 679 744 710 Ubi
776 689 850 710 vero
873 679 958 719 regis
981 679 1117 710 mutatio

165 725 252 756 nulla
286 735 324 755 ex
358 728 446 763 parte
477 722 713 762 oppressionem
747 721 880 756 levavit,
915 726 1029 752 auctus
1069 727 1118 752 est

164 777 301 805 moeror,
335 767 387 805 qui
421 765 459 796 ad
493 764 696 796 clamandum
737 775 789 795 eos
824 764 916 795 solito
951 764 1117 795 ardentius

165 811 274 850 coegit.
319 808 373 840 Sic
396 808 493 848 igitur
516 807 611 838 verba
634 807 734 837 Mosis
758 807 966 846 interpretor,
990 812 1117 837 mortuo

165 858 301 890 tyranno
319 850 420 881 nihilo
438 849 627 881 clementius
648 849 697 879 vel
716 850 826 880 mitius
844 849 944 880 fuisse
965 854 1117 880 tractatos

164 886 246 926 filios
267 893 376 931 Israel,
398 892 529 932 ideoque
551 891 775 922 vehementius
798 892 961 922 clamasse.
1007 892 1117 930 Quan-

163 947 256 977 quam
290 935 366 966 mihi
400 934 573 965 verisimile
606 940 667 964 est:
700 935 902 965 Pharaonem
937 934 1028 965 illum
1063 935 1117 974 qui

162 980 283 1020 primus
313 978 421 1018 gravia
450 987 547 1007 onera
578 987 649 1007 cum
681 977 810 1008 tributis
838 977 1049 1017 imposuerat,
1081 988 1117 1008 ac

162 1021 250 1052 caedi
273 1021 488 1051 destinaverat
511 1019 667 1056 infantes,
697 1030 759 1050 uon
788 1030 824 1050 eo
854 1030 954 1059 usque
983 1020 1115 1050 vixisse:

162 1064 236 1104 quia
259 1068 437 1102 superasset
460 1062 527 1093 eius
550 1072 685 1102 regnum
709 1072 810 1093 annos
832 1062 1010 1102 octoginta,
1033 1062 1116 1102 quod

162 1106 303 1137 accidere
332 1115 392 1136 non
423 1105 509 1135 solet.
563 1104 745 1143 Antequam
781 1110 967 1136 nasceretur
998 1105 1115 1142 Moses,

160 1150 223 1179 iam
246 1148 390 1188 pluribus
415 1148 507 1177 aunis
528 1148 642 1177 misere
667 1148 774 1178 vexati
798 1147 927 1178 fuerant
938 1147 1114 1178 Israelitae.

157 1190 268 1230 Neque
291 1191 375 1221 enim
399 1190 500 1229 primo
523 1189 574 1219 die
598 1189 636 1219 ad
668 1195 789 1220 tantam
819 1190 1018 1220 atrocitatem
1042 1200 1113 1230 pro-

158 1233 233 1265 siliit
256 1238 291 1263 ut
312 1233 438 1263 iuberet
458 1232 614 1263 masculos
638 1242 748 1263 omues
772 1233 923 1263 interfici:
949 1232 1003 1263 sed
1027 1237 1114 1272 post-

158 1286 252 1316 quam
284 1281 432 1315 expertus
463 1280 532 1305 erat
561 1285 593 1305 se
623 1275 702 1305 nihil
734 1275 888 1314 proficere
919 1275 990 1305 aliis
1014 1276 1113 1314 impe-

158 1318 249 1349 riosis
272 1318 383 1349 edictis
402 1318 459 1348 hoc
478 1323 658 1347 extremum
679 1323 868 1348 tentaverat.
905 1318 982 1348 Post
1001 1323 1112 1348 natum

158 1361 279 1398 Mosen,
303 1371 401 1400 usque
420 1359 459 1390 ad
478 1365 603 1399 tempus
622 1360 704 1400 quod
725 1360 775 1391 bic
799 1359 997 1395 describitur,
1022 1370 1113 1400 prae-

158 1408 284 1434 tereunt
324 1403 400 1433 anni
439 1403 565 1434 circiter
602 1403 774 1442 octoginta.
830 1402 924 1434 Unde
959 1403 1114 1434 eoniicere

158 1446 247 1483 licet,
279 1450 450 1485 antequam
491 1445 626 1476 instaret
666 1445 810 1476 liberatio
843 1446 941 1475 fuisse
973 1445 1113 1475 medium

159 1489 296 1528 aliquem
320 1498 542 1525 successorem,
566 1488 616 1518 vel
640 1489 759 1528 plures.
804 1487 842 1518 In
867 1488 922 1518 illa
945 1488 1113 1528 multiplici

158 1541 266 1563 rerum
290 1531 511 1568 conversione,
539 1541 635 1569 quum
659 1530 769 1561 eadem
795 1536 877 1561 essct
901 1531 951 1561 vel
976 1531 1115 1561 deterior

159 1573 266 1615 populi
289 1573 443 1610 conditio,
472 1572 632 1604 insolitam
664 1573 926 1604 lamentationem
956 1574 1116 1613 expressit

160 1617 273 1648 ultima
300 1616 483 1646 necessitas:
518 1619 613 1654 atque
645 1617 740 1647 etiam
775 1616 954 1655 desperatio
987 1626 1040 1647 eos
1074 1616 1113 1646 ad

159 1669 268 1699 preces
279 1658 446 1698 compulit:
458 1668 521 1689 non
534 1659 615 1697 quod
629 1664 703 1689 ante
717 1659 805 1689 nulla
816 1660 945 1698 penitus
958 1663 1042 1689 esset
1055 1659 1114 1689 Dei

159 1701 326 1732 invocandi
345 1711 432 1739 eura,
452 1700 505 1732 scd
528 1702 601 1740 quia
624 1702 719 1732 nimis
743 1701 805 1731 huc
828 1706 860 1732 et
882 1701 956 1733 illuc
979 1702 1115 1733 circum-

159 1744 354 1784 spectabant,
375 1743 481 1780 donec,
500 1745 652 1783 praecisis
672 1744 821 1775 omnibus
834 1744 972 1775 terrenis
991 1744 1114 1782 mediis,

159 1787 191 1817 in
216 1786 317 1817 coelos
341 1786 495 1816 violenter
518 1785 556 1816 ad
587 1786 809 1826 quaerendum
841 1787 924 1817 serio
954 1787 1113 1818 auxilium

158 1830 250 1860 tracti
280 1833 361 1859 sunt.
406 1828 478 1867 Quo
509 1830 654 1869 exemplo
686 1829 850 1865 docemur,
880 1831 1028 1869 quamvis
1058 1840 1114 1860 nos

157 1871 312 1902 malorum
344 1871 486 1911 gravitas
517 1872 649 1903 tristitia
679 1878 710 1902 et
740 1872 827 1902 luctu
855 1873 1019 1910 conficiat,
1051 1883 1114 1903 non

158 1918 263 1945 tamen
295 1914 438 1953 protinus
465 1913 503 1944 ad
532 1914 639 1946 Deum
670 1919 745 1945 vota
775 1919 886 1946 nostra
916 1915 1028 1955 dirigi,
1059 1915 1114 1946 sed

156 1962 299 1987 nostram
328 1956 495 1996 segnitiem
527 1958 671 1998 pluribus
699 1958 839 1988 stimulis
872 1968 951 1997 opus
985 1958 1112 1989 habere.

156 1998 317 2030 Admonet
347 1999 444 2029 etiam
467 1999 589 2037 Moses,
620 2000 700 2031 nihil
730 2010 799 2031 esse
827 2000 944 2030 mirum
975 2001 1000 2030 si
1024 2001 1114 2032 Deus

157 2042 195 2072 ad
229 2040 449 2081 opitulandum
483 2053 545 2073 non
576 2043 670 2074 citius
700 2043 889 2080 accurrerit,
922 2043 1050 2082 quando
1080 2043 1111 2074 in

157 2084 222 2115 suis
261 2084 353 2114 malis
391 2084 558 2124 torpebant
602 2086 658 2116 filii
699 2085 810 2116 Israel.
873 2086 1014 2116 Proinde
1054 2086 1113 2117 hoe

157 2126 302 2166 exemplo
324 2126 498 2164 discamus,
528 2133 562 2158 ut
586 2129 673 2159 Deus
696 2129 832 2168 gratiam
856 2139 947 2159 suam
972 2129 1113 2168 proferre

157 2173 313 2206 maturet,
336 2170 441 2200 statim
466 2170 505 2200 ad
529 2182 600 2201 eum
624 2172 806 2211 confugere.

242 2211 443 2250 Ascendttque
475 2213 595 2244 clamor.
640 2213 854 2244 Commendat
877 2213 938 2244 Dei
972 2214 1111 2245 clemen-

160 2253 236 2283 tiam
249 2254 355 2284 Moses
374 2254 432 2285 liae
451 2256 702 2293 circumstantia,
716 2256 798 2296 quod
818 2257 981 2296 pigritiam
1001 2268 1112 2287 eorum

160 2305 221 2325 non
241 2295 326 2326 ultus
345 2297 447 2334 fuerit,
465 2304 500 2329 ut
519 2298 615 2339 digna
633 2304 710 2335 erat,
730 2298 784 2329 sed
806 2299 899 2330 lentis
918 2300 1112 2330 clamoribus

160 2348 192 2368 se
204 2338 383 2377 praebuerit
400 2341 602 2372 exorabilem.
638 2342 684 2372 Ac
703 2342 834 2372 omnino
854 2342 885 2372 in
906 2342 964 2373 hac
976 2342 1113 2373 historia

160 2381 365 2419 contemplari
394 2382 467 2413 licet
493 2383 573 2422 quod
598 2384 727 2414 Psalmo
759 2385 817 2415 107
849 2384 981 2425 legitur,
1010 2385 1111 2425 stupi-

161 2421 308 2452 dissimos
330 2424 423 2454 etiam
448 2436 585 2465 quosque
604 2427 635 2456 in
660 2427 755 2457 rebus
779 2427 933 2458 extremis
958 2433 1029 2457 vota
1054 2438 1111 2459 sua

161 2464 288 2495 demum
308 2465 345 2495 ad
359 2466 461 2497 Deum
485 2475 680 2506 convertere,
704 2470 881 2509 etquidem
909 2471 1112 2501 vehementia

161 2506 277 2537 doloris
311 2509 411 2547 magis
445 2520 536 2549 quam
577 2511 636 2542 rite
670 2514 844 2552 composito
877 2513 949 2543 fidei
984 2513 1108 2544 affeetu.

162 2549 249 2579 Dicit
267 2560 284 2579 a
303 2551 463 2589 servitute,
485 2554 557 2592 quia
579 2555 742 2593 proprium
770 2556 829 2585 Dei
853 2561 901 2585 cst
923 2565 1110 2587 succurrere

160 2592 326 2631 oppressis
349 2593 481 2625 liberare
500 2596 630 2633 vinctos,
649 2603 681 2627 et
700 2597 832 2628 miseros
851 2598 990 2638 erigere:
1014 2603 1108 2638 atque

229 2640 335 2666 Cam-im
351 2650 440 2675 opera.
483 2646 536 2670 Vol.
553 2646 664 2672 XXIV.

746 162 1110 194 COMMENTARIUS
1134 163 1181 193 IN
1205 163 1352 195 EXODI
1377 164 1472 195 CAP.
1498 165 1558 197 .

1135 2513 1314 2549 zcalorem,
1349 2513 1465 2552 frigus,
1500 2512 1653 2545 inediam,

1135 2549 1269 2586 (111111111
1305 2556 1475 2595 pecudum,
1510 2558 1540 2584 et
1573 2554 1635 2583 alia
1668 2553 1879 2587 incommoda.
1914 2554 1979 2583 fere
2021 2554 2120 2584 nullis

2099 171 2142 201 34

1175 256 1232 287 has
1256 257 1316 287 sibi
1339 262 1446 297 partes
1470 259 1586 298 ubique
1606 260 1756 291 vindicat.
1792 260 1885 299 Quod
1905 261 2001 297 addit,
2027 261 2135 294 Deum

1173 299 1374 330 recordatum
1404 311 1472 331 esse
1501 301 1653 341 foederis,
1688 313 1803 334 causae
1834 303 1970 334 redditio
2000 309 2049 334 est
2076 315 2136 336 cur

1172 351 1280 372 eorum
1311 343 1450 383 gemitus
1480 344 1626 381 audierit,
1658 355 1772 384 nempe
1802 350 1838 376 ut
1861 347 2035 386 gratuitam
2065 357 2136 385 pro-

1171 384 1355 415 missionem
1375 387 1512 416 sanciret
1531 386 1638 417 datam
1652 387 1802 418 Abrahae
1822 392 1853 418 et
1871 389 2017 428 posteris.
2054 390 2134 420 Tres

1171 427 1256 456 enim
1279 428 1476 466 patriarchas
1496 428 1613 460 diserte
1632 435 1786 467 recenset,
1812 432 1885 471 quia
1908 431 2019 462 foedus
2038 442 2134 462 suum

1171 468 1260 499 Deus
1291 469 1374 509 apud
1405 481 1458 500 eos
1487 471 1651 511 deposuit,
1681 472 1735 503 sed
1765 473 1848 512 quod
1880 484 1936 513 per
1964 475 2135 506 continuas

1170 516 1289 542 aetates
1313 512 1444 551 vigeret.
1490 514 1534 544 Et
1556 525 1634 545 sane
1657 519 1693 545 ut
1716 515 1806 545 Deus
1828 526 1917 546 mera-
1936 527 1996 547 sua
2019 517 2137 547 libera-

1171 553 1261 584 litate
1291 554 1329 584 ad
1360 565 1416 585 nos
1448 556 1603 588 iuvandos
1632 567 1810 597 propensus
1840 563 1890 588 est
1916 559 1962 589 ita
1984 570 2017 590 se
2040 560 2135 590 offert

1170 606 1291 635 nosque
1314 597 1399 627 ultro
1422 598 1553 629 invitat:
1579 599 1710 639 ideoque
1733 610 1797 630 non
1821 599 1950 631 aliunde
1973 611 2070 641 quam
2094 602 2134 633 ab

1170 639 1238 668 eius
1274 640 1539 678 promissionibus
1573 642 1708 680 petenda
1739 648 1789 673 est
1817 643 1970 673 exorandi
2005 644 2133 676 fiducia.

1170 680 1225 711 Sic
1255 681 1368 720 copula
1398 682 1430 712 in
1462 684 1651 722 particulam
1686 684 1845 716 illativam
1876 686 1993 716 resolvi
2029 686 2132 725 debet,

1170 723 1253 762 quod
1279 724 1457 755 exaudierit
1481 726 1568 756 Deus
1590 727 1742 766 gemit-us,
1773 728 1845 767 quia
1876 728 2060 760 recordatus
2083 734 2133 760 est

1169 765 1318 797 foederis.
1364 767 1557 798 Recordatio
1584 774 1743 808 quatenus
1774 775 1934 809 competat
1958 771 1989 801 in
2016 771 2130 808 Deum,

1169 818 1187 838 a
1210 809 1371 839 contrario
1397 810 1581 841 discendum
1607 816 1663 842 est.
1708 811 1863 843 Oblivisci
1893 812 2010 844 dicitur
2034 814 2132 852 Deus,

1169 850 1223 881 ubi
1254 862 1286 881 re
1309 852 1379 891 ipsa
1409 857 1439 882 et
1469 853 1573 892 palam
1603 854 1642 884 ad
1666 854 1887 885 auxiliandum
1911 866 1973 886 non
1999 861 2133 896 apparet

1170 904 1227 923 nce
1267 904 1397 924 manum
1439 896 1571 926 exserit:
1613 907 1688 935 ergo
1720 897 1895 928 Recordari
1928 902 2132 938 praesentem

1169 936 1283 966 auxilii
1319 947 1449 967 sensum
1484 943 1590 968 notat:
1632 949 1667 970 ae
1706 939 1838 978 proinde
1879 944 2052 980 utrumque
2091 941 2132 972 ad

1168 979 1317 1009 effectum
1354 979 1501 1010 refertur.
1552 980 1672 1011 Eodem
1704 982 1843 1020 pertinet
1877 984 2048 1022 respicere,
2079 984 2131 1015 cui

1168 1022 1339 1061 opponitur
1373 1022 1513 1062 'Pergum
1548 1024 1731 1054 obvertere:
1771 1025 1845 1063 quia
1886 1030 1962 1056 tunc
1997 1026 2128 1057 demum

1167 1064 1325 1094 sentimus
1349 1075 1406 1095 nos
1430 1065 1543 1104 respici
1569 1066 1622 1096 ubi
1647 1067 1814 1097 actualiter
1843 1067 1933 1098 nobis
1959 1070 2127 1100 succurrit.

1533 1235 1680 1267 CAPUT
1704 1236 1765 1267 III.

1254 1319 1280 1349 1.
1484 1322 1584 1351 autem
1608 1320 1710 1352 BIoses
1738 1331 1805 1353 oves
1828 1321 1930 1353 Ictkro
1956 1323 2051 1354 soceri
2073 1324 2126 1354 sua*

1166 1362 1332 1392 sacerdotis
1356 1361 1506 1400 ,
1538 1363 1697 1402 (luxitque,
1727 1374 1794 1394 oves
1817 1367 1887 1404 post
1909 1365 2074 1403 desertum,
2098 1369 2126 1397 et

1167 1404 1246 1434 venit
1268 1404 1309 1434 ad
1332 1407 1461 1435 montem
1480 1404 1549 1441 Dei,
1574 1416 1688 1445 nempe
1707 1406 1818 1437 Horeb.
1855 1407 1883 1437 2.
1908 1407 1951 1438 Et
1972 1408 2060 1438 visus
2082 1410 2126 1439 est

1167 1447 1194 1476 ei
1217 1447 1342 1486 anslelus
1366 1447 1492 1478 Iehovae
1514 1449 1547 1478 in
1572 1448 1698 1485 flamma
1728 1449 1809 1488 tynis
1831 1460 1845 1479 e
1866 1450 1964 1481 medio
1991 1451 2077 1481 rubi:
2100 1453 2127 1481 et

1166 1490 1251 1527 vidit,
1275 1491 1302 1519 et
1324 1499 1385 1520 ecce
1406 1490 1502 1520 rubus
1525 1490 1648 1521 ardebat
1665 1491 1697 1521 in
1720 1492 1796 1530 ique,
1819 1495 1845 1522 et
1864 1492 1961 1522 rubus
1978 1493 2044 1531 ipse
2066 1503 2126 1524 non

1166 1531 1406 1563 consmnebatur.
1441 1534 1468 1563 3.
1493 1533 1586 1563 Dixit
1606 1534 1705 1573 itaque
1723 1533 1841 1565 Moses.-
1865 1534 2026 1566 Dz'vertam
2044 1545 2126 1567 nunc

1166 1577 1200 1605 ut
1221 1575 1343 1605 videam
1366 1575 1514 1606 visionem
1536 1575 1613 1606 hanc
1635 1586 1786 1616 maynam,
1810 1587 1906 1615 quare
1928 1587 1985 1608 ozon
2009 1579 2126 1609 combu-

1167 1620 1258 1648 ratur
1286 1617 1391 1648 rubus.
1436 1617 1465 1648 4.
1496 1617 1537 1648 Et
1559 1618 1636 1649 vidit
1658 1619 1769 1649 Ielzova
1798 1620 1876 1658 quod
1903 1620 2061 1651 diverteret
2084 1621 2127 1652 ad

1166 1660 1348 1691 videndam.
1370 1661 1549 1698 vocavitqne,
1573 1671 1640 1691 cuna
1654 1661 1741 1692 Deus
1759 1671 1772 1692 e
1790 1662 1888 1692 medio
1910 1662 1990 1697 rubi,
2012 1662 2125 1701 dicens,

1168 1702 1285 1739 Moses,
1316 1702 1428 1733 Moses.
1480 1703 1521 1733 Et
1554 1704 1723 1742 respondit:
1755 1703 1832 1734 Ecce
1865 1714 1924 1744 eqo.
1975 1705 2003 1735 5.
2038 1705 2125 1737 Tunc

1166 1745 1262 1775 (lixit.-
1298 1745 1346 1776 Ne
1379 1746 1607 1785 appropinques
1645 1746 1718 1777 huc:
1758 1747 1836 1777 solve
1875 1746 2075 1778 calceamenta
2107 1758 2124 1779 e

1160 1788 1293 1826 pedibus
1314 1789 1391 1818 tuis:
1413 1789 1487 1827 quia
1510 1788 1590 1819 Iocus
1612 1789 1642 1818 in
1667 1799 1725 1827 quo
1747 1791 1812 1819 stas
1834 1791 1916 1820 terra
1940 1792 2047 1820 saneta
2069 1793 2122 1821 cst.

1253 1874 1278 1903 1.
1302 1872 1447 1904 Pascebat
1464 1875 1563 1903 autem
1576 1873 1685 1904 illesos.
1722 1873 1785 1904 Diu
1806 1874 1970 1913 pastoritio
1989 1884 2124 1906 munere

1166 1915 1314 1946 functum
1339 1926 1407 1946 esse
1437 1920 1607 1955 antequam
1637 1916 1741 1945 oblata
1768 1917 1864 1946 fuerit
1894 1916 1973 1946 visio
1995 1915 2124 1957 (nempe

1166 1958 1206 1988 ad
1229 1968 1330 1989 annos
1354 1958 1481 1988 circiter
1504 1958 1727 1999 quadraginta)
1751 1966 1824 1988 ante
1848 1958 1996 1989 diximus.
2034 1960 2123 1999 Ergo

1166 2000 1316 2031 laudatur
1338 2001 1439 2032 sancti
1463 2001 1522 2032 viri
1546 2001 1715 2031 tolerantia
1734 2002 1766 2031 in
1787 2001 1844 2032 hoc
1863 2001 2017 2031 contiuuo
2037 2007 2122 2033 actu.

1165 2043 1238 2074 Non
1269 2044 1351 2083 quod
1382 2044 1463 2074 Mosi
1494 2043 1687 2083 propositum
1720 2044 1829 2079 fuerit,
1862 2044 2017 2074 iactanter
2039 2044 2123 2075 cele-

1165 2086 1258 2117 brare
1281 2097 1355 2117 suas
1378 2087 1524 2121 virtutes,
1548 2086 1602 2117 scd
1626 2086 1706 2125 quod
1730 2086 1819 2116 nobis
1839 2086 1915 2116 utile
1935 2091 2004 2116 crat
2022 2086 2123 2117 dicta

1165 2128 1211 2159 vit
1234 2129 1376 2168 spiritus,
1399 2134 1430 2159 et
1453 2129 1542 2168 quasi
1565 2129 1597 2158 in
1621 2138 1655 2159 os
1678 2129 1763 2159 illius
1786 2129 1957 2168 suggessit,
1981 2133 2017 2158 ut
2039 2139 2122 2168 quae

1163 2171 1264 2211 gessit
1286 2176 1318 2202 ct
1340 2182 1453 2211 passus
1476 2176 1532 2208 est,
1556 2171 1702 2210 exemplo
1721 2177 1827 2201 essent
1846 2172 1878 2200 in
1898 2181 2009 2201 omnes
2033 2176 2121 2202 aeta-

1163 2220 1220 2245 tes.
1260 2214 1337 2244 Fuit
1359 2215 1443 2244 enim
1467 2225 1538 2245 cum
1561 2214 1662 2243 taedio
1685 2214 1773 2253 longi
1797 2214 1946 2252 temporis
1970 2223 2120 2253 asperum

1164 2263 1336 2293 certamen,
1350 2267 1447 2297 quum
1461 2257 1595 2287 instaret
1614 2261 1768 2293 senectus,
1782 2266 1862 2295 quae
1880 2255 1985 2286 reddit
2003 2266 2120 2295 corpus

1163 2300 1370 2330 emarcidum.
1412 2300 1511 2330 Pauci
1535 2299 1617 2329 euim
1642 2299 1696 2328 illo
1719 2309 1840 2338 quoque
1864 2298 1989 2328 saeculo
2013 2299 2120 2339 vegeti

1162 2343 1294 2373 fuerunt
1338 2346 1408 2382 post
1452 2352 1571 2372 annum
1617 2342 1702 2371 vitae
1745 2341 1984 2380 octogesimum.
2047 2340 2119 2372 Iam

1163 2390 1327 2424 utcunque
1358 2384 1492 2424 frugalis
1522 2389 1604 2414 esset
1635 2385 1750 2419 victus,
1781 2394 1843 2413 non
1873 2383 1978 2422 potuit
2007 2388 2117 2414 tamen

1163 2428 1212 2459 vel
1226 2427 1483 2458 robustissimum
1504 2437 1618 2466 corpus
1638 2427 1806 2465 temperies
1819 2425 1987 2456 defendere
2006 2431 2118 2456 eontra

1162 2475 1210 2501 tot
1244 2480 1357 2501 noxas:
1392 2470 1466 2509 quia
1494 2474 1525 2499 et
1555 2469 1613 2499 sul)
1644 2468 1694 2498 dio
1723 2468 1884 2504 victitare,
1915 2472 1947 2498 et
1976 2469 2118 2507 perferre

1694 2511 1861 2541 continuas
1901 2510 2116 2550 fatigationes,

1400 2599 1447 2629 Ac
1470 2596 1559 2627 Deus
1585 2596 1710 2635 quidem
1743 2596 1931 2626 mirabiliter
1961 2596 2119 2627 sustinuit

1901 2646 1916 2671 3

1161 2598 1272 2629 datum
1296 2602 1352 2629 cst.
