2304 3034
158 172 218 202 113

156 264 310 304 assignat,
335 264 408 304 qnia
431 264 456 295 si
480 274 544 294 uno
567 263 627 293 levi
651 261 772 302 praelio
791 259 958 290 cecidisset
978 258 1113 295 Pharao,

155 307 263 338 minus
284 306 418 337 celebris
441 306 553 336 fuisset
585 304 733 335 victoriae
756 303 868 342 gloria.
913 301 953 331 In
977 310 1113 335 summa,

158 361 199 380 ne
222 349 281 380 sibi
299 348 471 379 blanditias
490 348 592 383 faciat,
611 346 661 377 vel
684 345 774 376 inani
793 344 909 375 fiducia
928 353 961 374 se
980 343 1115 374 obduret

155 391 296 426 Pharao,
321 396 416 431 negat
439 390 528 421 Deus
551 388 609 420 sibi
633 388 671 418 ad
696 398 768 419 eum
792 386 955 426 extemplo
978 385 1114 425 perden-

155 434 230 465 dum
256 434 339 465 vires
364 433 517 468 defuisse,
552 431 604 462 sed
635 431 674 461 ob
697 430 795 461 alium
824 430 920 459 finem
952 428 1114 458 distulisse

155 477 286 508 ultimas
308 486 440 516 poenas:
476 484 535 514 quo
563 473 683 504 seilicet
704 473 791 502 lente
815 471 951 502 disceret
975 471 1113 507 Pharao,

155 519 276 550 frustra
294 529 327 549 se
345 517 460 548 luctari
478 526 548 547 cum
568 514 810 554 incomparabili
835 513 992 553 potentia:
1017 519 1113 552 atque

155 562 200 592 ita
245 560 390 592 omnibus
434 559 566 590 saeculis
607 557 826 588 celebraretur
870 562 935 586 tam
974 555 1113 595 insignis

155 604 299 634 historia.
344 602 415 633 Etsi
445 606 550 632 autem
575 600 695 631 Paulus
726 609 877 639 graecum
902 599 1111 637 interpretem

155 646 316 686 sequitur,
347 644 426 674 nihil
457 648 562 673 tamen
586 642 692 673 obstat
716 642 887 682 quominus
910 641 1045 671 liberum
1071 641 1112 671 sit

154 693 349 729 postremum
380 687 464 717 hunc
493 695 620 716 sensum
657 684 815 724 amplecti.
868 683 997 714 Scimus
1024 683 1110 713 enim

156 730 314 771 apostolos
337 739 399 759 non
423 728 520 758 fuisse
543 727 575 757 in
599 727 706 757 verbis
740 726 915 757 recitandis
939 725 1110 756 admodum

156 773 277 810 anxios,
300 771 354 802 sed
377 781 443 801 rem
467 770 572 810 potius
595 776 763 810 spectasse.
799 769 868 799 Iam
894 775 930 799 ut
953 769 1112 799 fateamur

155 816 216 846 Dei
257 813 410 855 patientia
449 823 588 851 eousque
629 811 762 842 durasse
798 811 999 842 Pharaonem
1035 811 1110 841 dum

154 858 300 888 omnibus
324 856 443 887 clarum
467 861 496 885 et
521 854 625 885 nobile
649 854 877 885 documentum
909 855 990 884 foret
1015 864 1111 893 quam

153 900 264 931 vesani
287 899 351 930 sint
372 903 465 937 atque
484 902 627 927 amentes
651 898 831 936 quicunque
846 896 915 927 Deo
939 896 1110 927 resistunt:
1136 912 1138 922 รท

154 943 213 974 1100
237 942 331 972 etiam
356 940 394 971 ad
418 946 581 970 aeternam
608 939 669 969 Dei
694 939 932 979 providentiam
959 940 1110 979 pertinet.

152 984 228 1016 Ideo
257 985 340 1015 enim
372 983 511 1022 pepercit
542 982 703 1012 Pharaoni
729 982 819 1013 Deus
849 989 883 1012 nt
913 982 951 1012 ad
985 986 1111 1020 tempus

152 1032 263 1058 staret:
300 1026 374 1066 quia
407 1031 578 1064 antequam
614 1031 816 1058 nasceretur,
852 1025 882 1054 in
908 1024 994 1055 hunc
1018 1034 1110 1055 usum

150 1069 406 1110 praedestinatus
438 1068 550 1098 fuerat.
607 1067 701 1098 Unde
737 1067 834 1097 etiam
870 1073 955 1098 reete
989 1067 1111 1097 Paulus

151 1111 257 1153 (Rom.
281 1111 308 1147 9,
334 1109 385 1151 16)
408 1110 537 1150 colligit,
561 1120 626 1140 non
651 1120 720 1141 esse
744 1110 890 1147 volentis,
915 1120 1019 1149 neque
1042 1120 1112 1140 eur-

149 1155 257 1185 rentis.
303 1153 381 1183 Sive
404 1153 487 1183 enim
513 1153 617 1193 erigat
644 1153 745 1189 Deus,
778 1153 846 1183 sive
877 1156 1039 1183 sustentet
1062 1162 1109 1182 re-

149 1197 278 1237 probos,
313 1195 501 1226 mirabiliter
531 1196 561 1225 in
597 1195 724 1225 illorum
760 1195 941 1235 pervicacia
975 1195 1111 1234 gloriam

149 1249 236 1270 suam
262 1238 410 1268 illustrat.
457 1237 529 1276 Quo
554 1238 711 1268 refellitur
741 1249 850 1268 eorum
883 1238 1025 1272 inscitia,
1056 1238 1109 1277 qui

149 1282 207 1312 hoc
231 1281 342 1312 cavillo
361 1287 523 1311 aeternam
538 1281 598 1311 Dei
618 1280 943 1320 praedestinationem
963 1286 1109 1311 evertere

148 1328 318 1355 conantur:
343 1324 416 1363 quia
439 1334 503 1353 non
528 1323 653 1354 dicatur
674 1323 877 1354 Pharaonem
902 1333 1026 1354 creasse
1050 1323 1109 1353 hoc

147 1366 288 1403 consilio,
312 1366 367 1397 sed
391 1365 429 1396 ad
454 1371 580 1406 tempus
604 1366 808 1405 suspendisse
832 1376 927 1396 suum
946 1366 1108 1397 iudicium.

147 1409 231 1440 Nam
255 1409 332 1440 haec
351 1408 455 1439 media
478 1408 593 1448 agendi
617 1410 699 1439 ratio
719 1413 749 1438 et
773 1408 927 1439 continua
950 1409 1049 1439 series
1070 1409 1108 1439 ab

147 1452 240 1482 initio
262 1451 316 1483 illo
338 1451 492 1489 manavit,
515 1451 598 1491 quod
622 1451 753 1482 Pharao
777 1452 843 1482 irae
864 1451 926 1481 Dei
950 1461 1107 1492 organum

147 1498 223 1526 erat.

234 1537 281 1568 17.
314 1536 361 1567 Tu
390 1536 488 1567 adhuc
516 1538 541 1567 te
569 1536 694 1567 artelli-9.
740 1536 886 1567 Verbum
916 1546 977 1575 quo
1004 1536 1108 1567 utitur

146 1579 263 1617 Moses,
286 1579 401 1609 fastum
421 1578 567 1609 denotat:
593 1579 675 1618 quod
696 1579 845 1618 populum
866 1578 1018 1610 calcando
1038 1589 1108 1609 sese

146 1622 242 1652 nimis
281 1621 455 1652 insolenter
494 1622 631 1652 efferret.
689 1622 779 1652 Deus
813 1632 890 1662 crgo
925 1622 1015 1661 quasi
1051 1632 1108 1661 per

146 1664 388 1695 admirationem
412 1664 589 1704 interrogat
619 1664 696 1704 quid
721 1665 779 1695 sibi
804 1665 881 1695 velit
904 1669 970 1695 tam
994 1674 1107 1695 caecus

146 1707 250 1743 furor,
279 1706 361 1746 quod
391 1711 498 1746 speret
527 1713 686 1747 tyrannus
716 1707 848 1747 impune
878 1707 937 1738 sibi
961 1717 1107 1737 cessuras

145 1760 213 1780 esse
227 1749 434 1780 contumelias
446 1750 560 1789 quibus
576 1750 710 1790 indigne
729 1750 884 1790 populum
901 1751 960 1780 Dei
982 1750 1106 1789 affligit.

143 1792 212 1822 Iam
237 1794 321 1822 enim
346 1792 454 1822 multis
477 1792 577 1833 signis
601 1791 731 1823 edoctus
755 1794 873 1830 fuerat,
897 1803 1024 1823 causam
1051 1803 1104 1832 po-

144 1834 211 1874 puli
235 1836 283 1865 sui
300 1836 402 1865 Deum
422 1835 588 1874 patrocinii
609 1837 676 1865 iure
697 1836 882 1875 suscepisse,
907 1840 944 1866 ut
962 1836 1105 1866 omnium

144 1877 333 1907 iniuriarum
374 1877 493 1908 vindex
528 1884 621 1908 esset.
679 1878 809 1908 Interea
843 1883 950 1908 autem
984 1878 1105 1908 ironice

143 1920 332 1960 perstringit
350 1920 478 1960 tyranni
499 1920 680 1958 stultitiam,
704 1921 756 1959 qui
778 1926 821 1951 tot
842 1921 1105 1960 castigationibus

143 1963 286 1993 nondum
318 1962 503 1993 humiliatus
537 1963 656 1993 fuerat:
691 1974 727 1993 ae
756 1964 782 1993 si
814 1964 932 1994 diceret
957 1964 1104 2003 quamvis

142 2005 236 2036 rebus
249 2005 409 2044 prosperis
423 2005 530 2036 ebrius
549 2007 719 2046 tyrannica
732 2012 762 2036 et
775 2007 960 2046 importuna
975 2007 1104 2037 licentia

144 2048 312 2078 saeviisset
343 2048 374 2077 in
408 2049 557 2079 miseros.
595 2053 700 2078 tanen
737 2050 875 2088 acceptis
910 2054 955 2079 tot
990 2049 1104 2089 plagis,

143 2090 286 2121 cessandi
309 2091 421 2121 saltem
446 2091 542 2121 fuisse
566 2096 701 2131 tempus.

229 2133 276 2164 18.
307 2132 384 2164 Ecce
413 2143 463 2173 esso
487 2133 607 2172 pluam.
654 2134 749 2164 Nunc
774 2134 862 2164 Dens
891 2144 1028 2174 poenae,
1063 2134 1102 2165 ad

144 2184 236 2213 quam
261 2175 463 2215 irrogandam
489 2182 558 2206 erat
581 2176 751 2213 accinctus,
774 2177 911 2216 speciem
936 2177 1101 2217 designat:

144 2227 257 2256 nempe
280 2218 361 2257 quod
385 2219 541 2257 percutiet
564 2219 721 2259 grandine
745 2225 807 2249 tarn
834 2219 980 2250 homines
1004 2230 1100 2259 quam

145 2259 285 2289 iumenta
307 2266 336 2289 et
356 2266 477 2299 partem
502 2262 641 2301 frugum.
671 2262 839 2301 Contingit
859 2263 986 2302 quidem
1007 2273 1100 2302 saepe

146 2301 300 2340 grandine
324 2303 483 2343 corrumpi
507 2313 642 2343 segetes,
666 2305 828 2335 interdum
849 2305 945 2335 etiam
967 2316 1100 2344 magnas

145 2349 267 2383 strages
290 2345 356 2374 fieri
376 2345 538 2376 hominum
560 2352 591 2377 et
610 2347 808 2383 animalium,
833 2348 897 2378 imo
921 2349 982 2378 rari
1005 2348 1098 2378 bene-

144 2385 207 2415 ficii
230 2385 297 2416 loco
320 2387 445 2418 ducitur
463 2389 488 2419 si
508 2390 583 2419 anni
608 2389 714 2420 decem
736 2391 783 2420 vel
804 2390 984 2429 quindecim
1004 2402 1022 2420 a
1041 2391 1099 2420 tali

146 2438 228 2457 noxa
262 2429 419 2460 immunes
451 2437 664 2470 praetereant.
721 2432 784 2464 Sed
820 2432 910 2463 Deus
944 2433 1096 2463 iudicium

145 2470 227 2508 quod
263 2472 391 2510 exsequi
424 2478 591 2508 statuerat.
625 2476 720 2506 certis
743 2475 829 2505 notis
858 2476 994 2515 insignit
1017 2487 1098 2515 quae

145 2513 365 2543 demonstrent
392 2516 576 2553 grandinem
610 2528 671 2548 non
704 2529 772 2548 esse
799 2523 904 2548 natam
929 2530 969 2548 ex
993 2519 1097 2550 causis

144 2555 349 2586 naturalibus.
373 2557 424 2586 sed
445 2564 547 2588 aerem
569 2560 723 2591 divinitus
742 2566 901 2591 armatum
927 2561 1096 2592 manifeste

143 2608 298 2637 pugnare.
334 2598 474 2630 Primum
496 2601 562 2632 dies
585 2603 744 2633 crastinus
767 2604 966 2643 praefigitur:
992 2615 1095 2643 neque

243 2646 352 2673 calvenฮ
369 2655 458 2680 opera.
498 2651 554 2677 Vol.
591 2652 666 2677 XXI
674 2654 703 2679 V.

731 164 1097 199 COMMENTARIUS
1121 165 1168 195 IN
1192 165 1340 197 EXODI
1364 166 1461 198 OAP.
1486 167 1547 199 IX.

2075 170 2137 201 114

1167 257 1226 289 hoc
1261 259 1338 290 satis
1372 265 1434 296 est,
1470 260 1599 292 additur
1632 262 1727 292 etiam
1765 262 1853 293 hora.
1905 261 1988 300 Quis
2022 266 2133 293 autem

1167 301 1346 341 astrologus
1367 307 1421 333 aut
1440 303 1651 343 philosophus
1674 305 1707 334 in
1728 304 1912 335 turbinibus
1931 309 1962 335 et
1981 304 2133 344 procellis

1166 343 1318 374 articulos
1336 350 1516 385 temporum
1534 347 1578 377 sic
1598 347 1706 377 metiri
1725 346 1843 387 queat?
1867 347 1976 377 Tertio
1999 347 2134 386 ponitur

1166 385 1295 417 insolita
1318 387 1480 424 violentia,
1507 389 1610 428 qualis
1633 399 1798 429 nunquam
1823 394 1991 429 conspecta
2014 390 2130 421 fuerat.

1166 427 1290 466 Quarto
1313 430 1485 461 continuus
1508 435 1632 462 tractus
1655 432 1693 463 ab
1718 432 1872 463 extremis
1891 432 2031 473 Aegypti
2057 432 2130 463 fini-

1164 469 1224 501 bus
1244 482 1344 511 usque
1361 472 1399 502 ad
1420 473 1498 503 alios
1517 474 1598 505 fines
1616 475 1788 514 oppositos,
1809 481 1840 505 et
1858 475 1953 505 simul
1974 475 2130 514 expansio

1165 513 1198 542 in
1223 518 1323 544 totam
1349 514 1561 547 latitudinem.
1598 517 1662 547 Vix
1686 518 1772 548 intra
1796 528 1898 548 annos
1922 517 2038 557 viginti
2063 522 2128 548 tam

1165 555 1259 594 longe
1282 558 1481 595 grassabitur
1511 558 1677 590 calamitas
1709 564 1745 590 ut
1769 565 1845 590 tunc
1866 561 1968 590 instar
1991 560 2129 600 sagit-tae

1166 598 1322 634 volitavit,
1347 604 1378 629 et
1401 601 1562 640 angustiis
1584 602 1651 632 suis
1674 607 1833 639 contenta,
1859 613 1923 632 non
1946 602 1993 633 ita
2012 603 2075 633 late
2094 613 2128 633 se

1164 639 1330 672 diffundet.
1376 642 1543 674 Postremo
1567 644 1688 675 accedit
1712 645 1875 676 distinctio
1899 646 1983 675 inter
2007 650 2128 676 terram

1165 683 1274 714 Gosen
1316 688 1347 714 et
1387 685 1542 724 reliquam
1577 686 1774 727 Aegyptum.
1830 687 1916 718 Hinc
1950 687 2056 727 palam
2091 688 2129 718 fit

1136 744 1138 751 2
1163 726 1355 765 grandinem
1380 738 1443 757 non
1468 729 1542 758 ferri
1566 739 1699 760 erroneo
1722 730 1855 770 impetu,
1879 729 1934 761 sed
1954 741 2052 760 manu
2066 730 2129 761 Dei

1164 769 1288 808 spargi:
1319 769 1434 800 deinde
1466 782 1529 801 non
1558 782 1627 802 esse
1656 778 1820 804 concretas
1847 772 1956 813 frigidi
1982 773 2127 804 humoris

1163 816 1272 851 guttas
1296 811 1329 841 in
1353 812 1459 842 media
1483 813 1612 853 regione
1635 815 1727 851 aeris,
1754 815 1809 845 sed
1833 820 2015 856 portentum
2040 815 2124 855 quod

1164 859 1299 884 naturae
1323 854 1442 885 limites
1468 857 1691 888 transscendit.

1250 897 1298 927 19.
1326 897 1416 927 Nune
1439 909 1507 937 cryc)
1531 899 1619 929 1011แฝทฮฟ.
1666 899 1737 930 Non
1762 899 1817 930 dat
1840 900 2009 931 consilium
2034 901 2124 940 quasi

1164 939 1240 969 velit
1265 950 1396 979 parcere
1421 940 1503 970 hosti
1527 944 1677 980 professo,
1700 942 1754 972 sed
1779 953 1916 973 vesanae
1939 943 2007 973 eius
2030 944 2128 974 confi-

1164 981 1291 1012 dentiae
1322 982 1472 1019 insultat,
1507 984 1589 1022 qnod
1621 984 1777 1015 haetenus
1811 986 1926 1024 supina
1954 986 2127 1017 securitate

1163 1025 1392 1064 contempserit
1415 1025 1567 1064 quidquid
1598 1037 1769 1066 poenarum
1793 1027 2021 1059 denunciatum
2046 1033 2126 1060 erat.

1163 1066 1301 1106 Oblique
1321 1078 1396 1107 ergo
1416 1068 1595 1099 subindicat
1608 1080 1694 1099 nunc
1713 1080 1782 1100 esse
1801 1071 1967 1101 metuendi
1987 1075 2124 1111 tempus.

1136 1120 1137 1128 ยน
1163 1109 1327 1147 Secundo,
1352 1111 1456 1141 Deum
1482 1121 1544 1141 non
1575 1117 1698 1142 certare
1729 1114 1818 1152 quasi
1849 1112 1959 1143 dubito
1989 1118 2124 1144 eventu:

1163 1152 1236 1191 quia
1250 1163 1312 1182 non
1333 1157 1460 1183 tantum
1482 1158 1591 1193 aperte
1606 1160 1760 1193 provocat
1776 1165 1848 1185 eum
1869 1155 1908 1186 ad
1928 1156 2125 1195 conflictum,

1163 1194 1218 1224 sed
1242 1196 1411 1226 confirmat
1443 1196 1520 1226 nihil
1552 1196 1611 1227 sibi
1640 1197 1708 1227 fore
1739 1198 1857 1237 negotii
1891 1199 1922 1228 in
1952 1199 2022 1238 ipso
2053 1209 2126 1238 pro-

1163 1237 1311 1276 fligando.
1358 1238 1397 1268 In
1421 1249 1561 1273 summa,
1590 1238 1680 1269 docet
1704 1250 1806 1279 neque
1830 1246 1901 1271 astu
1925 1251 2027 1280 neque
2050 1241 2126 1272 ullis

1164 1279 1287 1310 artibus
1306 1291 1387 1320 opus
1407 1292 1483 1315 esse.
1508 1287 1544 1311 ut
1563 1281 1782 1321 deprehendat
1802 1283 1923 1313 hostem
1945 1294 2050 1321 suum,
2069 1284 2124 1314 sed

1135 1329 1137 1372 ฮ
1163 1324 1311 1361 quamvis
1335 1323 1465 1354 modum
1490 1325 1636 1354 elabendi
1666 1324 1833 1362 concedat,
1866 1336 1899 1356 se
1923 1332 2031 1357 tamen
2055 1326 2125 1358 fore

1135 1377 1137 1396 ,ยน
1164 1372 1327 1397 vlctorem.

1248 1408 1298 1439 20.
1338 1409 1398 1448 Qui
1431 1409 1533 1440 timuit
1572 1410 1693 1440 verbum
1727 1410 1865 1441 Jehovae.
1921 1410 1984 1442 His
2018 1411 2125 1442 verbis

1163 1451 1303 1482 ostendit
1317 1452 1425 1482 Moses
1444 1452 1597 1491 quosdam
1617 1452 1816 1491 experientia
1836 1452 2000 1494 hucusque
2023 1454 2125 1486 fuisse

1162 1493 1289 1524 edoctos
1322 1500 1355 1524 ut
1384 1505 1447 1525 non
1479 1495 1609 1525 omnino
1644 1499 1833 1534 spernerent
1863 1496 1946 1535 quod
1977 1496 2125 1528 edixerat

1162 1536 1278 1567 Moses.
1320 1537 1400 1567 lude
1426 1538 1510 1567 enim
1532 1538 1627 1567 timor
1651 1548 1689 1568 ex
1714 1538 1960 1569 denunciatione
1991 1549 2122 1578 poenae,

1161 1580 1234 1618 quia
1250 1580 1393 1619 persuasi
1408 1580 1617 1610 erantlllosen
1633 1591 1762 1610 servum
1778 1591 1845 1611 esse
1860 1581 1919 1611 Dei
1934 1592 1969 1612 ac
1984 1581 2123 1621 propheโ

1161 1627 1242 1655 tam,
1274 1623 1338 1652 imo
1367 1623 1511 1653 coelestis
1542 1622 1648 1653 iudicii
1678 1632 1875 1662 praeconem.
1927 1623 2121 1663 Quanquam

1159 1665 1253 1694 simul
1290 1671 1423 1704 apparet
1458 1676 1519 1695 non
1557 1666 1638 1695 serio
1674 1666 1843 1705 resipuisse
1879 1671 1915 1696 ut
1952 1666 2122 1697 obedirent

1159 1707 1238 1740 Deo.
1263 1707 1316 1737 sed
1338 1708 1498 1747 praesenti
1523 1718 1558 1738 ac
1578 1713 1801 1738 1110111011101100
1822 1713 1943 1738 terrore
1966 1709 2121 1748 impulsos

1157 1749 1255 1780 fuisse
1286 1750 1323 1780 ad
1355 1750 1542 1781 cavendum.
1589 1750 1643 1782 Sic
1670 1751 1871 1789 particularis
1895 1755 1999 1782 metus
2023 1762 2119 1792 saepe

1130 1796 1132 1824 l
1158 1793 1309 1832 reprobos
1323 1794 1469 1824 sollicitat
1491 1793 1540 1823 vel
1560 1793 1598 1823 ad
1612 1793 1844 1832 deprecandam
1862 1794 1909 1823 vel
1932 1794 1970 1824 ad
1990 1794 2119 1834 fngien-

1157 1835 1228 1865 dam
1256 1836 1314 1866 Dei
1346 1836 1532 1866 vindictam.
1580 1835 1668 1865 Dicit
1698 1842 1802 1865 tamen
1835 1836 1939 1866 Moses
1970 1837 2119 1868 timorem

1156 1878 1220 1908 illis
1244 1879 1415 1918 profuisse,
1444 1880 1516 1918 quia
1548 1889 1608 1908 non
1641 1878 1773 1908 eandem
1805 1888 1899 1917 quam
1931 1878 1984 1908 alii
2016 1881 2119 1919 magis

1130 1937 1131 1952 i
1156 1921 1276 1960 stupidi
1307 1922 1520 1951 calamitatem
1552 1922 1718 1951 senserint.
1766 1921 1834 1950 Hoc
1865 1921 1957 1951 modo
1981 1927 2118 1953 testatus

1156 1969 1205 1994 est
1241 1964 1328 1994 Deus
1361 1975 1422 2003 quo
1462 1965 1596 2003 quisque
1629 1964 1747 1993 maiore
1781 1964 1980 1994 contumacia
2015 1965 2117 2003 ipsius

1156 2006 1274 2037 iudicia
1297 2007 1490 2039 contemnit,
1527 2006 1638 2036 durius
1662 2016 1696 2035 ae
1726 2006 1857 2043 gravius
1882 2006 1995 2045 affligi:
2022 2017 2116 2046 quos-

1156 2049 1228 2079 dam
1256 2059 1329 2079 vero
1353 2049 1536 2079 incredulos
1560 2049 1664 2087 aliqua
1689 2060 1727 2078 ex
1751 2054 1842 2088 parte
1869 2048 1969 2078 levari
1993 2050 2116 2080 incom-

1155 2092 1257 2122 modis
1295 2098 1325 2122 et
1358 2093 1467 2122 mitius
1501 2091 1668 2131 castigari,
1707 2092 1780 2129 quia
1813 2090 1925 2121 saltem
1966 2092 2116 2123 ferociter

1155 2145 1218 2164 non
1250 2140 1430 2169 exsurgunt
1470 2135 1508 2164 ad
1545 2133 1782 2173 despiciendam
1824 2133 1890 2163 eius
1925 2135 2111 2172 potentiam.

1157 2177 1246 2207 Adde
1275 2178 1356 2216 quod
1389 2178 1420 2207 in
1452 2177 1510 2207 hoc
1541 2176 1724 2207 discrimine
1754 2176 1871 2206 clarius
1905 2177 2020 2206 enituit
2051 2177 2114 2208 Dei

1153 2219 1323 2255 iudicium,
1361 2221 1410 2250 ubi
1447 2221 1529 2250 inter
1562 2219 1751 2258 Aegyptios,
1787 2228 1848 2257 quo
1883 2219 2017 2257 quisque
2052 2220 2113 2251 fuit

1152 2263 1303 2297 ferocior,
1332 2269 1450 2293 certam
1482 2267 1684 2301 contemptus
1715 2261 1762 2291 sui
1788 2261 1964 2291 mercedem
1991 2263 2110 2294 retulit.

1154 2305 1314 2336 Docemur
1334 2312 1438 2336 tamen
1460 2305 1517 2335 hoc
1538 2304 1694 2343 exemplo,
1717 2314 1779 2333 non
1800 2302 1936 2333 multum
1957 2306 2111 2342 proficere

1151 2348 1331 2378 incredulos
1345 2349 1370 2379 si
1392 2348 1522 2387 trepidis
1542 2358 1577 2377 ac
1597 2345 1795 2385 supplicibus
1814 2345 1851 2375 ad
1870 2345 1963 2376 breve
1984 2352 2111 2386 tempus

1150 2390 1239 2421 Deus
1263 2391 1422 2431 ignoscat:
1448 2391 1520 2429 qnia
1543 2400 1669 2428 semper
1688 2393 1819 2418 manent
1842 2394 1990 2419 aeternae
2012 2392 2108 2421 morti

1122 2441 1124 2466 ฮฅ
1145 2434 1286 2464 obnoxii.

1121 2511 1122 2514 แผผ
1233 2476 1282 2506 22.
1327 2476 1412 2507 Tune
1451 2475 1532 2505 (nsit
1566 2474 1685 2504 Ivlzooa.
1742 2473 1835 2503 Nunc
1870 2483 1981 2503 rursus
2015 2474 2108 2514 virga

1121 2523 1122 2526 โ
1148 2518 1248 2549 Mosis
1280 2519 1367 2549 Deus
1402 2519 1503 2548 utitur
1536 2517 1574 2546 ad
1605 2515 1793 2546 movendam
1822 2515 2009 2554 procellam,
2039 2527 2103 2547 non

1146 2567 1210 2591 tam
1246 2562 1428 2591 Pharaonis
1462 2570 1573 2594 causa,
1615 2569 1709 2597 quam
1751 2564 1787 2588 ut
1822 2557 1928 2588 Moses
1963 2559 2031 2596 ipse
2065 2560 2107 2590 ad

1144 2603 1273 2634 residua
1295 2604 1471 2635 certamina
1490 2602 1591 2641 magis
1614 2601 1783 2637 animetur,
1804 2600 1859 2630 ubi
1878 2599 2109 2634 documentum

1886 2649 1902 2673 8
