2304 3034
115 187 178 219 689

114 281 185 312 Fur
214 286 320 311 autem
349 280 465 311 dicitur
495 277 683 309 manifestus
706 277 761 317 qui
784 277 1005 317 deprehensus
1029 282 1078 308 est

115 328 289 362 antequam
319 333 385 353 rem
412 321 563 353 furtivam
585 320 743 360 perferret
765 330 826 359 quo
850 319 1077 351 destinaverat.

114 367 255 397 Antores
282 374 403 405 poenae
431 364 586 394 rationem
617 361 700 393 hanc
730 368 882 402 sequutos
912 372 982 393 esse
1010 363 1078 393 exi-

114 408 222 445 stimo,
242 407 326 447 quod
349 406 505 446 insignior
527 410 610 436 esset
633 405 702 436 eius
726 404 914 444 improbitas
937 404 992 444 qui
1012 409 1077 435 tam

114 450 209 481 avide
242 454 274 481 et
305 450 465 480 ferventer
491 447 628 486 praedae
659 447 818 483 inhiabat,
852 452 888 478 ut
918 447 1078 487 flagitium

115 503 179 524 non
202 491 430 523 reformidaret.
474 490 518 520 Et
547 494 634 521 certe
664 490 718 529 qui
748 489 905 529 pudorem
933 489 1077 529 negligit,

115 534 265 566 audacior
287 538 334 565 est
356 533 394 564 ad
417 531 622 572 peccandum.
658 532 758 572 Atqui
777 531 868 563 Deus
891 537 1002 562 contra
1025 542 1078 563 eos

115 578 150 608 in
174 577 306 618 duplum
331 575 468 611 damnat,
493 574 578 614 apud
602 585 681 614 quos
705 579 870 614 repertum
893 574 989 605 fuerit
1012 574 1078 605 fur-

115 625 200 651 tum:
230 620 263 650 in
286 617 499 658 quadruplum
523 627 599 648 vero
623 617 676 657 qui
700 616 889 648 occiderunt
915 622 972 647 aut
998 627 1077 647 ven-

115 662 274 694 diderunt.
318 660 361 691 Et
390 660 521 698 merito,
552 660 628 700 quia
656 660 758 690 maior
780 660 814 690 in
838 659 957 690 scelere
980 659 1077 690 obsti·

115 705 204 736 natio
227 715 259 735 se
281 702 401 743 prodit,
430 702 484 733 ubi
516 712 567 733 res
597 702 717 733 furtiva
745 702 779 732 in
808 707 978 741 quaestum
1002 712 1077 733 con-

115 756 208 778 versa
229 750 285 783 est,
307 754 365 776 nec
388 755 461 784 spes
484 749 534 776 est
555 744 621 775 ulla
644 744 895 784 resipiscentiae,
918 750 1014 784 atque
1032 746 1078 775 ita

114 789 264 820 continuo
293 797 467 827 progressu
494 786 676 827 duplicatur
706 787 808 818 malae
840 786 914 817 fidei
944 787 1076 818 crimen.

114 832 201 863 Fieri
223 834 326 870 potest
348 834 383 860 ut
412 829 464 860 fur
487 830 597 860 statim
620 834 692 869 post
716 829 868 861 delictum
891 830 1077 861 contremis-

111 879 178 905 cat:
205 873 355 913 quivero
384 872 505 902 animal
533 872 690 903 furtivum
720 872 867 903 occidere
898 882 996 903 ausus
1019 878 1075 909 est,

111 921 166 948 aut
184 914 331 951 vendere,
350 924 482 954 prorsus
502 915 535 945 in
555 915 711 945 maleficio
730 914 890 946 obduruit.
924 914 994 945 Iam
1013 925 1076 954 quo

111 957 269 990 difficilior
291 961 339 988 est
361 956 580 997 investigandi
603 958 700 995 ratio,
730 957 913 997 graviorem
937 967 1075 996 poenam

110 1005 249 1032 meretur
264 999 355 1030 dolus
374 999 487 1030 malus.
521 999 652 1030 Interea
664 999 839 1031 tenendum
853 1004 908 1037 est,
923 1000 1075 1030 mulctam

110 1042 263 1084 pecuniae
285 1052 367 1081 quae
390 1041 514 1073 furibus
542 1042 692 1082 imposita
721 1042 799 1080 fuit,
828 1052 892 1072 non
923 1041 1076 1074 liberasse

109 1095 193 1117 eosa
210 1085 312 1124 culpa.
346 1084 440 1122 Nam,
463 1089 500 1115 ut
522 1085 567 1115 ait
581 1084 768 1116 Marcellus:
793 1084 841 1115 Ne
865 1095 993 1124 praeses
1006 1085 1073 1124 qui-

108 1127 178 1159 dem
203 1127 391 1167 provinciae
410 1127 536 1158 efficere
555 1128 673 1167 poterit
691 1128 768 1167 quin
787 1127 865 1158 furti
885 1127 1073 1158 damnatum

107 1175 258 1210 sequatur
280 1169 426 1200 infamia:
451 1169 506 1200 sed
529 1179 567 1200 ea
589 1169 628 1201 de
650 1180 686 1200 re
704 1170 738 1200 in
762 1179 858 1210 quam
882 1170 1075 1201 naturaliter

106 1223 217 1244 omnes
249 1213 472 1250 consentiunt,
506 1212 610 1252 legem
644 1212 720 1243 ferri
749 1222 879 1243 necesse
909 1223 972 1243 non
1002 1213 1073 1244 fuit.

106 1255 219 1295 Itaque
252 1255 342 1285 Deus
376 1255 462 1286 fures
496 1254 699 1292 mulctando,
739 1255 916 1295 ignominia
948 1262 1073 1286 notatos

105 1297 243 1337 reliquit.
300 1296 395 1335 Quod
437 1302 542 1328 autem
584 1298 705 1328 maiore
739 1308 865 1329 summa
898 1298 1074 1329 mulctatur

104 1340 159 1381 qui
183 1339 297 1371 bovem
322 1339 448 1370 furatus
471 1344 519 1371 est
542 1350 639 1379 quam
663 1340 716 1380 qui
740 1350 833 1371 ovem
858 1340 909 1371 vel
932 1351 1072 1380 capram,

105 1383 159 1414 vel
181 1383 261 1413 alias
284 1382 431 1422 pecudes,
458 1383 565 1414 nescio
589 1392 630 1412 an
653 1393 782 1414 causam
806 1393 881 1414 vere
904 1383 1073 1424 assignent

106 1425 160 1465 qui
183 1425 296 1456 dicunt
318 1425 483 1456 aestimari
503 1424 623 1455 domini
647 1425 820 1463 iacturam,
850 1426 901 1457 cui
925 1426 964 1456 ad
988 1426 1073 1467 agri-

104 1467 263 1499 culturam
286 1467 428 1498 maxime
451 1467 539 1498 utilis
561 1472 610 1498 est
632 1468 723 1499 bovis
741 1468 840 1499 labor.
873 1467 965 1507 Quod
986 1469 1071 1500 enim

106 1510 145 1541 de
168 1510 248 1542 bove
270 1510 426 1547 traditur,
457 1510 497 1540 ad
522 1510 651 1551 [vaccas
673 1521 798 1550 quoque
822 1509 866 1552 et]
895 1516 997 1542 totum
1021 1522 1071 1542 ar-

105 1558 250 1584 mentum
274 1552 422 1583 extendo.
469 1553 608 1593 Propius
637 1553 676 1584 ad
708 1564 821 1584 verum
852 1553 1002 1585 accedere
1027 1555 1072 1585 vi-

106 1594 223 1626 dentur
245 1595 300 1635 qui
319 1595 397 1626 furis
416 1595 582 1626 audaciam
603 1596 711 1635 puniri
731 1596 853 1633 dicunt,
878 1597 933 1636 qui
952 1597 1071 1627 animal
1098 1625 1099 1628 ,

105 1638 209 1678 magis
232 1648 399 1678 procerum
423 1637 605 1675 auferendo,
632 1639 764 1669 testium
788 1644 993 1678 conspectum
1018 1650 1071 1671 ve-

104 1681 186 1711 ritus
215 1691 278 1711 non
308 1685 365 1712 est.
411 1679 608 1720 Quanquam
638 1681 718 1711 mihi
748 1681 852 1721 magis
882 1681 1001 1721 placet,
1032 1693 1071 1713 cx

104 1733 212 1754 rerum
247 1723 351 1762 pretio
385 1722 548 1754 diversum
582 1723 738 1755 iudicium
772 1724 851 1754 fieri.
909 1725 954 1755 Et
986 1731 1073 1756 certe

104 1766 209 1806 magis
231 1770 485 1797 consentaneum
509 1770 574 1802 est,
598 1770 633 1796 ut
657 1766 792 1806 quisque
820 1767 924 1807 magis
953 1767 1073 1805 nocuit,

103 1809 246 1849 graviori
271 1818 392 1848 poenae
415 1818 486 1839 esse
507 1808 692 1839 obnoxium.

190 1851 217 1881 2.
244 1850 281 1882 Si
304 1851 338 1882 in
360 1851 526 1890 effossimze.
574 1851 758 1882 Membrum
783 1852 843 1883 hoc
867 1861 1012 1883 seorsum
1031 1852 1073 1883 le-

105 1893 246 1934 gendum
266 1898 322 1931 est,
342 1898 374 1924 et
393 1904 448 1933 per
468 1894 675 1933 parenthesin
695 1894 858 1925 inseritur.
894 1894 1071 1934 Postquam

104 1936 191 1966 enim
214 1946 350 1976 poenam
381 1936 539 1974 iniunxit,
570 1947 634 1967 uno
663 1942 817 1968 contextu
849 1936 953 1967 addit:
985 1937 1071 1968 Red-

105 1977 208 2009 dendo
232 1978 358 2009 reddet:
390 1978 474 2018 quod
499 1979 526 2010 si
549 1989 613 2009 non
637 1979 733 2010 fuerit
756 1979 926 2017 solvendo,
950 1980 1072 2011 vende-

105 2027 168 2051 tur.
228 2021 387 2060 Exceptio
420 2026 528 2052 autem
563 2022 641 2053 haec
675 2022 895 2061 interponitur
929 2022 968 2053 de
1001 2022 1072 2053 fure

106 2070 269 2094 nocturno.
305 2064 377 2094 Etsi
396 2069 504 2094 autem
525 2074 586 2095 non
606 2064 684 2095 satis
708 2064 827 2095 diserte
850 2065 978 2105 singula
997 2070 1071 2096 sunt

107 2114 272 2145 expressa,
301 2106 468 2137 consilium
498 2112 604 2138 tamen
630 2107 691 2138 Dei
721 2107 854 2138 minime
884 2107 1071 2148 ambiguum

107 2152 170 2184 est,
201 2148 227 2178 si
250 2149 282 2179 in
313 2149 453 2180 tenebris
477 2149 599 2180 occisus
622 2150 721 2180 fuerit
744 2150 810 2187 fur,
838 2151 1017 2189 percussori
1037 2150 1069 2181 id

108 2189 238 2229 impune
261 2191 337 2229 fore,
361 2192 435 2231 quia
456 2197 531 2222 tunc
550 2203 568 2223 a
587 2192 710 2223 latrone
730 2193 785 2222 vix
804 2192 942 2223 discerni
966 2198 1072 2233 potest

106 2229 308 2271 (praesertim
332 2244 432 2273 quum
463 2235 494 2265 vi
526 2240 558 2265 et
588 2245 687 2265 manu
718 2235 912 2276 grassatur):
942 2236 1069 2275 quando

106 2278 202 2304 noctu
225 2275 361 2306 alienam
386 2276 515 2307 domum
539 2277 663 2317 ingredi
688 2287 751 2308 non
774 2282 893 2316 potest,
917 2278 994 2317 quin
1018 2279 1067 2309 vel

107 2316 261 2355 parietem
284 2319 488 2356 transfodiat,
515 2320 564 2350 vel
589 2320 768 2359 perfringat
791 2320 929 2351 ianuam.
976 2320 1067 2352 Duo-

107 2357 209 2389 decim
232 2359 355 2392 tabulae
376 2362 470 2401 paulo
494 2362 602 2393 aliter:
638 2363 740 2392 furem
764 2363 849 2392 enim
873 2368 1065 2394 nocturnum

107 2399 250 2431 occidere
272 2404 479 2441 permittunt,
508 2404 659 2435 diurnum
684 2415 776 2441 vero,
800 2404 826 2435 si
849 2415 883 2435 se
906 2416 977 2437 cum
1003 2406 1066 2437 telo

106 2442 292 2475 defenderit.
336 2444 456 2477 Verum
481 2448 631 2486 quoniam
655 2447 726 2478 aliis
749 2447 875 2487 legibus
897 2448 1010 2479 caedes
1033 2454 1066 2479 et

106 2485 262 2516 violentos
284 2487 419 2526 impetus
441 2490 519 2521 satis
533 2490 621 2521 Deus
644 2494 892 2529 compescuerat,
917 2491 975 2522 hoc
997 2491 1064 2522 loco

106 2526 145 2558 de
168 2527 378 2567 praedonibus
399 2532 508 2570 tacuit,
531 2533 585 2572 qui
608 2532 715 2572 gladio
738 2533 854 2563 armati
873 2533 912 2564 ad
932 2534 1063 2574 rapinas

105 2569 285 2609 prosiliunt.
320 2571 419 2603 Recte
440 2575 539 2614 igitur
562 2575 656 2605 morti
680 2585 735 2606 eos
758 2575 876 2606 addicit
895 2575 985 2607 Deus
1008 2578 1061 2616 qui

104 2612 229 2643 furtum
252 2612 419 2645 homicidio
441 2616 499 2648 ulti
522 2617 641 2648 fuerint
663 2617 749 2648 clara
773 2617 851 2649 luce.

189 2662 297 2689 Calvim'
311 2671 400 2697 opera.
438 2666 491 2692 Vol.
511 2667 622 2694 XXIV.

818 184 1042 216 OCTAVUM
1065 185 1384 219 PRAEGEPTUM.

2035 191 2099 223 690

1213 279 1242 310 3.
1268 279 1432 312 Reddendo
1462 281 1572 312 reddet.
1618 281 1803 314 Cohaerent
1829 283 1879 325 (ut
1908 283 1990 325 dixi)
2018 284 2097 316 haee

1130 320 1227 352 verba
1249 333 1322 353 cum
1342 324 1445 363 primo
1464 334 1575 355 versu:
1600 324 1675 364 quia
1693 324 1745 356 hic
1764 330 1893 357 tantum
1912 326 2098 367 iniungitur

1129 373 1249 402 poenae
1262 366 1468 405 exsequutio:
1489 377 1525 398 ac
1540 367 1566 398 si
1580 367 1668 398 Deus
1683 373 1806 398 vetaret
1818 369 1942 400 furibus
1955 380 2096 409 parcere,

1129 406 1206 445 quin
1230 414 1388 447 cogantur
1411 408 1450 440 ad
1474 409 1665 440 solvendum
1697 409 1848 450 duplum,
1880 412 1931 443 vel
1955 412 2097 452 quadru-

1129 448 1228 488 plum,
1241 450 1290 480 vel
1315 452 1412 482 etiam
1433 452 1649 492 quintuplum,
1663 463 1719 492 pro
1738 453 1832 484 modo
1852 454 1969 486 delicti.
2000 454 2097 493 Quod

1129 491 1156 522 si
1179 492 1332 523 solvendo
1355 503 1448 533 pares
1472 505 1534 525 non
1559 501 1669 531 erunt,
1702 495 1806 527 addici
1837 497 1870 527 in
1901 497 2096 529 servitutem

1129 533 1230 565 iubet:
1264 535 1348 575 quod
1377 538 1474 567 etiam
1498 537 1621 568 Romae
1647 538 1854 569 observatum
1886 539 1956 571 fuit.
2001 540 2096 572 Unde

1129 576 1207 607 illud
1231 576 1377 609 Catonis:
1401 579 1505 610 Fures
1535 580 1678 620 privatos
1706 581 1739 611 in
1768 592 1853 612 nexu
1879 587 1912 612 et
1934 582 2096 622 compedi-

1129 618 1189 649 bus
1213 620 1341 658 vivere,
1373 621 1517 661 publicos
1543 633 1616 654 vero
1640 623 1673 653 in
1697 633 1774 654 auro
1798 629 1830 655 et
1854 635 2006 664 purpura.
2053 625 2097 657 Et

1129 664 1279 700 quoniam
1314 663 1394 694 dura
1424 669 1494 695 erat
1524 665 1603 696 haec
1632 665 1787 703 conditio,
1823 668 2015 698 nominatim
2043 678 2095 699 ca-

1130 705 1269 735 vendum
1303 706 1364 736 fuit
1397 717 1437 737 ne
1471 707 1509 738 ob
1544 708 1713 747 penuriam
1748 709 2002 741 absolverentur.
2059 710 2095 743 Si

1129 747 1201 786 quis
1225 752 1316 788 roget
1338 758 1378 779 an
1403 748 1532 780 domino
1556 751 1601 781 rei
1625 750 1751 782 ablatae
1774 751 1901 783 licuerit
1927 763 2094 792 reposcere

1129 789 1261 829 duplum
1306 791 1356 822 vel
1394 792 1626 832 quadruplum:
1659 794 1852 833 respondeo,
1887 795 1970 835 quod
2005 796 2095 827 Deus

1129 831 1299 870 adiudicat,
1323 833 1355 864 id
1377 834 1500 874 optimo
1524 835 1593 866 iure
1617 835 1740 867 deberi:
1765 837 1891 868 interea
1910 848 1967 878 pro
1986 839 2095 878 aequi-

1129 879 1194 905 tate
1228 875 1404 906 videndum
1438 877 1575 918 singulis
1611 878 1709 910 fuisse
1742 890 1782 911 ne
1823 879 2019 912 ditescerent
2052 892 2092 912 ex

1128 916 1232 948 alieno
1251 917 1434 958 dispendio:
1454 921 1531 959 quin
1550 920 1657 959 potius
1676 921 1829 962 quidquid
1846 923 1925 954 lucri
1938 923 2092 962 fecerant,

1128 961 1312 992 conferrent
1334 961 1367 992 in
1391 972 1467 993 usus
1490 963 1559 1002 pios
1583 968 1614 993 et
1632 969 1768 996 sanctos.

1424 1173 1488 1205 EX
1511 1174 1659 1206 EXODI
1681 1174 1797 1207 XXII.

1212 1291 1268 1333 9¹)
1299 1291 1399 1331 Super
1432 1293 1516 1324 omni
1548 1303 1643 1324 causa
1672 1294 1968 1333 praevaricationis,
1998 1307 2093 1337 super

1127 1333 1208 1370 bove.
1240 1344 1336 1374 super
1364 1335 1466 1371 asino,
1493 1345 1587 1374 super
1614 1337 1748 1375 pecude,
1782 1347 1876 1376 super
1908 1339 2092 1379 vestimento,

1127 1387 1220 1415 super
1249 1378 1332 1408 omni
1365 1388 1398 1408 re
1427 1378 1562 1409 amissa.-
1587 1389 1683 1417 qaum
1712 1379 1827 1411 (limeret
1853 1381 2011 1421 quispiam
2040 1382 2093 1414 hoc

1127 1430 1199 1455 esse,
1219 1430 1314 1459 usqae
1332 1420 1374 1451 ad
1391 1420 1508 1452 iudices
1526 1422 1622 1452 veniet
1640 1432 1736 1453 caasa
1754 1423 1939 1463 utriusque.-
1961 1427 1987 1455 et
2005 1435 2093 1464 quem

1126 1462 1339 1494 damnaverint
1361 1463 1493 1501 iudices,
1527 1464 1556 1495 is
1578 1465 1685 1496 reddat
1707 1465 1836 1503 duplum
1854 1467 2002 1504 prozimo
2024 1478 2091 1499 suo.

1211 1572 1239 1603 9.
1272 1572 1372 1612 Super
1401 1574 1485 1604 omni
1513 1583 1618 1605 causa.
1670 1574 1735 1605 Hic
1765 1574 1843 1606 furti
1875 1576 1956 1607 actio
1987 1576 2091 1615 datur,

1127 1614 1181 1646 sed
1205 1625 1276 1646 cum
1301 1615 1436 1653 mulcta,
1466 1617 1492 1647 si
1522 1616 1592 1656 quis
1622 1620 1743 1647 temere
1781 1618 1966 1657 proximum
1996 1629 2092 1650 suum

1126 1663 1258 1689 accuset.
1303 1657 1453 1689 Dubitari
1476 1659 1562 1689 enim
1586 1659 1703 1699 alioqui
1727 1664 1853 1699 poterat
1873 1671 1937 1700 qua
1960 1661 2091 1693 tandem

1126 1701 1265 1737 ratione,
1301 1701 1350 1731 vel
1386 1701 1514 1740 quando
1548 1701 1707 1742 exigenda
1742 1707 1827 1734 esset
1860 1704 2022 1734 restitutio
2055 1705 2090 1735 in

1127 1742 1257 1782 duplum
1283 1743 1334 1774 vel
1358 1744 1584 1784 quadruplum.
1630 1745 1796 1775 Permittit
1818 1756 1911 1786 ergo,
1943 1752 1978 1776 ut
2001 1746 2090 1786 quis·

1125 1786 1195 1825 quis
1219 1791 1403 1826 suspectum
1427 1786 1524 1818 habet
1552 1787 1692 1827 aliquem
1722 1788 1815 1825 furti,
1845 1798 1918 1819 eum
1948 1789 2024 1820 citet
2048 1789 2089 1820 ad

1125 1838 1252 1859 causam
1277 1828 1461 1860 dicendam:
1489 1830 1515 1860 si
1542 1840 1632 1860 reum
1656 1836 1797 1870 peragat,
1822 1836 1858 1861 ut
1881 1830 2013 1870 duplum
2038 1842 2089 1862 re-

1124 1876 1255 1910 cuperet
1289 1871 1333 1902 rei
1368 1872 1520 1903 amissae:
1555 1872 1582 1903 si
1612 1883 1688 1903 vero
1718 1873 1933 1913 pronuncient
1966 1873 2088 1906 iudices

1124 1924 1197 1944 eum
1218 1918 1337 1944 temere
1357 1914 1508 1954 litigasse,
1533 1919 1570 1945 ut
1592 1915 1732 1946 vicissim
1753 1926 1887 1955 poenam
1907 1916 2086 1948 calumniae

1124 1956 1201 1987 luat.
1248 1956 1330 1987 Nam
1355 1957 1430 1996 quia
1452 1957 1530 1988 haec
1554 1958 1636 1989 actio
1660 1968 1722 1989 non
1747 1969 1878 1998 prorsus
1900 1963 1949 1989 est
1971 1959 2084 1997 civilis,

1124 1998 1178 2029 sed
1210 2003 1318 2030 notam
1348 1999 1499 2030 infamiae
1529 2010 1637 2031 secum
1670 2000 1785 2038 trahit,
1818 2001 1966 2040 iniquum
2001 2006 2088 2033 esset

1124 2042 1256 2072 sinistra
1279 2042 1459 2081 suspicione
1483 2044 1610 2082 gravari
1634 2053 1728 2083 quem
1747 2043 1868 2074 iudices
1888 2049 2087 2084 cognoscunt

1124 2094 1192 2114 esse
1216 2095 1332 2124 purum
1357 2095 1375 2115 a
1397 2085 1540 2116 crimine.
1585 2085 1649 2116 Hic
1679 2096 1736 2125 pro
1766 2086 1924 2117 iudicibus
1953 2087 2087 2127 ponitur

1123 2121 1232 2164 Ε’Πὸκ,
1256 2125 1338 2166 quod
1362 2128 1488 2166 proprie
1511 2127 1586 2159 deos
1615 2129 1784 2168 significat,
1808 2129 1883 2168 quia
1905 2133 1955 2160 est
1976 2129 2085 2169 plura-

1122 2169 1161 2199 lis
1186 2169 1326 2199 numeri:
1357 2180 1450 2209 saepe
1481 2175 1588 2201 tamen
1612 2181 1670 2210 pro
1694 2171 1762 2201 Deo
1786 2172 1918 2210 capitur.
1965 2172 2085 2203 Trans-

1122 2212 1223 2242 fertur
1246 2216 1353 2242 autem
1378 2212 1417 2242 ad
1440 2212 1562 2244 iudices
1585 2213 1749 2244 ornandae
1773 2214 1948 2245 vocationis
1972 2225 2083 2246 causa:

1121 2256 1270 2294 quoniam
1295 2255 1329 2284 in
1353 2264 1411 2285 sua
1433 2255 1598 2287 functione
1621 2256 1682 2287 Dci
1713 2266 1880 2296 personam
1912 2257 2082 2296 sustinent,

1120 2297 1154 2327 in
1178 2298 1267 2328 cuius
1290 2297 1387 2328 unius
1411 2307 1510 2328 manu
1534 2304 1583 2329 est
1605 2309 1699 2329 omne
1728 2299 1899 2338 imperium
1922 2303 1955 2330 et
1977 2305 2082 2339 potes-

1120 2344 1178 2370 tas.
1214 2338 1289 2370 Ideo
1303 2338 1451 2371 Christus
1470 2339 1597 2381 (Iohan.
1624 2341 1671 2377 10,
1695 2340 1748 2382 34)
1772 2341 1847 2372 dicit
1866 2342 1974 2373 vocari
1998 2341 2082 2382 deos,

1119 2383 1193 2422 quia
1216 2382 1255 2412 ad
1277 2392 1329 2412 eos
1353 2393 1457 2413 sermo
1481 2382 1544 2414 Dei
1566 2384 1669 2414 factus
1693 2389 1757 2414 est:
1782 2394 1906 2423 nempe,
1930 2389 1966 2414 ut
1989 2395 2081 2424 prae-

1118 2425 1184 2455 sint
1207 2424 1275 2454 eius
1299 2425 1438 2463 nomine,
1463 2431 1495 2456 et
1517 2436 1613 2465 super
1636 2427 1715 2457 alios
1738 2426 1911 2457 emineant.
1949 2426 2023 2466 Qua
2041 2427 2081 2460 de

1117 2478 1150 2497 re
1173 2467 1293 2498 dictum
1317 2466 1378 2497 fuit
1399 2468 1432 2498 in
1455 2468 1567 2508 quinto
1591 2473 1768 2508 praecepto.

1202 2628 1228 2659 1)
1246 2627 1327 2653 Hebr.
1347 2627 1388 2659 22,
1407 2628 1429 2653 8.
