<?xml version="1.0" encoding="UTF-8"?>
<!DOCTYPE html PUBLIC "-//W3C//DTD XHTML 1.0 Transitional//EN"
    "http://www.w3.org/TR/xhtml1/DTD/xhtml1-transitional.dtd">
<html xmlns="http://www.w3.org/1999/xhtml" xml:lang="en" lang="en">
 <head>
  <title>
</title>
<meta http-equiv="Content-Type" content="text/html;charset=utf-8" />
  <meta name='ocr-system' content='tesseract 3.04.00' />
  <meta name='ocr-capabilities' content='ocr_page ocr_carea ocr_par ocr_line ocrx_word'/>
</head>
<body>
  <div class='ocr_page' id='page_1' title='image "./ioanniscalviniop24calv_0194.png"; bbox 0 0 2304 3034; ppageno 0'>
   <div class='ocr_carea' id='block_1_1' title="bbox 207 198 1479 235">
    <p class='ocr_par' dir='ltr' id='par_1_1' title="bbox 207 198 1479 235">
     <span class='ocr_line' id='line_1_1' title="bbox 207 198 1479 235; baseline -0.004 -1"><span class='ocrx_word' id='word_1_1' title='bbox 207 204 268 235; x_wconf 60' lang='lat'>3137</span> <span class='ocrx_word' id='word_1_2' title='bbox 947 198 1133 230; x_wconf 80' lang='lat' dir='ltr'><strong>PRIMUM</strong></span> <span class='ocrx_word' id='word_1_3' title='bbox 1157 198 1479 230; x_wconf 79' lang='lat' dir='ltr'>PRAEOEPTUM.</span> 
     </span>
    </p>
   </div>
   <div class='ocr_carea' id='block_1_2' title="bbox 205 288 1180 1489">
    <p class='ocr_par' dir='ltr' id='par_1_2' title="bbox 205 288 1176 672">
     <span class='ocr_line' id='line_1_2' title="bbox 206 288 1174 340; baseline -0.006 -13"><span class='ocrx_word' id='word_1_4' title='bbox 206 296 397 340; x_wconf 72' lang='lat' dir='ltr'>penderent,</span> <span class='ocrx_word' id='word_1_5' title='bbox 428 298 458 323; x_wconf 85' lang='lat' dir='ltr'>et</span> <span class='ocrx_word' id='word_1_6' title='bbox 488 294 742 330; x_wconf 78' lang='lat' dir='ltr'>aspernarentur</span> <span class='ocrx_word' id='word_1_7' title='bbox 772 288 840 319; x_wconf 86' lang='lat' dir='ltr'>eius</span> <span class='ocrx_word' id='word_1_8' title='bbox 871 289 1032 320; x_wconf 87' lang='lat' dir='ltr'>mandata.</span> <span class='ocrx_word' id='word_1_9' title='bbox 1079 290 1174 321; x_wconf 82' lang='lat' dir='ltr'><strong>Unde</strong></span> 
     </span>
     <span class='ocr_line' id='line_1_3' title="bbox 207 331 1176 379; baseline -0.005 -10"><span class='ocrx_word' id='word_1_10' title='bbox 207 338 395 379; x_wconf 78' lang='lat' dir='ltr'>colligimus,</span> <span class='ocrx_word' id='word_1_11' title='bbox 421 334 500 365; x_wconf 90' lang='lat' dir='ltr'>nihil</span> <span class='ocrx_word' id='word_1_12' title='bbox 526 332 629 372; x_wconf 78' lang='lat' dir='ltr'>magis</span> <span class='ocrx_word' id='word_1_13' title='bbox 650 332 825 363; x_wconf 86' lang='lat' dir='ltr'>adversum</span> <span class='ocrx_word' id='word_1_14' title='bbox 850 342 919 362; x_wconf 88' lang='lat' dir='ltr'>esse</span> <span class='ocrx_word' id='word_1_15' title='bbox 942 331 1090 372; x_wconf 81' lang='lat' dir='ltr'>integrae</span> <span class='ocrx_word' id='word_1_16' title='bbox 1113 334 1176 364; x_wconf 85' lang='lat' dir='ltr'>sin-</span> 
     </span>
     <span class='ocr_line' id='line_1_4' title="bbox 207 374 1176 420; baseline -0.008 -5"><span class='ocrx_word' id='word_1_17' title='bbox 207 390 361 420; x_wconf 77' lang='lat' dir='ltr'>ceraeque</span> <span class='ocrx_word' id='word_1_18' title='bbox 386 377 531 416; x_wconf 76' lang='lat' dir='ltr'>religioni</span> <span class='ocrx_word' id='word_1_19' title='bbox 557 386 651 415; x_wconf 84' lang='lat' dir='ltr'>quam</span> <span class='ocrx_word' id='word_1_20' title='bbox 681 374 913 410; x_wconf 74' lang='lat' dir='ltr'>temeritatem,</span> <span class='ocrx_word' id='word_1_21' title='bbox 945 374 1000 404; x_wconf 90' lang='lat' dir='ltr'>ubi</span> <span class='ocrx_word' id='word_1_22' title='bbox 1031 376 1176 415; x_wconf 87' lang='lat' dir='ltr'>sequitur</span> 
     </span>
     <span class='ocr_line' id='line_1_5' title="bbox 207 416 1174 466; baseline -0.007 -10"><span class='ocrx_word' id='word_1_23' title='bbox 207 426 340 466; x_wconf 79' lang='lat' dir='ltr'>quisque</span> <span class='ocrx_word' id='word_1_24' title='bbox 363 419 446 460; x_wconf 90' lang='lat' dir='ltr'>qnod</span> <span class='ocrx_word' id='word_1_25' title='bbox 470 419 582 458; x_wconf 89' lang='lat' dir='ltr'>placet.</span> <span class='ocrx_word' id='word_1_26' title='bbox 629 418 786 449; x_wconf 86' lang='lat' dir='ltr'>Clausula</span> <span class='ocrx_word' id='word_1_27' title='bbox 809 417 863 447; x_wconf 92' lang='lat' dir='ltr'>ubi</span> <span class='ocrx_word' id='word_1_28' title='bbox 888 416 1021 448; x_wconf 89' lang='lat' dir='ltr'>dicitur:</span> <span class='ocrx_word' id='word_1_29' title='bbox 1054 418 1174 458; x_wconf 84' lang='lat' dir='ltr'>Iniqui-</span> 
     </span>
     <span class='ocr_line' id='line_1_6' title="bbox 207 459 1175 501; baseline -0.005 -4"><span class='ocrx_word' id='word_1_30' title='bbox 207 474 255 499; x_wconf 73' lang='lat' dir='ltr'>tas</span> <span class='ocrx_word' id='word_1_31' title='bbox 279 466 348 496; x_wconf 82' lang='lat' dir='ltr'>eius</span> <span class='ocrx_word' id='word_1_32' title='bbox 372 463 434 493; x_wconf 87' lang='lat' dir='ltr'>erit</span> <span class='ocrx_word' id='word_1_33' title='bbox 457 471 555 501; x_wconf 88' lang='lat' dir='ltr'>super</span> <span class='ocrx_word' id='word_1_34' title='bbox 579 471 662 495; x_wconf 82' lang='lat' dir='ltr'>eum,</span> <span class='ocrx_word' id='word_1_35' title='bbox 695 459 820 491; x_wconf 85' lang='lat' dir='ltr'>duobus</span> <span class='ocrx_word' id='word_1_36' title='bbox 848 459 953 490; x_wconf 90' lang='lat' dir='ltr'>modis</span> <span class='ocrx_word' id='word_1_37' title='bbox 983 464 1091 500; x_wconf 87' lang='lat' dir='ltr'>potest</span> <span class='ocrx_word' id='word_1_38' title='bbox 1121 472 1175 492; x_wconf 84' lang='lat' dir='ltr'>ex-</span> 
     </span>
     <span class='ocr_line' id='line_1_7' title="bbox 207 502 1175 551; baseline -0.004 -13"><span class='ocrx_word' id='word_1_39' title='bbox 207 509 298 551; x_wconf 84' lang='lat' dir='ltr'>poni:</span> <span class='ocrx_word' id='word_1_40' title='bbox 334 506 383 537; x_wconf 85' lang='lat' dir='ltr'>vel</span> <span class='ocrx_word' id='word_1_41' title='bbox 419 509 455 536; x_wconf 90' lang='lat' dir='ltr'>ut</span> <span class='ocrx_word' id='word_1_42' title='bbox 489 504 657 535; x_wconf 88' lang='lat' dir='ltr'>confirmet</span> <span class='ocrx_word' id='word_1_43' title='bbox 694 503 801 534; x_wconf 81' lang='lat' dir='ltr'>Moses</span> <span class='ocrx_word' id='word_1_44' title='bbox 835 502 953 533; x_wconf 83' lang='lat' dir='ltr'>iustam</span> <span class='ocrx_word' id='word_1_45' title='bbox 988 513 1057 533; x_wconf 82' lang='lat' dir='ltr'>esse</span> <span class='ocrx_word' id='word_1_46' title='bbox 1091 503 1175 536; x_wconf 89' lang='lat' dir='ltr'>hanc</span> 
     </span>
     <span class='ocr_line' id='line_1_8' title="bbox 206 545 1175 594; baseline -0.005 -12"><span class='ocrx_word' id='word_1_47' title='bbox 206 561 351 594; x_wconf 88' lang='lat' dir='ltr'>poenam,</span> <span class='ocrx_word' id='word_1_48' title='bbox 374 552 405 580; x_wconf 86' lang='lat' dir='ltr'>et</span> <span class='ocrx_word' id='word_1_49' title='bbox 429 548 543 578; x_wconf 86' lang='lat' dir='ltr'>morito</span> <span class='ocrx_word' id='word_1_50' title='bbox 568 547 689 586; x_wconf 80' lang='lat' dir='ltr'>infligi:</span> <span class='ocrx_word' id='word_1_51' title='bbox 722 546 782 583; x_wconf 81' lang='lat' dir='ltr'>vel,</span> <span class='ocrx_word' id='word_1_52' title='bbox 808 549 844 576; x_wconf 87' lang='lat' dir='ltr'>ut</span> <span class='ocrx_word' id='word_1_53' title='bbox 867 545 1052 583; x_wconf 85' lang='lat' dir='ltr'>admoneat,</span> <span class='ocrx_word' id='word_1_54' title='bbox 1085 551 1175 577; x_wconf 86' lang='lat' dir='ltr'>ante-</span> 
     </span>
     <span class='ocr_line' id='line_1_9' title="bbox 205 589 1175 635; baseline -0.006 -10"><span class='ocrx_word' id='word_1_55' title='bbox 205 604 301 635; x_wconf 84' lang='lat' dir='ltr'>quam</span> <span class='ocrx_word' id='word_1_56' title='bbox 324 591 453 631; x_wconf 85' lang='lat' dir='ltr'>longius</span> <span class='ocrx_word' id='word_1_57' title='bbox 478 595 586 630; x_wconf 84' lang='lat' dir='ltr'>serpat</span> <span class='ocrx_word' id='word_1_58' title='bbox 600 589 759 629; x_wconf 75' lang='lat' dir='ltr'>impietaS,</span> <span class='ocrx_word' id='word_1_59' title='bbox 784 593 910 619; x_wconf 86' lang='lat' dir='ltr'>mature</span> <span class='ocrx_word' id='word_1_60' title='bbox 922 598 991 618; x_wconf 86' lang='lat' dir='ltr'>esse</span> <span class='ocrx_word' id='word_1_61' title='bbox 1004 598 1175 620; x_wconf 88' lang='lat' dir='ltr'>occurren-</span> 
     </span>
     <span class='ocr_line' id='line_1_10' title="bbox 206 633 658 672; baseline -0.015 -3"><span class='ocrx_word' id='word_1_62' title='bbox 206 639 292 669; x_wconf 92' lang='lat' dir='ltr'>dum.</span> <span class='ocrx_word' id='word_1_63' title='bbox 337 634 523 672; x_wconf 85' lang='lat' dir='ltr'>Utrumque</span> <span class='ocrx_word' id='word_1_64' title='bbox 545 633 658 672; x_wconf 84' lang='lat' dir='ltr'>placet.</span> 
     </span>
    </p>

    <p class='ocr_par' dir='ltr' id='par_1_3' title="bbox 206 673 1180 1489">
     <span class='ocr_line' id='line_1_11' title="bbox 290 673 1175 714; baseline -0.005 -5"><span class='ocrx_word' id='word_1_65' title='bbox 290 678 397 709; x_wconf 84' lang='lat' dir='ltr'>Levit.</span> <span class='ocrx_word' id='word_1_66' title='bbox 433 676 491 712; x_wconf 81' lang='grc'>20,</span> <span class='ocrx_word' id='word_1_67' title='bbox 528 676 554 706; x_wconf 93' lang='lat'>1.</span> <span class='ocrx_word' id='word_1_68' title='bbox 613 675 773 714; x_wconf 77' lang='lat' dir='ltr'>Loquutus</span> <span class='ocrx_word' id='word_1_69' title='bbox 812 676 855 705; x_wconf 83' lang='lat' dir='ltr'>est</span> <span class='ocrx_word' id='word_1_70' title='bbox 890 673 1012 705; x_wconf 65' lang='lat' dir='ltr'>Ieltova.</span> <span class='ocrx_word' id='word_1_71' title='bbox 1068 674 1175 705; x_wconf 86' lang='lat' dir='ltr'>Huius</span> 
     </span>
     <span class='ocr_line' id='line_1_12' title="bbox 206 717 1173 762; baseline -0.007 -8"><span class='ocrx_word' id='word_1_72' title='bbox 206 720 444 762; x_wconf 75' lang='lat' dir='ltr'>superstitionis</span> <span class='ocrx_word' id='word_1_73' title='bbox 468 718 642 759; x_wconf 89' lang='lat' dir='ltr'>prohibitio</span> <span class='ocrx_word' id='word_1_74' title='bbox 667 723 741 748; x_wconf 88' lang='lat' dir='ltr'>ante</span> <span class='ocrx_word' id='word_1_75' title='bbox 762 727 820 747; x_wconf 82' lang='lat' dir='ltr'>suo</span> <span class='ocrx_word' id='word_1_76' title='bbox 839 717 907 748; x_wconf 88' lang='grc'>1000</span> <span class='ocrx_word' id='word_1_77' title='bbox 930 717 991 747; x_wconf 87' lang='lat' dir='ltr'>fuit</span> <span class='ocrx_word' id='word_1_78' title='bbox 1014 717 1173 757; x_wconf 81' lang='lat' dir='ltr'>exposita:</span> 
     </span>
     <span class='ocr_line' id='line_1_13' title="bbox 207 759 1176 802; baseline -0.007 -5"><span class='ocrx_word' id='word_1_79' title='bbox 207 776 292 797; x_wconf 90' lang='lat' dir='ltr'>nunc</span> <span class='ocrx_word' id='word_1_80' title='bbox 318 764 405 795; x_wconf 87' lang='lat' dir='ltr'>Deus</span> <span class='ocrx_word' id='word_1_81' title='bbox 429 772 566 802; x_wconf 85' lang='lat' dir='ltr'>poenam</span> <span class='ocrx_word' id='word_1_82' title='bbox 591 761 721 801; x_wconf 79' lang='lat' dir='ltr'>exigere</span> <span class='ocrx_word' id='word_1_83' title='bbox 744 759 849 798; x_wconf 83' lang='lat' dir='ltr'>iubet,</span> <span class='ocrx_word' id='word_1_84' title='bbox 871 760 897 791; x_wconf 88' lang='lat' dir='ltr'>si</span> <span class='ocrx_word' id='word_1_85' title='bbox 921 760 992 798; x_wconf 89' lang='lat' dir='ltr'>quis</span> <span class='ocrx_word' id='word_1_86' title='bbox 1015 769 1052 789; x_wconf 85' lang='lat' dir='ltr'>ea</span> <span class='ocrx_word' id='word_1_87' title='bbox 1074 770 1107 790; x_wconf 89' lang='lat' dir='ltr'>se</span> <span class='ocrx_word' id='word_1_88' title='bbox 1130 761 1176 790; x_wconf 93' lang='lat' dir='ltr'>in-</span> 
     </span>
     <span class='ocr_line' id='line_1_14' title="bbox 206 802 1174 849; baseline -0.006 -10"><span class='ocrx_word' id='word_1_89' title='bbox 206 806 400 849; x_wconf 79' lang='lat' dir='ltr'>quinaverit,</span> <span class='ocrx_word' id='word_1_90' title='bbox 452 805 496 835; x_wconf 91' lang='lat' dir='ltr'>Et</span> <span class='ocrx_word' id='word_1_91' title='bbox 525 809 611 834; x_wconf 85' lang='lat' dir='ltr'>certe</span> <span class='ocrx_word' id='word_1_92' title='bbox 648 802 837 834; x_wconf 85' lang='lat' dir='ltr'>detestabile</span> <span class='ocrx_word' id='word_1_93' title='bbox 872 802 932 833; x_wconf 86' lang='lat' dir='ltr'>fuit</span> <span class='ocrx_word' id='word_1_94' title='bbox 961 802 1174 843; x_wconf 76' lang='lat' dir='ltr'>sacrilegium,</span> 
     </span>
     <span class='ocr_line' id='line_1_15' title="bbox 206 844 1176 889; baseline -0.008 -6"><span class='ocrx_word' id='word_1_95' title='bbox 206 851 347 883; x_wconf 76' lang='lat' dir='ltr'>sobolem</span> <span class='ocrx_word' id='word_1_96' title='bbox 372 858 452 889; x_wconf 87' lang='lat' dir='ltr'>quac</span> <span class='ocrx_word' id='word_1_97' title='bbox 469 848 536 878; x_wconf 89' lang='lat' dir='ltr'>Deo</span> <span class='ocrx_word' id='word_1_98' title='bbox 561 847 672 887; x_wconf 86' lang='lat' dir='ltr'>genita</span> <span class='ocrx_word' id='word_1_99' title='bbox 684 850 763 884; x_wconf 86' lang='lat' dir='ltr'>erat,</span> <span class='ocrx_word' id='word_1_100' title='bbox 789 850 821 876; x_wconf 87' lang='lat' dir='ltr'>et</span> <span class='ocrx_word' id='word_1_101' title='bbox 845 856 942 885; x_wconf 83' lang='lat' dir='ltr'>quam</span> <span class='ocrx_word' id='word_1_102' title='bbox 967 844 1176 884; x_wconf 85' lang='lat' dir='ltr'>adoptaverat</span> 
     </span>
     <span class='ocr_line' id='line_1_16' title="bbox 207 888 1175 928; baseline -0.006 -3"><span class='ocrx_word' id='word_1_103' title='bbox 207 896 240 925; x_wconf 91' lang='lat' dir='ltr'>in</span> <span class='ocrx_word' id='word_1_104' title='bbox 275 894 394 924; x_wconf 81' lang='lat' dir='ltr'>femore</span> <span class='ocrx_word' id='word_1_105' title='bbox 430 890 598 928; x_wconf 82' lang='lat' dir='ltr'>Abrahae,</span> <span class='ocrx_word' id='word_1_106' title='bbox 636 889 728 920; x_wconf 85' lang='lat' dir='ltr'>idolis</span> <span class='ocrx_word' id='word_1_107' title='bbox 763 888 967 928; x_wconf 84' lang='lat' dir='ltr'>mancipare:</span> <span class='ocrx_word' id='word_1_108' title='bbox 1010 888 1082 928; x_wconf 88' lang='lat' dir='ltr'>quia</span> <span class='ocrx_word' id='word_1_109' title='bbox 1116 888 1175 919; x_wconf 89' lang='lat' dir='ltr'>hoc</span> 
     </span>
     <span class='ocr_line' id='line_1_17' title="bbox 208 930 1175 972; baseline -0.007 -4"><span class='ocrx_word' id='word_1_110' title='bbox 208 936 301 968; x_wconf 87' lang='lat' dir='ltr'>modo</span> <span class='ocrx_word' id='word_1_111' title='bbox 325 946 389 966; x_wconf 92' lang='lat' dir='ltr'>non</span> <span class='ocrx_word' id='word_1_112' title='bbox 418 938 545 964; x_wconf 82' lang='lat' dir='ltr'>tantum</span> <span class='ocrx_word' id='word_1_113' title='bbox 576 932 758 972; x_wconf 75' lang='lat' dir='ltr'>spoliabant</span> <span class='ocrx_word' id='word_1_114' title='bbox 782 932 887 962; x_wconf 90' lang='lat' dir='ltr'>Deum</span> <span class='ocrx_word' id='word_1_115' title='bbox 917 931 985 961; x_wconf 88' lang='lat' dir='ltr'>iure</span> <span class='ocrx_word' id='word_1_116' title='bbox 1015 941 1088 967; x_wconf 86' lang='lat' dir='ltr'>suo,</span> <span class='ocrx_word' id='word_1_117' title='bbox 1121 930 1175 962; x_wconf 89' lang='lat' dir='ltr'>sed</span> 
     </span>
     <span class='ocr_line' id='line_1_18' title="bbox 207 973 1174 1020; baseline -0.006 -9"><span class='ocrx_word' id='word_1_118' title='bbox 207 978 391 1020; x_wconf 85' lang='lat' dir='ltr'>adoptionis</span> <span class='ocrx_word' id='word_1_119' title='bbox 415 977 569 1017; x_wconf 78' lang='lat' dir='ltr'>gratiam,</span> <span class='ocrx_word' id='word_1_120' title='bbox 601 979 757 1015; x_wconf 84' lang='lat' dir='ltr'>quantum</span> <span class='ocrx_word' id='word_1_121' title='bbox 782 974 814 1005; x_wconf 93' lang='lat' dir='ltr'>in</span> <span class='ocrx_word' id='word_1_122' title='bbox 837 985 870 1005; x_wconf 86' lang='lat' dir='ltr'>se</span> <span class='ocrx_word' id='word_1_123' title='bbox 901 979 986 1010; x_wconf 89' lang='lat' dir='ltr'>erat,</span> <span class='ocrx_word' id='word_1_124' title='bbox 1017 973 1174 1005; x_wconf 86' lang='lat' dir='ltr'>dolebant.</span> 
     </span>
     <span class='ocr_line' id='line_1_19' title="bbox 208 1016 1175 1062; baseline -0.006 -9"><span class='ocrx_word' id='word_1_125' title='bbox 208 1021 304 1062; x_wconf 83' lang='lat' dir='ltr'>Quod</span> <span class='ocrx_word' id='word_1_126' title='bbox 327 1031 404 1062; x_wconf 82' lang='lat' dir='ltr'>ergo</span> <span class='ocrx_word' id='word_1_127' title='bbox 424 1020 456 1050; x_wconf 90' lang='lat' dir='ltr'>in</span> <span class='ocrx_word' id='word_1_128' title='bbox 482 1029 599 1060; x_wconf 73' lang='lat' dir='ltr'>genere</span> <span class='ocrx_word' id='word_1_129' title='bbox 614 1017 848 1058; x_wconf 79' lang='lat' dir='ltr'>pronunciavit,</span> <span class='ocrx_word' id='word_1_130' title='bbox 874 1016 1012 1047; x_wconf 82' lang='lat' dir='ltr'>nuncad</span> <span class='ocrx_word' id='word_1_131' title='bbox 1036 1017 1175 1056; x_wconf 85' lang='lat' dir='ltr'>speciem</span> 
     </span>
     <span class='ocr_line' id='line_1_20' title="bbox 208 1059 1177 1106; baseline -0.007 -10"><span class='ocrx_word' id='word_1_132' title='bbox 208 1065 357 1106; x_wconf 81' lang='lat' dir='ltr'>applicat,</span> <span class='ocrx_word' id='word_1_133' title='bbox 381 1068 414 1094; x_wconf 89' lang='lat' dir='ltr'>ut</span> <span class='ocrx_word' id='word_1_134' title='bbox 439 1062 624 1102; x_wconf 85' lang='lat' dir='ltr'>lapidentur</span> <span class='ocrx_word' id='word_1_135' title='bbox 646 1061 701 1100; x_wconf 92' lang='lat' dir='ltr'>qui</span> <span class='ocrx_word' id='word_1_136' title='bbox 732 1071 842 1091; x_wconf 84' lang='lat' dir='ltr'>semen</span> <span class='ocrx_word' id='word_1_137' title='bbox 875 1070 971 1090; x_wconf 84' lang='lat' dir='ltr'>suum</span> <span class='ocrx_word' id='word_1_138' title='bbox 1000 1059 1177 1090; x_wconf 84' lang='lat' dir='ltr'>obtulerint</span> 
     </span>
     <span class='ocr_line' id='line_1_21' title="bbox 210 1103 1177 1145; baseline -0.007 -6"><span class='ocrx_word' id='word_1_139' title='bbox 210 1107 352 1140; x_wconf 85' lang='lat' dir='ltr'>Moloch:</span> <span class='ocrx_word' id='word_1_140' title='bbox 392 1105 510 1145; x_wconf 77' lang='lat' dir='ltr'>alioqui</span> <span class='ocrx_word' id='word_1_141' title='bbox 542 1105 627 1135; x_wconf 89' lang='lat' dir='ltr'>enim</span> <span class='ocrx_word' id='word_1_142' title='bbox 656 1104 783 1135; x_wconf 77' lang='lat' dir='ltr'>cavillis</span> <span class='ocrx_word' id='word_1_143' title='bbox 814 1103 958 1143; x_wconf 84' lang='lat' dir='ltr'>effugere</span> <span class='ocrx_word' id='word_1_144' title='bbox 989 1106 1177 1140; x_wconf 83' lang='lat' dir='ltr'>tentassent,</span> 
     </span>
     <span class='ocr_line' id='line_1_22' title="bbox 208 1145 1175 1183; baseline -0.007 0"><span class='ocrx_word' id='word_1_145' title='bbox 208 1151 269 1183; x_wconf 88' lang='lat' dir='ltr'>sibi</span> <span class='ocrx_word' id='word_1_146' title='bbox 294 1161 358 1181; x_wconf 90' lang='lat' dir='ltr'>non</span> <span class='ocrx_word' id='word_1_147' title='bbox 393 1159 462 1180; x_wconf 91' lang='lat' dir='ltr'>esse</span> <span class='ocrx_word' id='word_1_148' title='bbox 496 1148 528 1178; x_wconf 90' lang='lat' dir='ltr'>in</span> <span class='ocrx_word' id='word_1_149' title='bbox 563 1148 671 1178; x_wconf 88' lang='lat' dir='ltr'>animo</span> <span class='ocrx_word' id='word_1_150' title='bbox 704 1146 840 1177; x_wconf 84' lang='lat' dir='ltr'>deficere</span> <span class='ocrx_word' id='word_1_151' title='bbox 871 1145 910 1176; x_wconf 85' lang='lat' dir='ltr'>ad</span> <span class='ocrx_word' id='word_1_152' title='bbox 941 1145 1063 1177; x_wconf 85' lang='lat' dir='ltr'>alienos</span> <span class='ocrx_word' id='word_1_153' title='bbox 1092 1145 1175 1176; x_wconf 83' lang='lat' dir='ltr'>deos.</span> 
     </span>
     <span class='ocr_line' id='line_1_23' title="bbox 210 1188 1178 1233; baseline -0.007 -8"><span class='ocrx_word' id='word_1_154' title='bbox 210 1192 494 1233; x_wconf 80' lang='lat' dir='ltr'>Quemadmodum</span> <span class='ocrx_word' id='word_1_155' title='bbox 519 1190 616 1221; x_wconf 91' lang='lat' dir='ltr'>hodie</span> <span class='ocrx_word' id='word_1_156' title='bbox 640 1191 673 1220; x_wconf 92' lang='lat' dir='ltr'>in</span> <span class='ocrx_word' id='word_1_157' title='bbox 697 1194 819 1230; x_wconf 83' lang='lat' dir='ltr'>papatu</span> <span class='ocrx_word' id='word_1_158' title='bbox 849 1188 947 1229; x_wconf 82' lang='lat' dir='ltr'>friget</span> <span class='ocrx_word' id='word_1_159' title='bbox 976 1199 1012 1219; x_wconf 88' lang='lat' dir='ltr'>ac</span> <span class='ocrx_word' id='word_1_160' title='bbox 1044 1188 1178 1228; x_wconf 82' lang='lat' dir='ltr'>vilipen-</span> 
     </span>
     <span class='ocr_line' id='line_1_24' title="bbox 210 1231 1179 1276; baseline -0.007 -8"><span class='ocrx_word' id='word_1_161' title='bbox 210 1237 297 1268; x_wconf 87' lang='lat' dir='ltr'>ditur</span> <span class='ocrx_word' id='word_1_162' title='bbox 310 1234 463 1276; x_wconf 88' lang='lat' dir='ltr'>quidquid</span> <span class='ocrx_word' id='word_1_163' title='bbox 478 1233 640 1274; x_wconf 86' lang='lat' dir='ltr'>profertur</span> <span class='ocrx_word' id='word_1_164' title='bbox 653 1244 691 1263; x_wconf 79' lang='lat' dir='ltr'>cx</span> <span class='ocrx_word' id='word_1_165' title='bbox 709 1232 870 1272; x_wconf 84' lang='lat' dir='ltr'>scriptura</span> <span class='ocrx_word' id='word_1_166' title='bbox 883 1236 995 1262; x_wconf 82' lang='lat' dir='ltr'>contra</span> <span class='ocrx_word' id='word_1_167' title='bbox 1014 1231 1128 1271; x_wconf 86' lang='lat' dir='ltr'>impios</span> <span class='ocrx_word' id='word_1_168' title='bbox 1147 1235 1179 1261; x_wconf 88' lang='lat' dir='ltr'>et</span> 
     </span>
     <span class='ocr_line' id='line_1_25' title="bbox 210 1273 1179 1316; baseline -0.007 -5"><span class='ocrx_word' id='word_1_169' title='bbox 210 1280 343 1311; x_wconf 86' lang='lat' dir='ltr'>vitiosos</span> <span class='ocrx_word' id='word_1_170' title='bbox 364 1278 486 1309; x_wconf 82' lang='lat' dir='ltr'>cultus:</span> <span class='ocrx_word' id='word_1_171' title='bbox 507 1276 582 1316; x_wconf 89' lang='lat' dir='ltr'>quia</span> <span class='ocrx_word' id='word_1_172' title='bbox 602 1275 799 1306; x_wconf 76' lang='lat' dir='ltr'>idololatrias</span> <span class='ocrx_word' id='word_1_173' title='bbox 815 1286 890 1305; x_wconf 84' lang='lat' dir='ltr'>suas</span> <span class='ocrx_word' id='word_1_174' title='bbox 903 1273 1048 1306; x_wconf 83' lang='lat' dir='ltr'>fucando.</span> <span class='ocrx_word' id='word_1_175' title='bbox 1068 1284 1179 1305; x_wconf 85' lang='lat' dir='ltr'>secure</span> 
     </span>
     <span class='ocr_line' id='line_1_26' title="bbox 210 1317 1178 1360; baseline -0.007 -6"><span class='ocrx_word' id='word_1_176' title='bbox 210 1325 245 1354; x_wconf 89' lang='lat' dir='ltr'>in</span> <span class='ocrx_word' id='word_1_177' title='bbox 267 1322 332 1353; x_wconf 86' lang='lat' dir='ltr'>illis</span> <span class='ocrx_word' id='word_1_178' title='bbox 355 1322 414 1352; x_wconf 83' lang='lat' dir='ltr'>sibi</span> <span class='ocrx_word' id='word_1_179' title='bbox 440 1320 621 1360; x_wconf 82' lang='lat' dir='ltr'>indulgent.</span> <span class='ocrx_word' id='word_1_180' title='bbox 668 1319 844 1358; x_wconf 88' lang='lat' dir='ltr'>Postquam</span> <span class='ocrx_word' id='word_1_181' title='bbox 879 1323 986 1348; x_wconf 83' lang='lat' dir='ltr'>autem</span> <span class='ocrx_word' id='word_1_182' title='bbox 1018 1317 1178 1348; x_wconf 86' lang='lat' dir='ltr'>iudicibus</span> 
     </span>
     <span class='ocr_line' id='line_1_27' title="bbox 211 1360 1178 1399; baseline -0.007 -2"><span class='ocrx_word' id='word_1_183' title='bbox 211 1365 382 1397; x_wconf 85' lang='lat' dir='ltr'>mandavit</span> <span class='ocrx_word' id='word_1_184' title='bbox 406 1364 495 1394; x_wconf 89' lang='lat' dir='ltr'>Deus</span> <span class='ocrx_word' id='word_1_185' title='bbox 520 1368 555 1393; x_wconf 86' lang='lat' dir='ltr'>ut</span> <span class='ocrx_word' id='word_1_186' title='bbox 579 1372 693 1393; x_wconf 86' lang='lat' dir='ltr'>severe</span> <span class='ocrx_word' id='word_1_187' title='bbox 717 1362 840 1393; x_wconf 87' lang='lat' dir='ltr'>crimen</span> <span class='ocrx_word' id='word_1_188' title='bbox 872 1360 932 1392; x_wconf 90' lang='grc'>1100</span> <span class='ocrx_word' id='word_1_189' title='bbox 956 1360 1108 1399; x_wconf 88' lang='lat' dir='ltr'>puniant,</span> <span class='ocrx_word' id='word_1_190' title='bbox 1137 1360 1178 1390; x_wconf 81' lang='lat' dir='ltr'>si-</span> 
     </span>
     <span class='ocr_line' id='line_1_28' title="bbox 211 1402 1179 1442; baseline -0.006 -3"><span class='ocrx_word' id='word_1_191' title='bbox 211 1409 281 1439; x_wconf 89' lang='lat' dir='ltr'>mul</span> <span class='ocrx_word' id='word_1_192' title='bbox 313 1406 503 1441; x_wconf 80' lang='lat' dir='ltr'>denunciat,</span> <span class='ocrx_word' id='word_1_193' title='bbox 541 1406 567 1436; x_wconf 85' lang='lat' dir='ltr'>si</span> <span class='ocrx_word' id='word_1_194' title='bbox 600 1405 684 1435; x_wconf 88' lang='lat' dir='ltr'>forte</span> <span class='ocrx_word' id='word_1_195' title='bbox 715 1403 917 1435; x_wconf 85' lang='lat' dir='ltr'>connivendo</span> <span class='ocrx_word' id='word_1_196' title='bbox 958 1409 989 1433; x_wconf 90' lang='lat' dir='ltr'>et</span> <span class='ocrx_word' id='word_1_197' title='bbox 1020 1402 1179 1442; x_wconf 80' lang='lat' dir='ltr'>parcendo</span> 
     </span>
     <span class='ocr_line' id='line_1_29' title="bbox 212 1444 1180 1489; baseline -0.008 -6"><span class='ocrx_word' id='word_1_198' title='bbox 212 1452 360 1486; x_wconf 75' lang='lat' dir='ltr'>foveant,</span> <span class='ocrx_word' id='word_1_199' title='bbox 395 1460 428 1481; x_wconf 89' lang='lat' dir='ltr'>se</span> <span class='ocrx_word' id='word_1_200' title='bbox 457 1449 565 1489; x_wconf 90' lang='lat' dir='ltr'>ipsum</span> <span class='ocrx_word' id='word_1_201' title='bbox 589 1448 656 1479; x_wconf 84' lang='lat' dir='ltr'>fore</span> <span class='ocrx_word' id='word_1_202' title='bbox 691 1447 846 1483; x_wconf 86' lang='lat' dir='ltr'>ultorem,</span> <span class='ocrx_word' id='word_1_203' title='bbox 882 1451 917 1477; x_wconf 90' lang='lat' dir='ltr'>ut</span> <span class='ocrx_word' id='word_1_204' title='bbox 941 1445 1035 1486; x_wconf 81' lang='lat' dir='ltr'>longe</span> <span class='ocrx_word' id='word_1_205' title='bbox 1070 1444 1180 1475; x_wconf 81' lang='lat' dir='ltr'>durius</span> 
     </span>
    </p>
   </div>
   <div class='ocr_carea' id='block_1_3' title="bbox 214 1483 1207 1535">
    <p class='ocr_par' dir='ltr' id='par_1_4' title="bbox 214 1483 1207 1535">
     <span class='ocr_line' id='line_1_30' title="bbox 214 1483 1207 1535; baseline -0.007 -10"><span class='ocrx_word' id='word_1_206' title='bbox 214 1497 427 1535; x_wconf 89' lang='lat' dir='ltr'>persequatur</span> <span class='ocrx_word' id='word_1_207' title='bbox 448 1492 502 1532; x_wconf 89' lang='lat' dir='ltr'>qni</span> <span class='ocrx_word' id='word_1_208' title='bbox 525 1491 625 1531; x_wconf 86' lang='lat' dir='ltr'>elapsi</span> <span class='ocrx_word' id='word_1_209' title='bbox 649 1490 772 1521; x_wconf 85' lang='lat' dir='ltr'>fuerint</span> <span class='ocrx_word' id='word_1_210' title='bbox 795 1500 811 1520; x_wconf 91' lang='lat' dir='ltr'>e</span> <span class='ocrx_word' id='word_1_211' title='bbox 830 1489 981 1520; x_wconf 86' lang='lat' dir='ltr'>manibus</span> <span class='ocrx_word' id='word_1_212' title='bbox 1005 1488 1180 1525; x_wconf 88' lang='lat' dir='ltr'>hominum,</span> <span class='ocrx_word' id='word_1_213' title='bbox 1206 1483 1207 1491; x_wconf 51' lang='lat'>¹</span> 
     </span>
    </p>
   </div>
   <div class='ocr_carea' id='block_1_4' title="bbox 214 1530 1186 2092">
    <p class='ocr_par' dir='ltr' id='par_1_5' title="bbox 214 1530 1179 1618">
     <span class='ocr_line' id='line_1_31' title="bbox 214 1530 1179 1577; baseline -0.008 -9"><span class='ocrx_word' id='word_1_214' title='bbox 214 1548 317 1577; x_wconf 87' lang='lat' dir='ltr'>nequo</span> <span class='ocrx_word' id='word_1_215' title='bbox 341 1536 372 1566; x_wconf 92' lang='lat' dir='ltr'>id</span> <span class='ocrx_word' id='word_1_216' title='bbox 392 1535 496 1572; x_wconf 89' lang='lat' dir='ltr'>modo,</span> <span class='ocrx_word' id='word_1_217' title='bbox 520 1534 575 1564; x_wconf 84' lang='lat' dir='ltr'>sed</span> <span class='ocrx_word' id='word_1_218' title='bbox 600 1534 695 1564; x_wconf 86' lang='lat' dir='ltr'>etiam</span> <span class='ocrx_word' id='word_1_219' title='bbox 710 1540 745 1564; x_wconf 88' lang='grc'>111</span> <span class='ocrx_word' id='word_1_220' title='bbox 769 1533 912 1564; x_wconf 87' lang='lat' dir='ltr'>conscios</span> <span class='ocrx_word' id='word_1_221' title='bbox 936 1542 1046 1562; x_wconf 76' lang='lat' dir='ltr'>omnes</span> <span class='ocrx_word' id='word_1_222' title='bbox 1069 1530 1179 1562; x_wconf 83' lang='lat' dir='ltr'>eadem</span> 
     </span>
     <span class='ocr_line' id='line_1_32' title="bbox 215 1578 600 1618; baseline -0.01 -7"><span class='ocrx_word' id='word_1_223' title='bbox 215 1580 423 1611; x_wconf 75' lang='lat' dir='ltr'>danmatione</span> <span class='ocrx_word' id='word_1_224' title='bbox 446 1578 600 1618; x_wconf 85' lang='lat' dir='ltr'>implicet.</span> 
     </span>
    </p>

    <p class='ocr_par' dir='ltr' id='par_1_6' title="bbox 215 1616 1186 2092">
     <span class='ocr_line' id='line_1_33' title="bbox 301 1616 1180 1659; baseline -0.007 -6"><span class='ocrx_word' id='word_1_225' title='bbox 301 1621 407 1653; x_wconf 78' lang='lat' dir='ltr'>Exodi</span> <span class='ocrx_word' id='word_1_226' title='bbox 433 1621 481 1657; x_wconf 76' lang='lat'>12,</span> <span class='ocrx_word' id='word_1_227' title='bbox 507 1620 556 1651; x_wconf 81' lang='lat'>15.</span> <span class='ocrx_word' id='word_1_228' title='bbox 595 1620 772 1659; x_wconf 73' lang='lat' dir='ltr'>Quicunque</span> <span class='ocrx_word' id='word_1_229' title='bbox 793 1618 965 1650; x_wconf 77' lang='lat' dir='ltr'>comcderit.</span> <span class='ocrx_word' id='word_1_230' title='bbox 1011 1617 1100 1648; x_wconf 87' lang='lat' dir='ltr'>Haec</span> <span class='ocrx_word' id='word_1_231' title='bbox 1130 1616 1180 1647; x_wconf 80' lang='lat' dir='ltr'>lex</span> 
     </span>
     <span class='ocr_line' id='line_1_34' title="bbox 215 1660 1180 1702; baseline -0.008 -5"><span class='ocrx_word' id='word_1_232' title='bbox 215 1666 254 1697; x_wconf 90' lang='lat' dir='ltr'>ad</span> <span class='ocrx_word' id='word_1_233' title='bbox 296 1665 555 1697; x_wconf 85' lang='lat' dir='ltr'>observationem</span> <span class='ocrx_word' id='word_1_234' title='bbox 602 1662 763 1702; x_wconf 82' lang='lat' dir='ltr'>paschatis</span> <span class='ocrx_word' id='word_1_235' title='bbox 809 1660 992 1702; x_wconf 80' lang='lat' dir='ltr'>specialiter</span> <span class='ocrx_word' id='word_1_236' title='bbox 1033 1660 1180 1691; x_wconf 84' lang='lat' dir='ltr'>refertur.</span> 
     </span>
     <span class='ocr_line' id='line_1_35' title="bbox 215 1704 1181 1742; baseline -0.008 -2"><span class='ocrx_word' id='word_1_237' title='bbox 215 1709 303 1740; x_wconf 84' lang='lat' dir='ltr'>Ante</span> <span class='ocrx_word' id='word_1_238' title='bbox 328 1708 429 1739; x_wconf 76' lang='lat' dir='ltr'>vetuit</span> <span class='ocrx_word' id='word_1_239' title='bbox 454 1707 543 1737; x_wconf 86' lang='lat' dir='ltr'>Deus</span> <span class='ocrx_word' id='word_1_240' title='bbox 573 1716 668 1736; x_wconf 90' lang='lat' dir='ltr'>usum</span> <span class='ocrx_word' id='word_1_241' title='bbox 698 1704 862 1735; x_wconf 86' lang='lat' dir='ltr'>fermenti:</span> <span class='ocrx_word' id='word_1_242' title='bbox 896 1714 981 1734; x_wconf 90' lang='lat' dir='ltr'>nunc</span> <span class='ocrx_word' id='word_1_243' title='bbox 1012 1713 1086 1734; x_wconf 89' lang='lat' dir='ltr'>vero</span> <span class='ocrx_word' id='word_1_244' title='bbox 1110 1713 1181 1742; x_wconf 90' lang='lat' dir='ltr'>poe-</span> 
     </span>
     <span class='ocr_line' id='line_1_36' title="bbox 217 1746 1181 1789; baseline -0.009 -5"><span class='ocrx_word' id='word_1_245' title='bbox 217 1763 292 1783; x_wconf 90' lang='lat' dir='ltr'>nam</span> <span class='ocrx_word' id='word_1_246' title='bbox 316 1751 422 1788; x_wconf 87' lang='lat' dir='ltr'>cdicit,</span> <span class='ocrx_word' id='word_1_247' title='bbox 446 1750 473 1780; x_wconf 88' lang='lat' dir='ltr'>si</span> <span class='ocrx_word' id='word_1_248' title='bbox 498 1750 567 1789; x_wconf 85' lang='lat' dir='ltr'>quis</span> <span class='ocrx_word' id='word_1_249' title='bbox 588 1749 736 1788; x_wconf 80' lang='lat' dir='ltr'>neglecta</span> <span class='ocrx_word' id='word_1_250' title='bbox 749 1747 966 1788; x_wconf 85' lang='lat' dir='ltr'>prohibitione</span> <span class='ocrx_word' id='word_1_251' title='bbox 986 1746 1181 1776; x_wconf 87' lang='lat' dir='ltr'>fermentum</span> 
     </span>
     <span class='ocr_line' id='line_1_37' title="bbox 216 1789 1183 1832; baseline -0.008 -6"><span class='ocrx_word' id='word_1_252' title='bbox 216 1795 383 1826; x_wconf 82' lang='lat' dir='ltr'>miscuerit</span> <span class='ocrx_word' id='word_1_253' title='bbox 406 1803 477 1823; x_wconf 90' lang='lat' dir='ltr'>cum</span> <span class='ocrx_word' id='word_1_254' title='bbox 495 1792 658 1832; x_wconf 82' lang='lat' dir='ltr'>paschate.</span> <span class='ocrx_word' id='word_1_255' title='bbox 702 1791 803 1821; x_wconf 87' lang='lat' dir='ltr'>Porro</span> <span class='ocrx_word' id='word_1_256' title='bbox 828 1802 891 1821; x_wconf 90' lang='lat' dir='ltr'>non</span> <span class='ocrx_word' id='word_1_257' title='bbox 916 1790 1035 1828; x_wconf 84' lang='lat' dir='ltr'>absque</span> <span class='ocrx_word' id='word_1_258' title='bbox 1059 1789 1183 1819; x_wconf 78' lang='lat' dir='ltr'>ratione</span> 
     </span>
     <span class='ocr_line' id='line_1_38' title="bbox 216 1832 1182 1874; baseline -0.008 -5"><span class='ocrx_word' id='word_1_259' title='bbox 216 1839 250 1869; x_wconf 89' lang='lat' dir='ltr'>in</span> <span class='ocrx_word' id='word_1_260' title='bbox 274 1838 359 1868; x_wconf 90' lang='lat' dir='ltr'>hunc</span> <span class='ocrx_word' id='word_1_261' title='bbox 380 1837 484 1867; x_wconf 92' lang='lat' dir='ltr'>locum</span> <span class='ocrx_word' id='word_1_262' title='bbox 506 1835 694 1866; x_wconf 80' lang='lat' dir='ltr'>distulimus</span> <span class='ocrx_word' id='word_1_263' title='bbox 718 1834 802 1874; x_wconf 86' lang='lat' dir='ltr'>quod</span> <span class='ocrx_word' id='word_1_264' title='bbox 827 1832 971 1864; x_wconf 82' lang='lat' dir='ltr'>contexit</span> <span class='ocrx_word' id='word_1_265' title='bbox 986 1832 1092 1863; x_wconf 88' lang='lat' dir='ltr'>Moses</span> <span class='ocrx_word' id='word_1_266' title='bbox 1112 1842 1182 1862; x_wconf 90' lang='lat' dir='ltr'>cum</span> 
     </span>
     <span class='ocr_line' id='line_1_39' title="bbox 217 1874 1184 1918; baseline -0.007 -7"><span class='ocrx_word' id='word_1_267' title='bbox 217 1881 422 1912; x_wconf 86' lang='lat' dir='ltr'>institutione</span> <span class='ocrx_word' id='word_1_268' title='bbox 446 1877 618 1918; x_wconf 82' lang='lat' dir='ltr'>paschatis.</span> <span class='ocrx_word' id='word_1_269' title='bbox 666 1877 703 1907; x_wconf 91' lang='lat' dir='ltr'>Id</span> <span class='ocrx_word' id='word_1_270' title='bbox 728 1877 812 1907; x_wconf 85' lang='grc'>0111111</span> <span class='ocrx_word' id='word_1_271' title='bbox 845 1875 1015 1907; x_wconf 83' lang='lat' dir='ltr'>methodus</span> <span class='ocrx_word' id='word_1_272' title='bbox 1045 1886 1062 1905; x_wconf 83' lang='lat' dir='ltr'>a</span> <span class='ocrx_word' id='word_1_273' title='bbox 1091 1874 1184 1905; x_wconf 88' lang='lat' dir='ltr'>nobis</span> 
     </span>
     <span class='ocr_line' id='line_1_40' title="bbox 217 1920 1184 1964; baseline -0.009 -9"><span class='ocrx_word' id='word_1_274' title='bbox 217 1923 382 1964; x_wconf 85' lang='lat' dir='ltr'>proposita</span> <span class='ocrx_word' id='word_1_275' title='bbox 405 1922 538 1961; x_wconf 68' lang='lat' dir='ltr'>flagitat,</span> <span class='ocrx_word' id='word_1_276' title='bbox 565 1926 597 1951; x_wconf 89' lang='lat' dir='ltr'>ut</span> <span class='ocrx_word' id='word_1_277' title='bbox 622 1921 708 1960; x_wconf 83' lang='lat' dir='ltr'>leges</span> <span class='ocrx_word' id='word_1_278' title='bbox 722 1920 878 1960; x_wconf 85' lang='lat' dir='ltr'>politicae,</span> <span class='ocrx_word' id='word_1_279' title='bbox 903 1928 984 1959; x_wconf 82' lang='lat' dir='ltr'>qnae</span> <span class='ocrx_word' id='word_1_280' title='bbox 1007 1927 1184 1957; x_wconf 86' lang='lat' dir='ltr'>poenarum</span> 
     </span>
     <span class='ocr_line' id='line_1_41' title="bbox 218 1959 1183 2001; baseline -0.007 -5"><span class='ocrx_word' id='word_1_281' title='bbox 218 1966 465 1997; x_wconf 85' lang='lat' dir='ltr'>denunciatione</span> <span class='ocrx_word' id='word_1_282' title='bbox 488 1964 641 1995; x_wconf 79' lang='lat' dir='ltr'>sanciunt</span> <span class='ocrx_word' id='word_1_283' title='bbox 661 1963 722 1994; x_wconf 91' lang='lat' dir='ltr'>Dei</span> <span class='ocrx_word' id='word_1_284' title='bbox 746 1962 887 1999; x_wconf 87' lang='lat' dir='ltr'>cultum,</span> <span class='ocrx_word' id='word_1_285' title='bbox 911 1961 1077 2001; x_wconf 86' lang='lat' dir='ltr'>proprium</span> <span class='ocrx_word' id='word_1_286' title='bbox 1100 1959 1183 1990; x_wconf 87' lang='lat' dir='ltr'>ordi-</span> 
     </span>
     <span class='ocr_line' id='line_1_42' title="bbox 218 2002 1186 2046; baseline -0.008 -6"><span class='ocrx_word' id='word_1_287' title='bbox 218 2020 290 2040; x_wconf 88' lang='lat' dir='ltr'>nem</span> <span class='ocrx_word' id='word_1_288' title='bbox 315 2009 493 2039; x_wconf 84' lang='lat' dir='ltr'>obtineant.</span> <span class='ocrx_word' id='word_1_289' title='bbox 541 2007 643 2037; x_wconf 87' lang='lat' dir='ltr'>Porro</span> <span class='ocrx_word' id='word_1_290' title='bbox 667 2017 707 2037; x_wconf 81' lang='lat' dir='ltr'>ex</span> <span class='ocrx_word' id='word_1_291' title='bbox 731 2016 835 2046; x_wconf 80' lang='lat' dir='ltr'>poena</span> <span class='ocrx_word' id='word_1_292' title='bbox 858 2009 1007 2044; x_wconf 85' lang='lat' dir='ltr'>apparet,</span> <span class='ocrx_word' id='word_1_293' title='bbox 1037 2002 1186 2042; x_wconf 82' lang='lat' dir='ltr'>quamvis</span> 
     </span>
     <span class='ocr_line' id='line_1_43' title="bbox 218 2046 1186 2092; baseline -0.008 -9"><span class='ocrx_word' id='word_1_294' title='bbox 218 2063 269 2083; x_wconf 78' lang='lat' dir='ltr'>res</span> <span class='ocrx_word' id='word_1_295' title='bbox 294 2063 349 2092; x_wconf 89' lang='lat' dir='ltr'>per</span> <span class='ocrx_word' id='word_1_296' title='bbox 373 2062 406 2082; x_wconf 88' lang='lat' dir='ltr'>se</span> <span class='ocrx_word' id='word_1_297' title='bbox 431 2050 471 2081; x_wconf 86' lang='lat' dir='ltr'>sit</span> <span class='ocrx_word' id='word_1_298' title='bbox 495 2050 575 2080; x_wconf 88' lang='lat' dir='ltr'>levis</span> <span class='ocrx_word' id='word_1_299' title='bbox 608 2049 764 2080; x_wconf 89' lang='lat' dir='ltr'>momenti</span> <span class='ocrx_word' id='word_1_300' title='bbox 789 2048 951 2079; x_wconf 82' lang='lat' dir='ltr'>abstinere</span> <span class='ocrx_word' id='word_1_301' title='bbox 982 2057 1000 2077; x_wconf 87' lang='lat' dir='ltr'>a</span> <span class='ocrx_word' id='word_1_302' title='bbox 1028 2046 1186 2076; x_wconf 86' lang='lat' dir='ltr'>fermento</span> 
     </span>
    </p>
   </div>
   <div class='ocr_carea' id='block_1_5' title="bbox 218 2088 1213 2136">
    <p class='ocr_par' dir='ltr' id='par_1_7' title="bbox 218 2088 1213 2136">
     <span class='ocr_line' id='line_1_44' title="bbox 218 2088 1213 2136; baseline -0.007 -11"><span class='ocrx_word' id='word_1_303' title='bbox 218 2095 326 2136; x_wconf 87' lang='lat' dir='ltr'>(sicuti</span> <span class='ocrx_word' id='word_1_304' title='bbox 352 2093 474 2125; x_wconf 83' lang='lat' dir='ltr'>Paulus</span> <span class='ocrx_word' id='word_1_305' title='bbox 499 2093 591 2124; x_wconf 86' lang='lat' dir='ltr'>docet</span> <span class='ocrx_word' id='word_1_306' title='bbox 614 2092 648 2122; x_wconf 92' lang='lat' dir='ltr'>in</span> <span class='ocrx_word' id='word_1_307' title='bbox 672 2091 894 2132; x_wconf 82' lang='lat' dir='ltr'>corporalibus</span> <span class='ocrx_word' id='word_1_308' title='bbox 925 2089 1090 2120; x_wconf 82' lang='lat' dir='ltr'>exercitiis</span> <span class='ocrx_word' id='word_1_309' title='bbox 1122 2088 1186 2119; x_wconf 80' lang='lat' dir='ltr'>exi·</span> <span class='ocrx_word' id='word_1_310' title='bbox 1212 2104 1213 2118; x_wconf 63' lang='grc' dir='ltr'>ι</span> 
     </span>
    </p>
   </div>
   <div class='ocr_carea' id='block_1_6' title="bbox 218 2133 1189 2349">
    <p class='ocr_par' dir='ltr' id='par_1_8' title="bbox 218 2133 1189 2349">
     <span class='ocr_line' id='line_1_45' title="bbox 218 2133 1186 2178; baseline -0.008 -9"><span class='ocrx_word' id='word_1_311' title='bbox 218 2148 315 2178; x_wconf 85' lang='lat' dir='ltr'>guam</span> <span class='ocrx_word' id='word_1_312' title='bbox 341 2148 410 2168; x_wconf 80' lang='lat' dir='ltr'>esse</span> <span class='ocrx_word' id='word_1_313' title='bbox 435 2136 608 2167; x_wconf 82' lang='lat' dir='ltr'>utilitatem</span> <span class='ocrx_word' id='word_1_314' title='bbox 623 2136 652 2173; x_wconf 92' lang='lat'>[1</span> <span class='ocrx_word' id='word_1_315' title='bbox 668 2136 750 2166; x_wconf 85' lang='lat' dir='ltr'>Tim.</span> <span class='ocrx_word' id='word_1_316' title='bbox 764 2135 793 2170; x_wconf 87' lang='lat'>4,</span> <span class='ocrx_word' id='word_1_317' title='bbox 816 2133 871 2175; x_wconf 86' lang='lat'>8]),</span> <span class='ocrx_word' id='word_1_318' title='bbox 896 2138 1054 2173; x_wconf 85' lang='lat' dir='ltr'>quatenus</span> <span class='ocrx_word' id='word_1_319' title='bbox 1077 2135 1186 2161; x_wconf 88' lang='lat' dir='ltr'>tamen</span> 
     </span>
     <span class='ocr_line' id='line_1_46' title="bbox 220 2174 1188 2217; baseline -0.008 -6"><span class='ocrx_word' id='word_1_320' title='bbox 220 2182 252 2211; x_wconf 92' lang='grc'>10</span> <span class='ocrx_word' id='word_1_321' title='bbox 283 2180 339 2210; x_wconf 88' lang='lat' dir='ltr'>illa</span> <span class='ocrx_word' id='word_1_322' title='bbox 368 2179 570 2210; x_wconf 77' lang='lat' dir='ltr'>caeremonia</span> <span class='ocrx_word' id='word_1_323' title='bbox 600 2178 828 2209; x_wconf 85' lang='lat' dir='ltr'>continebatur</span> <span class='ocrx_word' id='word_1_324' title='bbox 859 2176 968 2217; x_wconf 89' lang='lat' dir='ltr'>populi</span> <span class='ocrx_word' id='word_1_325' title='bbox 1000 2174 1188 2214; x_wconf 79' lang='lat' dir='ltr'>redemptio,</span> 
     </span>
     <span class='ocr_line' id='line_1_47' title="bbox 220 2217 1189 2258; baseline -0.008 -4"><span class='ocrx_word' id='word_1_326' title='bbox 220 2233 384 2254; x_wconf 80' lang='lat' dir='ltr'>summum</span> <span class='ocrx_word' id='word_1_327' title='bbox 410 2222 513 2253; x_wconf 77' lang='lat' dir='ltr'>scelus</span> <span class='ocrx_word' id='word_1_328' title='bbox 527 2222 624 2252; x_wconf 82' lang='lat' dir='ltr'>fuisse</span> <span class='ocrx_word' id='word_1_329' title='bbox 649 2232 712 2252; x_wconf 89' lang='lat' dir='ltr'>non</span> <span class='ocrx_word' id='word_1_330' title='bbox 737 2221 908 2251; x_wconf 87' lang='lat' dir='ltr'>observare</span> <span class='ocrx_word' id='word_1_331' title='bbox 932 2217 1086 2258; x_wconf 89' lang='lat' dir='ltr'>quidquid</span> <span class='ocrx_word' id='word_1_332' title='bbox 1100 2217 1189 2247; x_wconf 86' lang='lat' dir='ltr'>Deus</span> 
     </span>
     <span class='ocr_line' id='line_1_48' title="bbox 221 2260 1189 2307; baseline -0.008 -10"><span class='ocrx_word' id='word_1_333' title='bbox 221 2266 481 2307; x_wconf 80' lang='lat' dir='ltr'>praescripserat.</span> <span class='ocrx_word' id='word_1_334' title='bbox 519 2265 613 2296; x_wconf 82' lang='lat' dir='ltr'>Ritus</span> <span class='ocrx_word' id='word_1_335' title='bbox 637 2264 723 2295; x_wconf 88' lang='lat' dir='ltr'>enim</span> <span class='ocrx_word' id='word_1_336' title='bbox 747 2262 867 2305; x_wconf 81' lang='lat' dir='ltr'>legales</span> <span class='ocrx_word' id='word_1_337' title='bbox 888 2273 906 2293; x_wconf 88' lang='lat' dir='ltr'>a</span> <span class='ocrx_word' id='word_1_338' title='bbox 929 2272 987 2293; x_wconf 90' lang='lat' dir='ltr'>suo</span> <span class='ocrx_word' id='word_1_339' title='bbox 1008 2262 1071 2291; x_wconf 89' lang='lat' dir='ltr'>fine</span> <span class='ocrx_word' id='word_1_340' title='bbox 1095 2260 1189 2290; x_wconf 86' lang='lat' dir='ltr'>aesti-</span> 
     </span>
     <span class='ocr_line' id='line_1_49' title="bbox 224 2308 482 2349; baseline -0.008 -9"><span class='ocrx_word' id='word_1_341' title='bbox 224 2309 307 2340; x_wconf 89' lang='lat' dir='ltr'>mari</span> <span class='ocrx_word' id='word_1_342' title='bbox 330 2308 482 2349; x_wconf 86' lang='lat' dir='ltr'>oportuit.</span> 
     </span>
    </p>
   </div>
   <div class='ocr_carea' id='block_1_7' title="bbox 493 2474 915 2509">
    <p class='ocr_par' dir='ltr' id='par_1_9' title="bbox 493 2474 915 2509">
     <span class='ocr_line' id='line_1_50' title="bbox 493 2474 915 2509; baseline -0.005 -1"><span class='ocrx_word' id='word_1_343' title='bbox 493 2478 556 2508; x_wconf 84' lang='lat' dir='ltr'>EX</span> <span class='ocrx_word' id='word_1_344' title='bbox 581 2477 778 2509; x_wconf 82' lang='lat' dir='ltr'>DEUTER.</span> <span class='ocrx_word' id='word_1_345' title='bbox 803 2474 915 2506; x_wconf 85' lang='lat' dir='ltr'>XVII.</span> 
     </span>
    </p>
   </div>
   <div class='ocr_carea' id='block_1_8' title="bbox 226 2557 1193 2687">
    <p class='ocr_par' dir='ltr' id='par_1_10' title="bbox 226 2557 1193 2687">
     <span class='ocr_line' id='line_1_51' title="bbox 314 2557 1192 2603; baseline -0.006 -9"><span class='ocrx_word' id='word_1_346' title='bbox 314 2564 360 2594; x_wconf 80' lang='lat'>14.</span> <span class='ocrx_word' id='word_1_347' title='bbox 389 2564 489 2603; x_wconf 69' lang='lat' dir='ltr'>Quum</span> <span class='ocrx_word' id='word_1_348' title='bbox 512 2564 673 2603; x_wconf 74' lang='lat' dir='ltr'>inqressus</span> <span class='ocrx_word' id='word_1_349' title='bbox 694 2563 794 2602; x_wconf 82' lang='lat' dir='ltr'>fueris</span> <span class='ocrx_word' id='word_1_350' title='bbox 818 2564 933 2592; x_wconf 77' lang='lat' dir='ltr'>terram</span> <span class='ocrx_word' id='word_1_351' title='bbox 961 2569 1056 2598; x_wconf 74' lang='lat' dir='ltr'>quam</span> <span class='ocrx_word' id='word_1_352' title='bbox 1080 2557 1192 2589; x_wconf 73' lang='lat' dir='ltr'>Icliova</span> 
     </span>
     <span class='ocr_line' id='line_1_52' title="bbox 227 2601 1193 2645; baseline -0.006 -8"><span class='ocrx_word' id='word_1_353' title='bbox 227 2606 314 2637; x_wconf 68' lang='lat' dir='ltr'>Deus</span> <span class='ocrx_word' id='word_1_354' title='bbox 336 2610 408 2637; x_wconf 77' lang='lat' dir='ltr'>tuus</span> <span class='ocrx_word' id='word_1_355' title='bbox 430 2607 484 2637; x_wconf 77' lang='lat' dir='ltr'>dat</span> <span class='ocrx_word' id='word_1_356' title='bbox 507 2606 575 2643; x_wconf 85' lang='lat' dir='ltr'>tibi,</span> <span class='ocrx_word' id='word_1_357' title='bbox 601 2609 626 2635; x_wconf 67' lang='lat' dir='ltr'>cl</span> <span class='ocrx_word' id='word_1_358' title='bbox 645 2605 820 2645; x_wconf 71' lang='lat' dir='ltr'>possederis</span> <span class='ocrx_word' id='word_1_359' title='bbox 843 2613 924 2640; x_wconf 76' lang='lat' dir='ltr'>Cum,</span> <span class='ocrx_word' id='word_1_360' title='bbox 956 2605 982 2632; x_wconf 88' lang='lat' dir='ltr'>et</span> <span class='ocrx_word' id='word_1_361' title='bbox 1004 2601 1193 2632; x_wconf 70' lang='lat' dir='ltr'>habitaveris</span> 
     </span>
     <span class='ocr_line' id='line_1_53' title="bbox 226 2644 1193 2687; baseline -0.005 -9"><span class='ocrx_word' id='word_1_362' title='bbox 226 2650 257 2678; x_wconf 74' lang='lat' dir='ltr'>iu</span> <span class='ocrx_word' id='word_1_363' title='bbox 281 2660 324 2687; x_wconf 66' lang='lat' dir='ltr'>rm,</span> <span class='ocrx_word' id='word_1_364' title='bbox 349 2660 383 2679; x_wconf 81' lang='lat' dir='ltr'>ac</span> <span class='ocrx_word' id='word_1_365' title='bbox 406 2649 543 2679; x_wconf 59' lang='lat' dir='ltr'>differis,-</span> <span class='ocrx_word' id='word_1_366' title='bbox 575 2648 765 2681; x_wconf 72' lang='lat' dir='ltr'>Constituam</span> <span class='ocrx_word' id='word_1_367' title='bbox 794 2657 888 2686; x_wconf 72' lang='lat' dir='ltr'>super</span> <span class='ocrx_word' id='word_1_368' title='bbox 912 2656 957 2675; x_wconf 81' lang='lat' dir='ltr'>mc</span> <span class='ocrx_word' id='word_1_369' title='bbox 986 2654 1085 2684; x_wconf 69' lang='lat' dir='ltr'>rcyem</span> <span class='ocrx_word' id='word_1_370' title='bbox 1113 2644 1193 2674; x_wconf 83' lang='lat' dir='ltr'>sicut</span> 
     </span>
    </p>
   </div>
   <div class='ocr_carea' id='block_1_9' title="bbox 2139 196 2201 228">
    <p class='ocr_par' dir='ltr' id='par_1_11' title="bbox 2139 196 2201 228">
     <span class='ocr_line' id='line_1_54' title="bbox 2139 196 2201 228; baseline 0.032 -2"><span class='ocrx_word' id='word_1_371' title='bbox 2139 196 2201 228; x_wconf 84' lang='lat'>368</span> 
     </span>
    </p>
   </div>
   <div class='ocr_carea' id='block_1_10' title="bbox 1201 289 2202 1133">
    <p class='ocr_par' dir='ltr' id='par_1_12' title="bbox 1201 289 2202 1133">
     <span class='ocr_line' id='line_1_55' title="bbox 1201 289 2202 331; baseline -0.001 -10"><span class='ocrx_word' id='word_1_372' title='bbox 1201 298 1203 304; x_wconf 52' lang='lat'>⁸</span> <span class='ocrx_word' id='word_1_373' title='bbox 1229 301 1331 322; x_wconf 74' lang='lat' dir='ltr'>onmes</span> <span class='ocrx_word' id='word_1_374' title='bbox 1350 294 1451 331; x_wconf 62' lang='lat' dir='ltr'>{lentes</span> <span class='ocrx_word' id='word_1_375' title='bbox 1474 301 1551 330; x_wconf 74' lang='lat' dir='ltr'>quae</span> <span class='ocrx_word' id='word_1_376' title='bbox 1574 293 1644 322; x_wconf 79' lang='lat' dir='ltr'>suut</span> <span class='ocrx_word' id='word_1_377' title='bbox 1660 300 1720 329; x_wconf 72' lang='lat' dir='ltr'>per</span> <span class='ocrx_word' id='word_1_378' title='bbox 1743 290 1891 320; x_wconf 82' lang='lat' dir='ltr'>circuitus</span> <span class='ocrx_word' id='word_1_379' title='bbox 1913 299 2001 328; x_wconf 85' lang='lat' dir='ltr'>meos,</span> <span class='ocrx_word' id='word_1_380' title='bbox 2049 290 2097 322; x_wconf 86' lang='lat'>15.</span> <span class='ocrx_word' id='word_1_381' title='bbox 2125 289 2202 321; x_wconf 82' lang='lat' dir='ltr'>Con-</span> 
     </span>
     <span class='ocr_line' id='line_1_56' title="bbox 1201 305 2200 373; baseline -0.001 -9"><span class='ocrx_word' id='word_1_382' title='bbox 1201 305 1204 359; x_wconf 60' lang='lat'><strong><em>.</em></strong></span> <span class='ocrx_word' id='word_1_383' title='bbox 1228 334 1381 364; x_wconf 71' lang='lat' dir='ltr'>stituendo</span> <span class='ocrx_word' id='word_1_384' title='bbox 1403 335 1565 365; x_wconf 74' lang='lat' dir='ltr'>constitues</span> <span class='ocrx_word' id='word_1_385' title='bbox 1584 342 1678 371; x_wconf 69' lang='lat' dir='ltr'>super</span> <span class='ocrx_word' id='word_1_386' title='bbox 1697 335 1723 363; x_wconf 80' lang='lat' dir='ltr'>te</span> <span class='ocrx_word' id='word_1_387' title='bbox 1740 342 1840 372; x_wconf 74' lang='lat' dir='ltr'>reyem</span> <span class='ocrx_word' id='word_1_388' title='bbox 1853 342 1941 371; x_wconf 79' lang='lat' dir='ltr'>quem</span> <span class='ocrx_word' id='word_1_389' title='bbox 1954 333 2072 373; x_wconf 73' lang='lat' dir='ltr'>eleyerit</span> <span class='ocrx_word' id='word_1_390' title='bbox 2086 332 2200 364; x_wconf 75' lang='lat' dir='ltr'>Ieliova</span> 
     </span>
     <span class='ocr_line' id='line_1_57' title="bbox 1228 376 2201 415; baseline -0.001 -8"><span class='ocrx_word' id='word_1_391' title='bbox 1228 376 1316 407; x_wconf 86' lang='lat' dir='ltr'>Deus</span> <span class='ocrx_word' id='word_1_392' title='bbox 1339 379 1425 407; x_wconf 76' lang='lat' dir='ltr'>tuus:</span> <span class='ocrx_word' id='word_1_393' title='bbox 1448 387 1463 406; x_wconf 84' lang='lat' dir='ltr'>c</span> <span class='ocrx_word' id='word_1_394' title='bbox 1484 376 1583 407; x_wconf 75' lang='lat' dir='ltr'>medio</span> <span class='ocrx_word' id='word_1_395' title='bbox 1605 376 1743 414; x_wconf 68' lang='lat' dir='ltr'>fratrum</span> <span class='ocrx_word' id='word_1_396' title='bbox 1770 377 1890 405; x_wconf 83' lang='lat' dir='ltr'>tuorum</span> <span class='ocrx_word' id='word_1_397' title='bbox 1922 376 2084 407; x_wconf 72' lang='lat' dir='ltr'>constitues</span> <span class='ocrx_word' id='word_1_398' title='bbox 2106 385 2201 415; x_wconf 75' lang='lat' dir='ltr'>super</span> 
     </span>
     <span class='ocr_line' id='line_1_58' title="bbox 1227 418 2200 459; baseline -0.001 -10"><span class='ocrx_word' id='word_1_399' title='bbox 1227 421 1254 449; x_wconf 87' lang='lat' dir='ltr'>te</span> <span class='ocrx_word' id='word_1_400' title='bbox 1277 429 1389 459; x_wconf 68' lang='lat' dir='ltr'>recem:</span> <span class='ocrx_word' id='word_1_401' title='bbox 1414 429 1473 450; x_wconf 76' lang='lat' dir='ltr'>uon</span> <span class='ocrx_word' id='word_1_402' title='bbox 1488 419 1610 457; x_wconf 74' lang='lat' dir='ltr'>poteris</span> <span class='ocrx_word' id='word_1_403' title='bbox 1631 418 1810 448; x_wconf 79' lang='lat' dir='ltr'>constituere</span> <span class='ocrx_word' id='word_1_404' title='bbox 1820 427 1915 456; x_wconf 77' lang='lat' dir='ltr'>super</span> <span class='ocrx_word' id='word_1_405' title='bbox 1937 420 1963 448; x_wconf 86' lang='lat' dir='ltr'>te</span> <span class='ocrx_word' id='word_1_406' title='bbox 1975 418 2076 449; x_wconf 82' lang='lat' dir='ltr'>virum</span> <span class='ocrx_word' id='word_1_407' title='bbox 2088 418 2200 449; x_wconf 81' lang='lat' dir='ltr'>alieni-</span> 
     </span>
     <span class='ocr_line' id='line_1_59' title="bbox 1225 460 2200 502; baseline -0.001 -10"><span class='ocrx_word' id='word_1_408' title='bbox 1225 472 1345 502; x_wconf 70' lang='lat' dir='ltr'>9euae1m,</span> <span class='ocrx_word' id='word_1_409' title='bbox 1370 461 1423 500; x_wconf 78' lang='lat' dir='ltr'>qui</span> <span class='ocrx_word' id='word_1_410' title='bbox 1447 471 1506 491; x_wconf 74' lang='lat' dir='ltr'>nou</span> <span class='ocrx_word' id='word_1_411' title='bbox 1529 462 1570 491; x_wconf 82' lang='lat' dir='ltr'>sit</span> <span class='ocrx_word' id='word_1_412' title='bbox 1579 462 1680 499; x_wconf 77' lang='lat' dir='ltr'>frater</span> <span class='ocrx_word' id='word_1_413' title='bbox 1696 463 1775 491; x_wconf 82' lang='lat' dir='ltr'>tuus.</span> <span class='ocrx_word' id='word_1_414' title='bbox 1812 460 1860 491; x_wconf 76' lang='lat'>16.</span> <span class='ocrx_word' id='word_1_415' title='bbox 1881 460 1995 492; x_wconf 80' lang='lat' dir='ltr'>Verum</span> <span class='ocrx_word' id='word_1_416' title='bbox 2017 471 2076 491; x_wconf 79' lang='lat' dir='ltr'>uon</span> <span class='ocrx_word' id='word_1_417' title='bbox 2098 461 2200 491; x_wconf 80' lang='lat' dir='ltr'>multi—</span> 
     </span>
     <span class='ocr_line' id='line_1_60' title="bbox 1222 503 2199 543; baseline -0.002 -8"><span class='ocrx_word' id='word_1_418' title='bbox 1222 504 1354 543; x_wconf 76' lang='lat' dir='ltr'>plicabit</span> <span class='ocrx_word' id='word_1_419' title='bbox 1377 503 1439 534; x_wconf 86' lang='lat' dir='ltr'>sibi</span> <span class='ocrx_word' id='word_1_420' title='bbox 1462 513 1563 543; x_wconf 78' lang='lat' dir='ltr'>equos,</span> <span class='ocrx_word' id='word_1_421' title='bbox 1588 513 1681 542; x_wconf 76' lang='lat' dir='ltr'>neque</span> <span class='ocrx_word' id='word_1_422' title='bbox 1703 503 1825 534; x_wconf 82' lang='lat' dir='ltr'>reducet</span> <span class='ocrx_word' id='word_1_423' title='bbox 1841 503 1993 542; x_wconf 75' lang='lat' dir='ltr'>populum</span> <span class='ocrx_word' id='word_1_424' title='bbox 2016 504 2050 534; x_wconf 78' lang='lat' dir='ltr'>iu</span> <span class='ocrx_word' id='word_1_425' title='bbox 2075 504 2199 543; x_wconf 74' lang='lat' dir='ltr'>Aeyyp-</span> 
     </span>
     <span class='ocr_line' id='line_1_61' title="bbox 1228 546 2200 585; baseline -0.001 -8"><span class='ocrx_word' id='word_1_426' title='bbox 1228 549 1293 577; x_wconf 82' lang='lat' dir='ltr'>tum</span> <span class='ocrx_word' id='word_1_427' title='bbox 1323 547 1365 577; x_wconf 78' lang='lat' dir='ltr'>ad</span> <span class='ocrx_word' id='word_1_428' title='bbox 1392 546 1644 585; x_wconf 77' lang='lat' dir='ltr'>multiplicandos</span> <span class='ocrx_word' id='word_1_429' title='bbox 1673 556 1777 584; x_wconf 74' lang='lat' dir='ltr'>equos:</span> <span class='ocrx_word' id='word_1_430' title='bbox 1815 556 1910 584; x_wconf 77' lang='lat' dir='ltr'>quum</span> <span class='ocrx_word' id='word_1_431' title='bbox 1940 546 2054 577; x_wconf 74' lang='lat' dir='ltr'>Ieliova</span> <span class='ocrx_word' id='word_1_432' title='bbox 2083 546 2200 576; x_wconf 76' lang='lat' dir='ltr'>dixerit</span> 
     </span>
     <span class='ocr_line' id='line_1_62' title="bbox 1227 588 2198 627; baseline 0 -8"><span class='ocrx_word' id='word_1_433' title='bbox 1227 589 1329 620; x_wconf 81' lang='lat' dir='ltr'>vobis:</span> <span class='ocrx_word' id='word_1_434' title='bbox 1354 590 1424 620; x_wconf 76' lang='lat' dir='ltr'>Nou</span> <span class='ocrx_word' id='word_1_435' title='bbox 1447 589 1602 620; x_wconf 76' lang='lat' dir='ltr'>adiicictis</span> <span class='ocrx_word' id='word_1_436' title='bbox 1630 589 1741 619; x_wconf 67' lang='lat' dir='ltr'>reverti</span> <span class='ocrx_word' id='word_1_437' title='bbox 1758 598 1818 627; x_wconf 75' lang='lat' dir='ltr'>pcr</span> <span class='ocrx_word' id='word_1_438' title='bbox 1840 588 1918 619; x_wconf 78' lang='lat' dir='ltr'>hauc</span> <span class='ocrx_word' id='word_1_439' title='bbox 1941 589 2023 619; x_wconf 79' lang='lat' dir='ltr'>viam</span> <span class='ocrx_word' id='word_1_440' title='bbox 2054 588 2198 627; x_wconf 75' lang='lat' dir='ltr'>amplius.</span> 
     </span>
     <span class='ocr_line' id='line_1_63' title="bbox 1230 631 2200 671; baseline -0.001 -9"><span class='ocrx_word' id='word_1_441' title='bbox 1230 633 1277 663; x_wconf 83' lang='lat'>17.</span> <span class='ocrx_word' id='word_1_442' title='bbox 1306 632 1411 671; x_wconf 71' lang='lat' dir='ltr'>Neque</span> <span class='ocrx_word' id='word_1_443' title='bbox 1433 631 1651 670; x_wconf 78' lang='lat' dir='ltr'>multiplicabit</span> <span class='ocrx_word' id='word_1_444' title='bbox 1673 631 1734 661; x_wconf 81' lang='lat' dir='ltr'>sibi</span> <span class='ocrx_word' id='word_1_445' title='bbox 1763 641 1890 667; x_wconf 69' lang='lat' dir='ltr'>uxores,</span> <span class='ocrx_word' id='word_1_446' title='bbox 1922 641 2017 671; x_wconf 82' lang='lat' dir='ltr'>ueque</span> <span class='ocrx_word' id='word_1_447' title='bbox 2047 633 2200 662; x_wconf 82' lang='lat' dir='ltr'>avertetur</span> 
     </span>
     <span class='ocr_line' id='line_1_64' title="bbox 1227 674 2199 713; baseline -0.001 -7"><span class='ocrx_word' id='word_1_448' title='bbox 1227 685 1278 706; x_wconf 87' lang='lat' dir='ltr'>cor</span> <span class='ocrx_word' id='word_1_449' title='bbox 1299 676 1375 711; x_wconf 75' lang='lat' dir='ltr'>aius,</span> <span class='ocrx_word' id='word_1_450' title='bbox 1400 685 1494 713; x_wconf 73' lang='lat' dir='ltr'>neque</span> <span class='ocrx_word' id='word_1_451' title='bbox 1511 674 1688 713; x_wconf 76' lang='lat' dir='ltr'>plurimum</span> <span class='ocrx_word' id='word_1_452' title='bbox 1712 676 1873 713; x_wconf 77' lang='lat' dir='ltr'>arycnturu</span> <span class='ocrx_word' id='word_1_453' title='bbox 1889 676 1915 704; x_wconf 89' lang='lat' dir='ltr'>et</span> <span class='ocrx_word' id='word_1_454' title='bbox 1939 684 2052 705; x_wconf 83' lang='lat' dir='ltr'>aurum</span> <span class='ocrx_word' id='word_1_455' title='bbox 2063 674 2127 705; x_wconf 81' lang='lat' dir='ltr'>sibi</span> <span class='ocrx_word' id='word_1_456' title='bbox 2148 684 2199 705; x_wconf 84' lang='lat' dir='ltr'>cu-</span> 
     </span>
     <span class='ocr_line' id='line_1_65' title="bbox 1226 717 2199 757; baseline -0.001 -9"><span class='ocrx_word' id='word_1_457' title='bbox 1226 717 1363 749; x_wconf 74' lang='lat' dir='ltr'>mulabit.</span> <span class='ocrx_word' id='word_1_458' title='bbox 1404 717 1451 749; x_wconf 80' lang='lat'>18.</span> <span class='ocrx_word' id='word_1_459' title='bbox 1476 717 1587 747; x_wconf 74' lang='lat' dir='ltr'>Verum</span> <span class='ocrx_word' id='word_1_460' title='bbox 1610 727 1704 756; x_wconf 77' lang='lat' dir='ltr'>quum</span> <span class='ocrx_word' id='word_1_461' title='bbox 1726 717 1839 747; x_wconf 82' lang='lat' dir='ltr'>sederit</span> <span class='ocrx_word' id='word_1_462' title='bbox 1861 726 1954 755; x_wconf 80' lang='lat' dir='ltr'>super</span> <span class='ocrx_word' id='word_1_463' title='bbox 1977 717 2090 748; x_wconf 80' lang='lat' dir='ltr'>solium</span> <span class='ocrx_word' id='word_1_464' title='bbox 2112 717 2199 757; x_wconf 77' lang='lat' dir='ltr'>reyui</span> 
     </span>
     <span class='ocr_line' id='line_1_66' title="bbox 1226 759 2200 799; baseline -0.001 -8"><span class='ocrx_word' id='word_1_465' title='bbox 1226 761 1292 797; x_wconf 81' lang='lat' dir='ltr'>sui,</span> <span class='ocrx_word' id='word_1_466' title='bbox 1316 763 1387 791; x_wconf 75' lang='lat' dir='ltr'>tuuc</span> <span class='ocrx_word' id='word_1_467' title='bbox 1410 759 1556 790; x_wconf 72' lang='lat' dir='ltr'>describet</span> <span class='ocrx_word' id='word_1_468' title='bbox 1577 759 1637 791; x_wconf 81' lang='lat' dir='ltr'>sibi</span> <span class='ocrx_word' id='word_1_469' title='bbox 1660 759 1819 797; x_wconf 66' lang='lat' dir='ltr'>ezeniplar</span> <span class='ocrx_word' id='word_1_470' title='bbox 1843 759 1918 799; x_wconf 74' lang='lat' dir='ltr'>chis</span> <span class='ocrx_word' id='word_1_471' title='bbox 1945 759 2039 790; x_wconf 77' lang='lat' dir='ltr'>huius</span> <span class='ocrx_word' id='word_1_472' title='bbox 2061 760 2095 790; x_wconf 75' lang='lat' dir='ltr'>in</span> <span class='ocrx_word' id='word_1_473' title='bbox 2117 759 2200 790; x_wconf 77' lang='lat' dir='ltr'>volu-</span> 
     </span>
     <span class='ocr_line' id='line_1_67' title="bbox 1227 801 2198 841; baseline 0 -8"><span class='ocrx_word' id='word_1_474' title='bbox 1227 803 1315 840; x_wconf 78' lang='lat' dir='ltr'>mine,</span> <span class='ocrx_word' id='word_1_475' title='bbox 1340 814 1358 833; x_wconf 85' lang='grc' dir='ltr'>(ι</span> <span class='ocrx_word' id='word_1_476' title='bbox 1382 805 1539 841; x_wconf 75' lang='lat' dir='ltr'>conspectu</span> <span class='ocrx_word' id='word_1_477' title='bbox 1562 802 1751 833; x_wconf 76' lang='lat' dir='ltr'>sacerdotum</span> <span class='ocrx_word' id='word_1_478' title='bbox 1774 801 2003 833; x_wconf 82' lang='lat' dir='ltr'>etLevitarum.</span> <span class='ocrx_word' id='word_1_479' title='bbox 2041 802 2088 834; x_wconf 87' lang='lat'>19.</span> <span class='ocrx_word' id='word_1_480' title='bbox 2110 802 2198 833; x_wconf 74' lang='lat' dir='ltr'>Erit-</span> 
     </span>
     <span class='ocr_line' id='line_1_68' title="bbox 1226 845 2199 885; baseline 0 -9"><span class='ocrx_word' id='word_1_481' title='bbox 1226 856 1283 885; x_wconf 77' lang='lat' dir='ltr'>que</span> <span class='ocrx_word' id='word_1_482' title='bbox 1306 847 1392 885; x_wconf 78' lang='lat' dir='ltr'>apud</span> <span class='ocrx_word' id='word_1_483' title='bbox 1404 856 1481 884; x_wconf 81' lang='lat' dir='ltr'>eum,</span> <span class='ocrx_word' id='word_1_484' title='bbox 1506 848 1533 875; x_wconf 83' lang='lat' dir='ltr'>et</span> <span class='ocrx_word' id='word_1_485' title='bbox 1556 845 1629 885; x_wconf 67' lang='lat' dir='ltr'>lecet</span> <span class='ocrx_word' id='word_1_486' title='bbox 1651 845 1684 875; x_wconf 79' lang='lat' dir='ltr'>in</span> <span class='ocrx_word' id='word_1_487' title='bbox 1703 855 1735 875; x_wconf 81' lang='lat' dir='ltr'>eo</span> <span class='ocrx_word' id='word_1_488' title='bbox 1753 845 1870 876; x_wconf 81' lang='lat' dir='ltr'>cunctis</span> <span class='ocrx_word' id='word_1_489' title='bbox 1888 845 1994 876; x_wconf 77' lang='lat' dir='ltr'>diebus</span> <span class='ocrx_word' id='word_1_490' title='bbox 2011 845 2091 876; x_wconf 81' lang='lat' dir='ltr'>vitae</span> <span class='ocrx_word' id='word_1_491' title='bbox 2109 855 2199 876; x_wconf 84' lang='lat' dir='ltr'>suae:</span> 
     </span>
     <span class='ocr_line' id='line_1_69' title="bbox 1227 887 2199 925; baseline -0.001 -6"><span class='ocrx_word' id='word_1_492' title='bbox 1227 891 1260 919; x_wconf 84' lang='lat' dir='ltr'>ut</span> <span class='ocrx_word' id='word_1_493' title='bbox 1282 889 1395 920; x_wconf 82' lang='lat' dir='ltr'>scilicet</span> <span class='ocrx_word' id='word_1_494' title='bbox 1419 889 1518 919; x_wconf 80' lang='lat' dir='ltr'>discat</span> <span class='ocrx_word' id='word_1_495' title='bbox 1540 888 1646 918; x_wconf 80' lang='lat' dir='ltr'>timere</span> <span class='ocrx_word' id='word_1_496' title='bbox 1670 888 1815 919; x_wconf 73' lang='lat' dir='ltr'>Ielzovam</span> <span class='ocrx_word' id='word_1_497' title='bbox 1838 887 1942 918; x_wconf 82' lang='lat' dir='ltr'>Deum</span> <span class='ocrx_word' id='word_1_498' title='bbox 1965 898 2074 925; x_wconf 81' lang='lat' dir='ltr'>suum,</span> <span class='ocrx_word' id='word_1_499' title='bbox 2103 890 2129 918; x_wconf 85' lang='lat' dir='ltr'>et</span> <span class='ocrx_word' id='word_1_500' title='bbox 2150 887 2199 919; x_wconf 90' lang='lat' dir='ltr'>ob-</span> 
     </span>
     <span class='ocr_line' id='line_1_70' title="bbox 1227 930 2199 970; baseline 0 -8"><span class='ocrx_word' id='word_1_501' title='bbox 1227 941 1351 962; x_wconf 79' lang='lat' dir='ltr'>servare</span> <span class='ocrx_word' id='word_1_502' title='bbox 1377 931 1481 962; x_wconf 77' lang='lat' dir='ltr'>omniu</span> <span class='ocrx_word' id='word_1_503' title='bbox 1504 930 1594 961; x_wconf 75' lang='lat' dir='ltr'>cerba</span> <span class='ocrx_word' id='word_1_504' title='bbox 1623 930 1699 970; x_wconf 73' lang='lat' dir='ltr'>chis</span> <span class='ocrx_word' id='word_1_505' title='bbox 1721 931 1831 968; x_wconf 76' lang='lat' dir='ltr'>huius,</span> <span class='ocrx_word' id='word_1_506' title='bbox 1862 933 1951 970; x_wconf 79' lang='lat' dir='ltr'>atque</span> <span class='ocrx_word' id='word_1_507' title='bbox 1979 933 2095 962; x_wconf 86' lang='lat' dir='ltr'>statuta</span> <span class='ocrx_word' id='word_1_508' title='bbox 2117 930 2199 969; x_wconf 73' lang='lat' dir='ltr'>haec,</span> 
     </span>
     <span class='ocr_line' id='line_1_71' title="bbox 1228 973 2199 1013; baseline -0.001 -8"><span class='ocrx_word' id='word_1_509' title='bbox 1228 976 1261 1005; x_wconf 89' lang='lat' dir='ltr'>ut</span> <span class='ocrx_word' id='word_1_510' title='bbox 1281 975 1379 1013; x_wconf 83' lang='lat' dir='ltr'>faciat</span> <span class='ocrx_word' id='word_1_511' title='bbox 1402 985 1447 1005; x_wconf 84' lang='lat' dir='ltr'>ea.</span> <span class='ocrx_word' id='word_1_512' title='bbox 1493 974 1543 1004; x_wconf 76' lang='lat'>20.</span> <span class='ocrx_word' id='word_1_513' title='bbox 1570 973 1618 1004; x_wconf 82' lang='lat' dir='ltr'>Ne</span> <span class='ocrx_word' id='word_1_514' title='bbox 1641 973 1771 1004; x_wconf 67' lang='lat' dir='ltr'>clei-etur</span> <span class='ocrx_word' id='word_1_515' title='bbox 1791 983 1842 1004; x_wconf 84' lang='lat' dir='ltr'>cor</span> <span class='ocrx_word' id='word_1_516' title='bbox 1865 973 1933 1004; x_wconf 83' lang='lat' dir='ltr'>eius</span> <span class='ocrx_word' id='word_1_517' title='bbox 1961 983 2057 1012; x_wconf 73' lang='lat' dir='ltr'>super</span> <span class='ocrx_word' id='word_1_518' title='bbox 2083 973 2199 1013; x_wconf 82' lang='lat' dir='ltr'>fratres</span> 
     </span>
     <span class='ocr_line' id='line_1_72' title="bbox 1228 1016 2200 1056; baseline 0 -9"><span class='ocrx_word' id='word_1_519' title='bbox 1228 1017 1339 1056; x_wconf 68' lang='lat' dir='ltr'>ipsius,</span> <span class='ocrx_word' id='word_1_520' title='bbox 1364 1027 1458 1055; x_wconf 70' lang='lat' dir='ltr'>neque</span> <span class='ocrx_word' id='word_1_521' title='bbox 1480 1017 1607 1047; x_wconf 79' lang='lat' dir='ltr'>declinet</span> <span class='ocrx_word' id='word_1_522' title='bbox 1629 1027 1649 1047; x_wconf 84' lang='lat' dir='ltr'>a</span> <span class='ocrx_word' id='word_1_523' title='bbox 1665 1018 1831 1056; x_wconf 70' lang='lat' dir='ltr'>praecepto</span> <span class='ocrx_word' id='word_1_524' title='bbox 1853 1017 1895 1047; x_wconf 80' lang='lat' dir='ltr'>ad</span> <span class='ocrx_word' id='word_1_525' title='bbox 1918 1016 2060 1047; x_wconf 65' lang='lat' dir='ltr'>dextram</span> <span class='ocrx_word' id='word_1_526' title='bbox 2083 1018 2137 1047; x_wconf 89' lang='lat' dir='ltr'>aut</span> <span class='ocrx_word' id='word_1_527' title='bbox 2158 1016 2200 1047; x_wconf 79' lang='lat' dir='ltr'>ad</span> 
     </span>
     <span class='ocr_line' id='line_1_73' title="bbox 1228 1059 2200 1099; baseline 0 -9"><span class='ocrx_word' id='word_1_528' title='bbox 1228 1060 1404 1097; x_wconf 74' lang='lat' dir='ltr'>sinistram,</span> <span class='ocrx_word' id='word_1_529' title='bbox 1424 1062 1457 1090; x_wconf 81' lang='lat' dir='ltr'>ut</span> <span class='ocrx_word' id='word_1_530' title='bbox 1475 1061 1615 1099; x_wconf 72' lang='lat' dir='ltr'>proroyet</span> <span class='ocrx_word' id='word_1_531' title='bbox 1638 1059 1703 1090; x_wconf 76' lang='lat' dir='ltr'>dics</span> <span class='ocrx_word' id='word_1_532' title='bbox 1726 1060 1759 1090; x_wconf 80' lang='lat' dir='ltr'>in</span> <span class='ocrx_word' id='word_1_533' title='bbox 1781 1069 1873 1098; x_wconf 74' lang='lat' dir='ltr'>reyno</span> <span class='ocrx_word' id='word_1_534' title='bbox 1895 1068 1969 1090; x_wconf 88' lang='lat' dir='ltr'>suo:</span> <span class='ocrx_word' id='word_1_535' title='bbox 1997 1059 2064 1098; x_wconf 76' lang='lat' dir='ltr'>ipse</span> <span class='ocrx_word' id='word_1_536' title='bbox 2092 1061 2119 1090; x_wconf 90' lang='lat' dir='ltr'>et</span> <span class='ocrx_word' id='word_1_537' title='bbox 2137 1059 2200 1098; x_wconf 78' lang='lat' dir='ltr'>filii</span> 
     </span>
     <span class='ocr_line' id='line_1_74' title="bbox 1228 1102 1636 1133; baseline 0 0"><span class='ocrx_word' id='word_1_538' title='bbox 1228 1103 1295 1133; x_wconf 80' lang='lat' dir='ltr'>eius</span> <span class='ocrx_word' id='word_1_539' title='bbox 1318 1103 1352 1133; x_wconf 74' lang='lat' dir='ltr'>iu</span> <span class='ocrx_word' id='word_1_540' title='bbox 1374 1102 1472 1133; x_wconf 77' lang='lat' dir='ltr'>medio</span> <span class='ocrx_word' id='word_1_541' title='bbox 1496 1102 1636 1133; x_wconf 81' lang='lat' dir='ltr'>Israelis.</span> 
     </span>
    </p>
   </div>
   <div class='ocr_carea' id='block_1_11' title="bbox 1231 1187 2203 1827">
    <p class='ocr_par' dir='ltr' id='par_1_13' title="bbox 1231 1187 2203 1827">
     <span class='ocr_line' id='line_1_75' title="bbox 1319 1187 2200 1227; baseline 0 -9"><span class='ocrx_word' id='word_1_542' title='bbox 1319 1188 1366 1219; x_wconf 81' lang='lat'>14.</span> <span class='ocrx_word' id='word_1_543' title='bbox 1406 1188 1507 1227; x_wconf 75' lang='lat' dir='ltr'>Quum</span> <span class='ocrx_word' id='word_1_544' title='bbox 1540 1188 1700 1227; x_wconf 76' lang='lat' dir='ltr'>iuyressus</span> <span class='ocrx_word' id='word_1_545' title='bbox 1730 1187 1840 1226; x_wconf 80' lang='lat' dir='ltr'>fueris.</span> <span class='ocrx_word' id='word_1_546' title='bbox 1896 1187 1969 1218; x_wconf 86' lang='lat' dir='ltr'>Hoc</span> <span class='ocrx_word' id='word_1_547' title='bbox 2006 1187 2074 1218; x_wconf 90' lang='lat' dir='ltr'>loco</span> <span class='ocrx_word' id='word_1_548' title='bbox 2110 1187 2200 1218; x_wconf 87' lang='lat' dir='ltr'>Deus</span> 
     </span>
     <span class='ocr_line' id='line_1_76' title="bbox 1231 1230 2198 1270; baseline -0.002 -8"><span class='ocrx_word' id='word_1_549' title='bbox 1231 1230 1436 1262; x_wconf 79' lang='lat' dir='ltr'>commendat</span> <span class='ocrx_word' id='word_1_550' title='bbox 1449 1241 1584 1270; x_wconf 78' lang='lat' dir='ltr'>regnum</span> <span class='ocrx_word' id='word_1_551' title='bbox 1599 1230 1797 1261; x_wconf 79' lang='lat' dir='ltr'>sacerdotale</span> <span class='ocrx_word' id='word_1_552' title='bbox 1809 1230 1902 1262; x_wconf 88' lang='lat' dir='ltr'>cuius</span> <span class='ocrx_word' id='word_1_553' title='bbox 1922 1230 1995 1261; x_wconf 86' lang='lat' dir='ltr'>alibi</span> <span class='ocrx_word' id='word_1_554' title='bbox 2009 1231 2047 1261; x_wconf 91' lang='lat' dir='ltr'>fit</span> <span class='ocrx_word' id='word_1_555' title='bbox 2068 1231 2198 1261; x_wconf 88' lang='lat' dir='ltr'>mentio.</span> 
     </span>
     <span class='ocr_line' id='line_1_77' title="bbox 1231 1273 2200 1313; baseline -0.002 -8"><span class='ocrx_word' id='word_1_556' title='bbox 1231 1274 1316 1305; x_wconf 78' lang='lat' dir='ltr'>Nam</span> <span class='ocrx_word' id='word_1_557' title='bbox 1352 1274 1426 1313; x_wconf 84' lang='lat' dir='ltr'>qnia</span> <span class='ocrx_word' id='word_1_558' title='bbox 1461 1273 1541 1313; x_wconf 56' lang='lat' dir='ltr'>rugii</span> <span class='ocrx_word' id='word_1_559' title='bbox 1571 1273 1711 1304; x_wconf 87' lang='lat' dir='ltr'>nominis</span> <span class='ocrx_word' id='word_1_560' title='bbox 1741 1274 1895 1313; x_wconf 89' lang='lat' dir='ltr'>splendor</span> <span class='ocrx_word' id='word_1_561' title='bbox 1925 1277 2052 1313; x_wconf 87' lang='lat' dir='ltr'>poterat</span> <span class='ocrx_word' id='word_1_562' title='bbox 2088 1283 2200 1304; x_wconf 92' lang='lat' dir='ltr'>eorum</span> 
     </span>
     <span class='ocr_line' id='line_1_78' title="bbox 1232 1315 2201 1356; baseline 0 -9"><span class='ocrx_word' id='word_1_563' title='bbox 1232 1317 1338 1347; x_wconf 88' lang='lat' dir='ltr'>oculos</span> <span class='ocrx_word' id='word_1_564' title='bbox 1366 1317 1600 1356; x_wconf 77' lang='lat' dir='ltr'>perstringere,</span> <span class='ocrx_word' id='word_1_565' title='bbox 1632 1322 1667 1346; x_wconf 91' lang='lat' dir='ltr'>ut</span> <span class='ocrx_word' id='word_1_566' title='bbox 1695 1315 1962 1348; x_wconf 86' lang='lat' dir='ltr'>obliviscerentur</span> <span class='ocrx_word' id='word_1_567' title='bbox 1985 1317 2091 1347; x_wconf 87' lang='lat' dir='ltr'>Deum</span> <span class='ocrx_word' id='word_1_568' title='bbox 2116 1316 2201 1347; x_wconf 86' lang='lat' dir='ltr'>inter</span> 
     </span>
     <span class='ocr_line' id='line_1_79' title="bbox 1233 1358 2200 1399; baseline -0.001 -9"><span class='ocrx_word' id='word_1_569' title='bbox 1233 1361 1318 1399; x_wconf 85' lang='lat' dir='ltr'>ipsos</span> <span class='ocrx_word' id='word_1_570' title='bbox 1338 1365 1447 1389; x_wconf 86' lang='lat' dir='ltr'>tenere</span> <span class='ocrx_word' id='word_1_571' title='bbox 1470 1369 1633 1389; x_wconf 84' lang='lat' dir='ltr'>summum</span> <span class='ocrx_word' id='word_1_572' title='bbox 1658 1359 1785 1398; x_wconf 87' lang='lat' dir='ltr'>imperii</span> <span class='ocrx_word' id='word_1_573' title='bbox 1810 1359 1964 1399; x_wconf 82' lang='lat' dir='ltr'>gradum,</span> <span class='ocrx_word' id='word_1_574' title='bbox 1995 1363 2120 1389; x_wconf 89' lang='lat' dir='ltr'>mature</span> <span class='ocrx_word' id='word_1_575' title='bbox 2145 1358 2200 1389; x_wconf 85' lang='lat' dir='ltr'>ad-</span> 
     </span>
     <span class='ocr_line' id='line_1_80' title="bbox 1234 1401 2201 1442; baseline 0.001 -10"><span class='ocrx_word' id='word_1_576' title='bbox 1234 1407 1422 1432; x_wconf 84' lang='lat' dir='ltr'>monentur:</span> <span class='ocrx_word' id='word_1_577' title='bbox 1448 1402 1579 1432; x_wconf 88' lang='lat' dir='ltr'>minime</span> <span class='ocrx_word' id='word_1_578' title='bbox 1603 1412 1741 1441; x_wconf 86' lang='lat' dir='ltr'>aequum</span> <span class='ocrx_word' id='word_1_579' title='bbox 1765 1413 1835 1433; x_wconf 85' lang='lat' dir='ltr'>esse</span> <span class='ocrx_word' id='word_1_580' title='bbox 1858 1408 1895 1433; x_wconf 89' lang='lat' dir='ltr'>ut</span> <span class='ocrx_word' id='word_1_581' title='bbox 1927 1411 2027 1442; x_wconf 84' lang='lat' dir='ltr'>regno</span> <span class='ocrx_word' id='word_1_582' title='bbox 2059 1401 2201 1433; x_wconf 83' lang='lat' dir='ltr'>hominis</span> 
     </span>
     <span class='ocr_line' id='line_1_81' title="bbox 1233 1443 2201 1481; baseline 0.001 -6"><span class='ocrx_word' id='word_1_583' title='bbox 1233 1446 1377 1476; x_wconf 86' lang='lat' dir='ltr'>mortalis</span> <span class='ocrx_word' id='word_1_584' title='bbox 1405 1444 1572 1475; x_wconf 80' lang='lat' dir='ltr'>minuatur</span> <span class='ocrx_word' id='word_1_585' title='bbox 1595 1443 1658 1475; x_wconf 86' lang='lat' dir='ltr'>Dei</span> <span class='ocrx_word' id='word_1_586' title='bbox 1687 1445 1847 1476; x_wconf 84' lang='lat' dir='ltr'>maiestas.</span> <span class='ocrx_word' id='word_1_587' title='bbox 1892 1444 1932 1475; x_wconf 89' lang='lat' dir='ltr'>In</span> <span class='ocrx_word' id='word_1_588' title='bbox 1956 1454 2098 1481; x_wconf 82' lang='lat' dir='ltr'>summa,</span> <span class='ocrx_word' id='word_1_589' title='bbox 2130 1444 2201 1476; x_wconf 84' lang='lat' dir='ltr'>Deo</span> 
     </span>
     <span class='ocr_line' id='line_1_82' title="bbox 1234 1487 2201 1529; baseline -0.001 -10"><span class='ocrx_word' id='word_1_590' title='bbox 1234 1488 1401 1519; x_wconf 86' lang='lat' dir='ltr'>subiicitur</span> <span class='ocrx_word' id='word_1_591' title='bbox 1426 1488 1513 1527; x_wconf 81' lang='lat' dir='ltr'>regia</span> <span class='ocrx_word' id='word_1_592' title='bbox 1537 1492 1694 1527; x_wconf 82' lang='lat' dir='ltr'>potestas:</span> <span class='ocrx_word' id='word_1_593' title='bbox 1720 1493 1752 1518; x_wconf 92' lang='lat' dir='ltr'>et</span> <span class='ocrx_word' id='word_1_594' title='bbox 1776 1499 1868 1529; x_wconf 79' lang='lat' dir='ltr'>reges</span> <span class='ocrx_word' id='word_1_595' title='bbox 1892 1487 1953 1528; x_wconf 90' lang='lat' dir='ltr'>ipsi</span> <span class='ocrx_word' id='word_1_596' title='bbox 1971 1492 2201 1518; x_wconf 86' lang='lat' dir='ltr'>consecrantur</span> 
     </span>
     <span class='ocr_line' id='line_1_83' title="bbox 1234 1530 2199 1570; baseline 0.001 -10"><span class='ocrx_word' id='word_1_597' title='bbox 1234 1532 1265 1561; x_wconf 90' lang='lat' dir='ltr'>in</span> <span class='ocrx_word' id='word_1_598' title='bbox 1291 1531 1359 1561; x_wconf 78' lang='lat' dir='ltr'>eius</span> <span class='ocrx_word' id='word_1_599' title='bbox 1378 1530 1575 1570; x_wconf 87' lang='lat' dir='ltr'>obsequium,</span> <span class='ocrx_word' id='word_1_600' title='bbox 1599 1541 1640 1560; x_wconf 84' lang='lat' dir='ltr'>ne</span> <span class='ocrx_word' id='word_1_601' title='bbox 1663 1530 1801 1570; x_wconf 87' lang='lat' dir='ltr'>populus</span> <span class='ocrx_word' id='word_1_602' title='bbox 1823 1540 1964 1570; x_wconf 82' lang='lat' dir='ltr'>unquam</span> <span class='ocrx_word' id='word_1_603' title='bbox 1990 1530 2199 1570; x_wconf 82' lang='lat' dir='ltr'>profanescat,</span> 
     </span>
     <span class='ocr_line' id='line_1_84' title="bbox 1234 1573 2201 1614; baseline 0.001 -10"><span class='ocrx_word' id='word_1_604' title='bbox 1234 1573 1467 1614; x_wconf 79' lang='lat' dir='ltr'>qualiscunque</span> <span class='ocrx_word' id='word_1_605' title='bbox 1502 1573 1672 1613; x_wconf 83' lang='lat' dir='ltr'>contigerit</span> <span class='ocrx_word' id='word_1_606' title='bbox 1708 1574 1851 1605; x_wconf 82' lang='lat' dir='ltr'>mutatio.</span> <span class='ocrx_word' id='word_1_607' title='bbox 1904 1573 1975 1603; x_wconf 87' lang='lat' dir='ltr'>Etsi</span> <span class='ocrx_word' id='word_1_608' title='bbox 2004 1578 2109 1604; x_wconf 85' lang='lat' dir='ltr'>autem</span> <span class='ocrx_word' id='word_1_609' title='bbox 2142 1573 2201 1605; x_wconf 82' lang='lat' dir='ltr'>sub</span> 
     </span>
     <span class='ocr_line' id='line_1_85' title="bbox 1235 1615 2202 1656; baseline -0.001 -9"><span class='ocrx_word' id='word_1_610' title='bbox 1235 1616 1395 1647; x_wconf 88' lang='lat' dir='ltr'>iudicibus</span> <span class='ocrx_word' id='word_1_611' title='bbox 1420 1616 1532 1656; x_wconf 80' lang='lat' dir='ltr'>religio</span> <span class='ocrx_word' id='word_1_612' title='bbox 1555 1627 1650 1655; x_wconf 84' lang='lat' dir='ltr'>saepe</span> <span class='ocrx_word' id='word_1_613' title='bbox 1672 1616 1733 1647; x_wconf 88' lang='lat' dir='ltr'>fuit</span> <span class='ocrx_word' id='word_1_614' title='bbox 1755 1615 1970 1656; x_wconf 82' lang='lat' dir='ltr'>pessundata:</span> <span class='ocrx_word' id='word_1_615' title='bbox 2003 1627 2065 1646; x_wconf 90' lang='lat' dir='ltr'>non</span> <span class='ocrx_word' id='word_1_616' title='bbox 2090 1621 2202 1647; x_wconf 88' lang='lat' dir='ltr'>tamen</span> 
     </span>
     <span class='ocr_line' id='line_1_86' title="bbox 1235 1658 2202 1699; baseline -0.001 -9"><span class='ocrx_word' id='word_1_617' title='bbox 1235 1660 1291 1690; x_wconf 87' lang='lat' dir='ltr'>abs</span> <span class='ocrx_word' id='word_1_618' title='bbox 1316 1669 1349 1689; x_wconf 86' lang='lat' dir='ltr'>rc</span> <span class='ocrx_word' id='word_1_619' title='bbox 1374 1659 1424 1689; x_wconf 78' lang='lat' dir='ltr'>lex</span> <span class='ocrx_word' id='word_1_620' title='bbox 1449 1659 1618 1698; x_wconf 86' lang='lat' dir='ltr'>peculiaris</span> <span class='ocrx_word' id='word_1_621' title='bbox 1642 1658 1680 1690; x_wconf 88' lang='lat' dir='ltr'>de</span> <span class='ocrx_word' id='word_1_622' title='bbox 1705 1659 1836 1699; x_wconf 80' lang='lat' dir='ltr'>regibus</span> <span class='ocrx_word' id='word_1_623' title='bbox 1850 1660 1913 1690; x_wconf 84' lang='lat' dir='ltr'>lata</span> <span class='ocrx_word' id='word_1_624' title='bbox 1936 1664 1997 1690; x_wconf 90' lang='lat' dir='ltr'>est:</span> <span class='ocrx_word' id='word_1_625' title='bbox 2023 1659 2097 1698; x_wconf 87' lang='lat' dir='ltr'>quia</span> <span class='ocrx_word' id='word_1_626' title='bbox 2120 1659 2202 1690; x_wconf 89' lang='lat' dir='ltr'>nihil</span> 
     </span>
     <span class='ocr_line' id='line_1_87' title="bbox 1234 1701 2201 1742; baseline 0 -10"><span class='ocrx_word' id='word_1_627' title='bbox 1234 1702 1338 1742; x_wconf 78' lang='lat' dir='ltr'>magis</span> <span class='ocrx_word' id='word_1_628' title='bbox 1363 1702 1502 1741; x_wconf 86' lang='lat' dir='ltr'>proclive</span> <span class='ocrx_word' id='word_1_629' title='bbox 1525 1712 1620 1741; x_wconf 87' lang='lat' dir='ltr'>quam</span> <span class='ocrx_word' id='word_1_630' title='bbox 1645 1707 1680 1732; x_wconf 90' lang='grc'>01</span> <span class='ocrx_word' id='word_1_631' title='bbox 1709 1708 1858 1733; x_wconf 83' lang='lat' dir='ltr'>terrenae</span> <span class='ocrx_word' id='word_1_632' title='bbox 1888 1712 2024 1741; x_wconf 89' lang='lat' dir='ltr'>pompae</span> <span class='ocrx_word' id='word_1_633' title='bbox 2055 1701 2201 1733; x_wconf 80' lang='lat' dir='ltr'>homines</span> 
     </span>
     <span class='ocr_line' id='line_1_88' title="bbox 1235 1743 2203 1784; baseline 0.001 -10"><span class='ocrx_word' id='word_1_634' title='bbox 1235 1756 1252 1775; x_wconf 88' lang='lat' dir='ltr'>a</span> <span class='ocrx_word' id='word_1_635' title='bbox 1282 1745 1399 1784; x_wconf 79' lang='lat' dir='ltr'>pictate</span> <span class='ocrx_word' id='word_1_636' title='bbox 1431 1743 1601 1775; x_wconf 84' lang='lat' dir='ltr'>abducant.</span> <span class='ocrx_word' id='word_1_637' title='bbox 1649 1745 1827 1784; x_wconf 84' lang='lat' dir='ltr'>Postquam</span> <span class='ocrx_word' id='word_1_638' title='bbox 1860 1751 2007 1775; x_wconf 87' lang='lat' dir='ltr'>tenemus</span> <span class='ocrx_word' id='word_1_639' title='bbox 2038 1744 2100 1775; x_wconf 91' lang='lat' dir='ltr'>Dei</span> <span class='ocrx_word' id='word_1_640' title='bbox 2129 1755 2203 1776; x_wconf 90' lang='lat' dir='ltr'>con-</span> 
     </span>
     <span class='ocr_line' id='line_1_89' title="bbox 1235 1787 2201 1827; baseline 0.001 -9"><span class='ocrx_word' id='word_1_641' title='bbox 1235 1788 1358 1824; x_wconf 87' lang='lat' dir='ltr'>silium,</span> <span class='ocrx_word' id='word_1_642' title='bbox 1391 1798 1474 1818; x_wconf 89' lang='lat' dir='ltr'>nunc</span> <span class='ocrx_word' id='word_1_643' title='bbox 1503 1787 1649 1827; x_wconf 83' lang='lat' dir='ltr'>singulas</span> <span class='ocrx_word' id='word_1_644' title='bbox 1682 1794 1791 1827; x_wconf 89' lang='lat' dir='ltr'>partes</span> <span class='ocrx_word' id='word_1_645' title='bbox 1827 1787 2010 1827; x_wconf 87' lang='lat' dir='ltr'>expendere</span> <span class='ocrx_word' id='word_1_646' title='bbox 2039 1787 2201 1819; x_wconf 88' lang='lat' dir='ltr'>convenit.</span> 
     </span>
    </p>
   </div>
   <div class='ocr_carea' id='block_1_12' title="bbox 1208 1829 2203 1873">
    <p class='ocr_par' dir='ltr' id='par_1_14' title="bbox 1208 1829 2203 1873">
     <span class='ocr_line' id='line_1_90' title="bbox 1208 1829 2203 1873; baseline 0.001 -12"><span class='ocrx_word' id='word_1_647' title='bbox 1208 1867 1210 1873; x_wconf 58' lang='lat'>.</span> <span class='ocrx_word' id='word_1_648' title='bbox 1236 1831 1396 1861; x_wconf 60' lang='lat' dir='ltr'>Praeterit.</span> <span class='ocrx_word' id='word_1_649' title='bbox 1419 1829 1515 1870; x_wconf 76' lang='lat' dir='ltr'>(sicut</span> <span class='ocrx_word' id='word_1_650' title='bbox 1539 1830 1619 1871; x_wconf 83' lang='lat' dir='ltr'>dixi)</span> <span class='ocrx_word' id='word_1_651' title='bbox 1650 1835 1753 1860; x_wconf 86' lang='lat' dir='ltr'>totum</span> <span class='ocrx_word' id='word_1_652' title='bbox 1776 1830 1917 1861; x_wconf 83' lang='lat' dir='ltr'>modium</span> <span class='ocrx_word' id='word_1_653' title='bbox 1950 1836 2077 1870; x_wconf 86' lang='lat' dir='ltr'>tempus</span> <span class='ocrx_word' id='word_1_654' title='bbox 2100 1841 2203 1871; x_wconf 86' lang='lat' dir='ltr'>usque</span> 
     </span>
    </p>
   </div>
   <div class='ocr_carea' id='block_1_13' title="bbox 1213 1873 2208 2598">
    <p class='ocr_par' dir='ltr' id='par_1_15' title="bbox 1213 1873 2208 2598">
     <span class='ocr_line' id='line_1_91' title="bbox 1236 1873 2202 1913; baseline 0.001 -10"><span class='ocrx_word' id='word_1_655' title='bbox 1236 1873 1274 1904; x_wconf 90' lang='lat' dir='ltr'>ad</span> <span class='ocrx_word' id='word_1_656' title='bbox 1300 1873 1428 1903; x_wconf 89' lang='lat' dir='ltr'>initium</span> <span class='ocrx_word' id='word_1_657' title='bbox 1454 1873 1561 1913; x_wconf 84' lang='lat' dir='ltr'>regni:</span> <span class='ocrx_word' id='word_1_658' title='bbox 1591 1873 1666 1912; x_wconf 86' lang='lat' dir='ltr'>quia</span> <span class='ocrx_word' id='word_1_659' title='bbox 1697 1873 1776 1904; x_wconf 88' lang='lat' dir='ltr'>hacc</span> <span class='ocrx_word' id='word_1_660' title='bbox 1806 1875 1934 1904; x_wconf 85' lang='lat' dir='ltr'>novitas</span> <span class='ocrx_word' id='word_1_661' title='bbox 1965 1873 2038 1912; x_wconf 87' lang='lat' dir='ltr'>plus</span> <span class='ocrx_word' id='word_1_662' title='bbox 2069 1873 2202 1912; x_wconf 86' lang='lat' dir='ltr'>periculi</span> 
     </span>
     <span class='ocr_line' id='line_1_92' title="bbox 1236 1914 2204 1955; baseline 0 -8"><span class='ocrx_word' id='word_1_663' title='bbox 1236 1926 1344 1947; x_wconf 82' lang='lat' dir='ltr'>secum</span> <span class='ocrx_word' id='word_1_664' title='bbox 1370 1914 1500 1946; x_wconf 83' lang='lat' dir='ltr'>ferebat.</span> <span class='ocrx_word' id='word_1_665' title='bbox 1547 1915 1747 1955; x_wconf 78' lang='lat' dir='ltr'>Quantisper</span> <span class='ocrx_word' id='word_1_666' title='bbox 1775 1916 1860 1947; x_wconf 90' lang='lat' dir='ltr'>enim</span> <span class='ocrx_word' id='word_1_667' title='bbox 1885 1916 2095 1955; x_wconf 85' lang='lat' dir='ltr'>praefuerunt</span> <span class='ocrx_word' id='word_1_668' title='bbox 2123 1916 2204 1947; x_wconf 86' lang='lat' dir='ltr'>iudi-</span> 
     </span>
     <span class='ocr_line' id='line_1_93' title="bbox 1237 1958 2204 1999; baseline 0 -9"><span class='ocrx_word' id='word_1_669' title='bbox 1237 1970 1303 1991; x_wconf 83' lang='lat' dir='ltr'>ces:</span> <span class='ocrx_word' id='word_1_670' title='bbox 1329 1958 1456 1989; x_wconf 74' lang='lat' dir='ltr'>diversa</span> <span class='ocrx_word' id='word_1_671' title='bbox 1481 1959 1603 1998; x_wconf 81' lang='lat' dir='ltr'>species</span> <span class='ocrx_word' id='word_1_672' title='bbox 1626 1959 1795 1999; x_wconf 81' lang='lat' dir='ltr'>regiminis</span> <span class='ocrx_word' id='word_1_673' title='bbox 1819 1969 1872 1989; x_wconf 87' lang='lat' dir='ltr'>eos</span> <span class='ocrx_word' id='word_1_674' title='bbox 1896 1958 2067 1998; x_wconf 85' lang='lat' dir='ltr'>separabat</span> <span class='ocrx_word' id='word_1_675' title='bbox 2090 1969 2108 1990; x_wconf 86' lang='lat' dir='ltr'>a</span> <span class='ocrx_word' id='word_1_676' title='bbox 2131 1969 2204 1998; x_wconf 84' lang='lat' dir='ltr'>pro-</span> 
     </span>
     <span class='ocr_line' id='line_1_94' title="bbox 1237 2000 2203 2041; baseline 0.001 -9"><span class='ocrx_word' id='word_1_677' title='bbox 1237 2002 1320 2033; x_wconf 86' lang='lat' dir='ltr'>fanis</span> <span class='ocrx_word' id='word_1_678' title='bbox 1343 2001 1502 2041; x_wconf 85' lang='lat' dir='ltr'>gentibus.</span> <span class='ocrx_word' id='word_1_679' title='bbox 1539 2000 1663 2032; x_wconf 86' lang='lat' dir='ltr'>Omnes</span> <span class='ocrx_word' id='word_1_680' title='bbox 1687 2001 1828 2040; x_wconf 87' lang='lat' dir='ltr'>undique</span> <span class='ocrx_word' id='word_1_681' title='bbox 1842 2002 1938 2032; x_wconf 90' lang='lat' dir='ltr'>vicini</span> <span class='ocrx_word' id='word_1_682' title='bbox 1962 2000 2093 2041; x_wconf 85' lang='lat' dir='ltr'>regibus</span> <span class='ocrx_word' id='word_1_683' title='bbox 2113 2012 2203 2041; x_wconf 85' lang='lat' dir='ltr'>pare-</span> 
     </span>
     <span class='ocr_line' id='line_1_95' title="bbox 1238 2043 2203 2083; baseline 0 -8"><span class='ocrx_word' id='word_1_684' title='bbox 1238 2045 1327 2075; x_wconf 86' lang='lat' dir='ltr'>bant:</span> <span class='ocrx_word' id='word_1_685' title='bbox 1369 2044 1456 2074; x_wconf 90' lang='lat' dir='ltr'>Deus</span> <span class='ocrx_word' id='word_1_686' title='bbox 1490 2043 1610 2074; x_wconf 87' lang='lat' dir='ltr'>iudices</span> <span class='ocrx_word' id='word_1_687' title='bbox 1647 2055 1686 2074; x_wconf 83' lang='lat' dir='ltr'>ex</span> <span class='ocrx_word' id='word_1_688' title='bbox 1718 2044 1824 2074; x_wconf 85' lang='lat' dir='ltr'>media</span> <span class='ocrx_word' id='word_1_689' title='bbox 1855 2044 1947 2083; x_wconf 88' lang='lat' dir='ltr'>plebe</span> <span class='ocrx_word' id='word_1_690' title='bbox 1979 2044 2203 2083; x_wconf 83' lang='lat' dir='ltr'>praeficiendo,</span> 
     </span>
     <span class='ocr_line' id='line_1_96' title="bbox 1238 2086 2206 2127; baseline 0 -9"><span class='ocrx_word' id='word_1_691' title='bbox 1238 2098 1365 2126; x_wconf 83' lang='lat' dir='ltr'>semper</span> <span class='ocrx_word' id='word_1_692' title='bbox 1387 2086 1559 2117; x_wconf 82' lang='lat' dir='ltr'>eminebat.</span> <span class='ocrx_word' id='word_1_693' title='bbox 1605 2086 1667 2117; x_wconf 91' lang='lat' dir='ltr'>Ubi</span> <span class='ocrx_word' id='word_1_694' title='bbox 1692 2093 1800 2117; x_wconf 79' lang='lat' dir='ltr'>autem</span> <span class='ocrx_word' id='word_1_695' title='bbox 1825 2092 1999 2126; x_wconf 82' lang='lat' dir='ltr'>coeperunt</span> <span class='ocrx_word' id='word_1_696' title='bbox 2027 2086 2089 2117; x_wconf 87' lang='lat' dir='ltr'>sibi</span> <span class='ocrx_word' id='word_1_697' title='bbox 2113 2097 2206 2127; x_wconf 84' lang='lat' dir='ltr'>reges</span> 
     </span>
     <span class='ocr_line' id='line_1_97' title="bbox 1213 2129 2206 2170; baseline 0 -9"><span class='ocrx_word' id='word_1_698' title='bbox 1213 2160 1214 2164; x_wconf 73' lang='grc'>,</span> <span class='ocrx_word' id='word_1_699' title='bbox 1240 2130 1411 2169; x_wconf 77' lang='lat' dir='ltr'>asciscere,</span> <span class='ocrx_word' id='word_1_700' title='bbox 1440 2129 1485 2159; x_wconf 89' lang='lat' dir='ltr'>sic</span> <span class='ocrx_word' id='word_1_701' title='bbox 1510 2129 1660 2168; x_wconf 82' lang='lat' dir='ltr'>permixti</span> <span class='ocrx_word' id='word_1_702' title='bbox 1695 2130 1827 2159; x_wconf 86' lang='lat' dir='ltr'>fuerunt</span> <span class='ocrx_word' id='word_1_703' title='bbox 1856 2129 2008 2170; x_wconf 82' lang='lat' dir='ltr'>gentibus</span> <span class='ocrx_word' id='word_1_704' title='bbox 2038 2134 2073 2159; x_wconf 90' lang='lat' dir='ltr'>ut</span> <span class='ocrx_word' id='word_1_705' title='bbox 2104 2129 2206 2162; x_wconf 85' lang='lat' dir='ltr'>facilis</span> 
     </span>
     <span class='ocr_line' id='line_1_98' title="bbox 1240 2171 2205 2211; baseline 0 -8"><span class='ocrx_word' id='word_1_706' title='bbox 1240 2177 1324 2203; x_wconf 83' lang='lat' dir='ltr'>esset</span> <span class='ocrx_word' id='word_1_707' title='bbox 1348 2172 1455 2211; x_wconf 80' lang='lat' dir='ltr'>lapsus</span> <span class='ocrx_word' id='word_1_708' title='bbox 1478 2171 1517 2201; x_wconf 87' lang='lat' dir='ltr'>ad</span> <span class='ocrx_word' id='word_1_709' title='bbox 1541 2172 1621 2202; x_wconf 80' lang='lat' dir='ltr'>alias</span> <span class='ocrx_word' id='word_1_710' title='bbox 1639 2172 1847 2211; x_wconf 81' lang='lat' dir='ltr'>corruptelas.</span> <span class='ocrx_word' id='word_1_711' title='bbox 1883 2172 1958 2211; x_wconf 89' lang='lat' dir='ltr'>lpsa</span> <span class='ocrx_word' id='word_1_712' title='bbox 1981 2172 2067 2202; x_wconf 81' lang='lat' dir='ltr'>enim</span> <span class='ocrx_word' id='word_1_713' title='bbox 2091 2173 2205 2204; x_wconf 88' lang='lat' dir='ltr'>simili-</span> 
     </span>
     <span class='ocr_line' id='line_1_99' title="bbox 1241 2214 2206 2254; baseline 0.002 -8"><span class='ocrx_word' id='word_1_714' title='bbox 1241 2215 1318 2246; x_wconf 86' lang='lat' dir='ltr'>tudo</span> <span class='ocrx_word' id='word_1_715' title='bbox 1350 2215 1479 2254; x_wconf 84' lang='lat' dir='ltr'>propius</span> <span class='ocrx_word' id='word_1_716' title='bbox 1509 2224 1562 2245; x_wconf 69' lang='lat' dir='ltr'>eos</span> <span class='ocrx_word' id='word_1_717' title='bbox 1591 2214 1769 2245; x_wconf 82' lang='lat' dir='ltr'>coniunxit.</span> <span class='ocrx_word' id='word_1_718' title='bbox 1824 2214 1897 2252; x_wconf 79' lang='lat' dir='ltr'>Qua</span> <span class='ocrx_word' id='word_1_719' title='bbox 1934 2214 2058 2245; x_wconf 82' lang='lat' dir='ltr'>ratione</span> <span class='ocrx_word' id='word_1_720' title='bbox 2087 2214 2206 2248; x_wconf 86' lang='lat' dir='ltr'>diserte</span> 
     </span>
     <span class='ocr_line' id='line_1_100' title="bbox 1214 2257 2207 2298; baseline 0.003 -11"><span class='ocrx_word' id='word_1_721' title='bbox 1214 2275 1217 2287; x_wconf 65' lang='lat' dir='ltr'>t</span> <span class='ocrx_word' id='word_1_722' title='bbox 1242 2258 1446 2298; x_wconf 77' lang='lat' dir='ltr'>exprimitur:</span> <span class='ocrx_word' id='word_1_723' title='bbox 1474 2257 1559 2287; x_wconf 86' lang='lat' dir='ltr'>Dum</span> <span class='ocrx_word' id='word_1_724' title='bbox 1584 2257 1763 2288; x_wconf 85' lang='lat' dir='ltr'>constitues</span> <span class='ocrx_word' id='word_1_725' title='bbox 1787 2267 1883 2297; x_wconf 89' lang='lat' dir='ltr'>super</span> <span class='ocrx_word' id='word_1_726' title='bbox 1907 2261 1938 2287; x_wconf 88' lang='lat' dir='ltr'>te</span> <span class='ocrx_word' id='word_1_727' title='bbox 1961 2267 2081 2297; x_wconf 77' lang='lat' dir='ltr'>regem,</span> <span class='ocrx_word' id='word_1_728' title='bbox 2105 2259 2207 2290; x_wconf 86' lang='lat' dir='ltr'>instar</span> 
     </span>
     <span class='ocr_line' id='line_1_101' title="bbox 1242 2300 2206 2341; baseline 0.002 -9"><span class='ocrx_word' id='word_1_729' title='bbox 1242 2301 1386 2332; x_wconf 92' lang='lat' dir='ltr'>omnium</span> <span class='ocrx_word' id='word_1_730' title='bbox 1421 2300 1569 2341; x_wconf 82' lang='lat' dir='ltr'>gentium</span> <span class='ocrx_word' id='word_1_731' title='bbox 1602 2310 1683 2339; x_wconf 80' lang='lat' dir='ltr'>quae</span> <span class='ocrx_word' id='word_1_732' title='bbox 1717 2305 1792 2330; x_wconf 89' lang='lat' dir='ltr'>sunt</span> <span class='ocrx_word' id='word_1_733' title='bbox 1833 2310 1890 2339; x_wconf 87' lang='lat' dir='ltr'>per</span> <span class='ocrx_word' id='word_1_734' title='bbox 1931 2300 2083 2331; x_wconf 81' lang='lat' dir='ltr'>circuitus</span> <span class='ocrx_word' id='word_1_735' title='bbox 2124 2307 2206 2334; x_wconf 85' lang='lat' dir='ltr'>tuos.</span> 
     </span>
     <span class='ocr_line' id='line_1_102' title="bbox 1243 2342 2208 2383; baseline 0.003 -9"><span class='ocrx_word' id='word_1_736' title='bbox 1243 2343 1413 2383; x_wconf 83' lang='lat' dir='ltr'>Significat</span> <span class='ocrx_word' id='word_1_737' title='bbox 1436 2343 1520 2373; x_wconf 85' lang='lat' dir='ltr'>enim</span> <span class='ocrx_word' id='word_1_738' title='bbox 1536 2342 1623 2373; x_wconf 89' lang='lat' dir='ltr'>Deus</span> <span class='ocrx_word' id='word_1_739' title='bbox 1636 2342 1821 2382; x_wconf 82' lang='lat' dir='ltr'>exemplum</span> <span class='ocrx_word' id='word_1_740' title='bbox 1841 2343 1997 2382; x_wconf 71' lang='lat' dir='ltr'>gentium,</span> <span class='ocrx_word' id='word_1_741' title='bbox 2021 2353 2208 2382; x_wconf 87' lang='lat' dir='ltr'>perversam</span> 
     </span>
     <span class='ocr_line' id='line_1_103' title="bbox 1242 2386 2208 2426; baseline 0.002 -9"><span class='ocrx_word' id='word_1_742' title='bbox 1242 2387 1307 2417; x_wconf 83' lang='lat' dir='ltr'>illis</span> <span class='ocrx_word' id='word_1_743' title='bbox 1332 2386 1397 2416; x_wconf 79' lang='lat' dir='ltr'>fore</span> <span class='ocrx_word' id='word_1_744' title='bbox 1421 2386 1621 2421; x_wconf 87' lang='lat' dir='ltr'>illecebram,</span> <span class='ocrx_word' id='word_1_745' title='bbox 1646 2390 1682 2415; x_wconf 89' lang='lat' dir='ltr'>ut</span> <span class='ocrx_word' id='word_1_746' title='bbox 1706 2396 1814 2425; x_wconf 83' lang='lat' dir='ltr'>regem</span> <span class='ocrx_word' id='word_1_747' title='bbox 1844 2390 2013 2425; x_wconf 85' lang='lat' dir='ltr'>appetant,</span> <span class='ocrx_word' id='word_1_748' title='bbox 2044 2391 2139 2426; x_wconf 85' lang='lat' dir='ltr'>atque</span> <span class='ocrx_word' id='word_1_749' title='bbox 2162 2388 2208 2419; x_wconf 86' lang='lat' dir='ltr'>ita</span> 
     </span>
     <span class='ocr_line' id='line_1_104' title="bbox 1243 2427 2207 2468; baseline 0.002 -8"><span class='ocrx_word' id='word_1_750' title='bbox 1243 2429 1424 2461; x_wconf 87' lang='lat' dir='ltr'>communis</span> <span class='ocrx_word' id='word_1_751' title='bbox 1448 2429 1487 2459; x_wconf 85' lang='lat' dir='ltr'>sit</span> <span class='ocrx_word' id='word_1_752' title='bbox 1517 2429 1548 2458; x_wconf 92' lang='lat' dir='ltr'>in</span> <span class='ocrx_word' id='word_1_753' title='bbox 1579 2434 1741 2467; x_wconf 84' lang='lat' dir='ltr'>posterum</span> <span class='ocrx_word' id='word_1_754' title='bbox 1777 2427 1931 2466; x_wconf 74' lang='lat' dir='ltr'>conditio,</span> <span class='ocrx_word' id='word_1_755' title='bbox 1967 2439 2048 2468; x_wconf 88' lang='lat' dir='ltr'>quae</span> <span class='ocrx_word' id='word_1_756' title='bbox 2077 2430 2207 2462; x_wconf 83' lang='lat' dir='ltr'>coelesti</span> 
     </span>
     <span class='ocr_line' id='line_1_105' title="bbox 1244 2471 2208 2511; baseline 0.002 -9"><span class='ocrx_word' id='word_1_757' title='bbox 1244 2472 1372 2503; x_wconf 80' lang='lat' dir='ltr'>decreto</span> <span class='ocrx_word' id='word_1_758' title='bbox 1396 2472 1549 2502; x_wconf 85' lang='lat' dir='ltr'>distincta</span> <span class='ocrx_word' id='word_1_759' title='bbox 1573 2471 1687 2501; x_wconf 86' lang='lat' dir='ltr'>fuerat.</span> <span class='ocrx_word' id='word_1_760' title='bbox 1723 2471 1871 2510; x_wconf 81' lang='lat' dir='ltr'>Denique</span> <span class='ocrx_word' id='word_1_761' title='bbox 1890 2471 1955 2502; x_wconf 89' lang='lat' dir='ltr'>iam</span> <span class='ocrx_word' id='word_1_762' title='bbox 1968 2471 2094 2511; x_wconf 88' lang='lat' dir='ltr'>oblique</span> <span class='ocrx_word' id='word_1_763' title='bbox 2118 2472 2208 2504; x_wconf 87' lang='lat' dir='ltr'>dam-</span> 
     </span>
     <span class='ocr_line' id='line_1_106' title="bbox 1244 2513 2208 2554; baseline 0.001 -9"><span class='ocrx_word' id='word_1_764' title='bbox 1244 2520 1338 2545; x_wconf 87' lang='lat' dir='ltr'>natur</span> <span class='ocrx_word' id='word_1_765' title='bbox 1362 2525 1472 2544; x_wconf 89' lang='lat' dir='ltr'>corum</span> <span class='ocrx_word' id='word_1_766' title='bbox 1496 2514 1711 2544; x_wconf 85' lang='lat' dir='ltr'>contumacia:</span> <span class='ocrx_word' id='word_1_767' title='bbox 1736 2524 1835 2553; x_wconf 87' lang='lat' dir='ltr'>quum</span> <span class='ocrx_word' id='word_1_768' title='bbox 1851 2513 1939 2545; x_wconf 76' lang='lat' dir='ltr'>Deus</span> <span class='ocrx_word' id='word_1_769' title='bbox 1963 2514 2030 2545; x_wconf 88' lang='lat' dir='ltr'>fore</span> <span class='ocrx_word' id='word_1_770' title='bbox 2051 2515 2208 2554; x_wconf 75' lang='lat' dir='ltr'>praedicit</span> 
     </span>
     <span class='ocr_line' id='line_1_107' title="bbox 1244 2556 2206 2598; baseline 0.002 -11"><span class='ocrx_word' id='word_1_771' title='bbox 1244 2564 1281 2588; x_wconf 86' lang='lat' dir='ltr'>ut</span> <span class='ocrx_word' id='word_1_772' title='bbox 1305 2567 1438 2587; x_wconf 66' lang='lat' dir='ltr'>excussu</span> <span class='ocrx_word' id='word_1_773' title='bbox 1463 2558 1536 2596; x_wconf 80' lang='lat' dir='ltr'>iugo</span> <span class='ocrx_word' id='word_1_774' title='bbox 1568 2556 1747 2587; x_wconf 77' lang='lat' dir='ltr'>lasciviant.</span> <span class='ocrx_word' id='word_1_775' title='bbox 1795 2557 1899 2587; x_wconf 71' lang='lat' dir='ltr'>Sicuti</span> <span class='ocrx_word' id='word_1_776' title='bbox 1931 2558 2026 2587; x_wconf 87' lang='lat' dir='ltr'>ctiam</span> <span class='ocrx_word' id='word_1_777' title='bbox 2057 2559 2206 2598; x_wconf 86' lang='lat' dir='ltr'>contigit:</span> 
     </span>
    </p>
   </div>
   <div class='ocr_carea' id='block_1_14' title="bbox 1201 843 1220 2663">
    <p class='ocr_par' dir='ltr' id='par_1_16' title="bbox 1201 843 1220 2663">
     <span class='ocr_line' id='line_1_108' title="bbox 1201 843 1220 2663; baseline 0 0"><span class='ocrx_word' id='word_1_778' title='bbox 1201 843 1220 2663; x_wconf 95' lang='lat' dir='ltr'> </span> 
     </span>
    </p>
   </div>
   <div class='ocr_carea' id='block_1_15' title="bbox 1244 2598 2209 2682">
    <p class='ocr_par' dir='ltr' id='par_1_17' title="bbox 1244 2598 2209 2682">
     <span class='ocr_line' id='line_1_109' title="bbox 1244 2598 2209 2642; baseline 0.002 -12"><span class='ocrx_word' id='word_1_779' title='bbox 1244 2600 1320 2639; x_wconf 87' lang='lat' dir='ltr'>quia</span> <span class='ocrx_word' id='word_1_780' title='bbox 1342 2600 1511 2639; x_wconf 86' lang='lat' dir='ltr'>repudiato</span> <span class='ocrx_word' id='word_1_781' title='bbox 1536 2598 1703 2636; x_wconf 78' lang='lat' dir='ltr'>Samuele,</span> <span class='ocrx_word' id='word_1_782' title='bbox 1729 2599 1927 2631; x_wconf 86' lang='lat' dir='ltr'>tumultuose</span> <span class='ocrx_word' id='word_1_783' title='bbox 1951 2610 2059 2640; x_wconf 83' lang='lat' dir='ltr'>regem</span> <span class='ocrx_word' id='word_1_784' title='bbox 2082 2601 2209 2642; x_wconf 83' lang='lat' dir='ltr'>flagita-</span> 
     </span>
     <span class='ocr_line' id='line_1_110' title="bbox 1246 2641 2209 2682; baseline 0.003 -9"><span class='ocrx_word' id='word_1_785' title='bbox 1246 2649 1331 2673; x_wconf 67' lang='lat' dir='ltr'>runt</span> <span class='ocrx_word' id='word_1_786' title='bbox 1379 2643 1449 2681; x_wconf 80' lang='lat' dir='ltr'>Qua</span> <span class='ocrx_word' id='word_1_787' title='bbox 1474 2643 1506 2672; x_wconf 88' lang='grc'>111</span> <span class='ocrx_word' id='word_1_788' title='bbox 1538 2652 1572 2672; x_wconf 87' lang='lat' dir='ltr'>re</span> <span class='ocrx_word' id='word_1_789' title='bbox 1596 2641 1670 2672; x_wconf 84' lang='lat' dir='ltr'>alibi</span> <span class='ocrx_word' id='word_1_790' title='bbox 1700 2643 1905 2682; x_wconf 88' lang='lat' dir='ltr'>conqueritur</span> <span class='ocrx_word' id='word_1_791' title='bbox 1930 2643 2019 2673; x_wconf 85' lang='lat' dir='ltr'>Deus</span> <span class='ocrx_word' id='word_1_792' title='bbox 2048 2653 2081 2674; x_wconf 77' lang='lat' dir='ltr'>se</span> <span class='ocrx_word' id='word_1_793' title='bbox 2111 2644 2209 2676; x_wconf 82' lang='lat' dir='ltr'>fuisse</span> 
     </span>
    </p>
   </div>
  </div>
 </body>
</html>
