2304 3034
181 215 245 248 215

186 309 301 342 Ieliora
321 307 414 338 milii:
438 305 591 345 Conqreya
622 303 700 334 mihi
723 301 893 343 populum,
922 305 955 333 ut
984 312 1155 334 recenseam

186 353 254 384 illis
275 351 364 381 verbu
388 359 463 384 mea,
487 358 564 387 quae
588 347 720 384 discent,
744 348 778 376 ut
799 346 924 376 timeant
946 355 993 376 me
1015 345 1157 376 omnibus

187 394 293 427 diebus
321 392 433 432 quibus
465 390 597 421 riserint
626 399 719 428 super
751 390 880 425 terram,
914 390 940 418 et
968 388 1053 426 filios
1085 398 1158 419 suos

188 438 320 469 doceant.
356 434 404 464 11.
431 433 540 472 Itaque
563 432 744 468 accessistis,
768 433 795 461 et
816 431 942 462 stetistis
964 430 1020 461 sub
1043 433 1159 461 monte.-

187 480 287 521 (mons
309 480 409 508 autem
434 475 484 506 ille
507 475 634 506 ardibat
656 475 720 514 iqui
743 483 841 513 usque
863 473 904 504 ad
922 473 1057 504 ‘medium
1076 473 1156 509 coeli,

187 520 333 556 tenebrae,
358 519 459 555 nubes,
484 521 511 549 et
532 517 651 558 culisjo).
689 517 737 547 12.
758 516 801 547 Et
825 517 969 555 loquutus
989 519 1032 547 cst
1044 516 1157 547 Ielzova

187 565 228 596 ad
254 573 302 593 cos
325 573 339 592 e
357 562 455 593 medio
480 562 578 601 iynis:
600 571 695 591 vocem
723 559 879 590 verborum
900 569 954 590 vos
976 559 1156 597 audiebatis,

187 609 219 638 at
231 606 396 645 imayiuem
416 604 512 634 ullam
532 614 589 633 nou
609 603 758 633 videbatis
771 606 899 641 praeter
917 611 1024 632 vocem.
1054 601 1101 632 13.
1117 601 1158 632 Et

186 649 378 680 renunciavit
401 647 483 677 vobis
507 649 633 685 pactam
661 655 754 676 sumn
783 645 864 684 qaod
891 645 1048 684 praecepit
1075 645 1158 675 vobis

186 694 221 723 ut
246 691 404 731 faceretis,
435 690 534 720 decem
564 688 669 724 rerba,
698 691 724 719 et
752 688 880 727 scripsit
903 687 960 718 illa
982 688 1015 718 iii
1038 687 1158 718 duabus

186 734 301 766 tabulis
330 733 471 772 lapideis.
520 731 568 762 14.
601 731 683 762 Milli
714 741 829 770 quoquc
856 730 1014 769 praecepit
1044 729 1158 761 Ielzova

187 778 289 809 eodem
313 779 443 815 tempore
468 778 499 805 ut
521 775 658 806 docerem
679 784 731 805 vos
761 776 877 804 statuta
907 775 933 804 ct
963 773 1094 810 iudicia,
1126 775 1159 803 at

185 819 330 861 faceretis
352 829 385 849 ea
412 819 441 849 in
466 820 550 848 terra
570 817 611 848 ud
634 827 728 856 quam
752 816 897 847 transitis
918 818 953 846 at
970 815 1159 855 possideatis

187 873 264 894 eam.

276 948 304 978 6.
331 946 516 977 Custodietis
536 946 643 984 itaque.
680 945 753 984 Quo
773 944 912 975 alacrius
932 954 966 974 se
990 943 1161 983 accingant

190 991 230 1021 ad
255 989 448 1021 servandam
473 988 595 1029 legem,
630 994 663 1018 et
685 989 718 1018 in
743 987 804 1019 1100
828 986 934 1018 studio
957 987 1160 1017 constantius

191 1038 346 1074 pergant,
378 1032 459 1062 nihil
493 1031 556 1062 illis
584 1042 653 1062 0550
678 1030 794 1061 melius
818 1030 869 1061 vel
894 1030 997 1070 magis
1020 1028 1160 1069 optabile

189 1076 351 1108 admonet.
398 1075 509 1114 Neque
531 1076 617 1105 enim
643 1074 703 1105 rite
728 1073 847 1105 colitur
870 1073 976 1110 Deus,
1000 1072 1064 1103 nisi
1086 1082 1159 1111 pro-

188 1119 300 1160 pensis
320 1118 436 1149 animis
457 1124 487 1148 et
507 1118 692 1149 voluntario
711 1116 872 1156 obsequio,
894 1115 978 1155 quod
992 1115 1160 1146 dulcedine

188 1162 292 1202 magis
316 1161 444 1192 elicitur
467 1171 564 1200 quam
589 1165 802 1199 extorquetur
826 1160 856 1189 vi
881 1164 912 1189 et
937 1158 1053 1199 rigore.
1088 1157 1159 1188 Iam

187 1216 286 1245 quum
311 1215 422 1235 0111005
445 1204 602 1234 excellere
626 1207 798 1243 appetant.
831 1202 914 1233 hanc
938 1202 1005 1232 fore
1029 1201 1158 1231 Israelis

187 1248 363 1279 maximam
389 1247 619 1287 praestantiam
653 1246 747 1283 dicit,
778 1245 883 1275 Deum
914 1244 1034 1275 habere
1062 1243 1157 1283 logis-

187 1291 322 1322 latorem
358 1295 390 1320 et
424 1290 626 1329 magistrum.
686 1288 720 1319 Si
754 1289 825 1327 quis
866 1287 995 1319 obiiciat
1035 1286 1158 1317 duobus

187 1333 389 1374 argumentis
413 1332 515 1363 refelli
539 1332 620 1372 quod
647 1331 739 1362 dicit:
768 1341 903 1370 nempe,
934 1330 1008 1369 quia
1032 1329 1158 1360 cunctis

186 1376 332 1418 profanis
362 1375 513 1416 gentibus
548 1375 710 1415 incognita
747 1374 809 1404 fuit
841 1373 902 1404 Dei
938 1373 1005 1403 lex:
1042 1372 1158 1403 deinde

188 1419 273 1459 quod
306 1419 505 1459 praescripta
534 1418 599 1448 11110
631 1417 757 1449 colendi
782 1416 844 1447 Dei
875 1416 993 1452 forma,
1029 1420 1158 1454 totaque

186 1462 322 1494 Iudaica
352 1462 466 1501 religio
497 1471 561 1491 non
594 1460 687 1491 modo
721 1459 937 1499 contemptui,
971 1459 1027 1490 sed
1060 1458 1157 1489 ctiam

188 1505 261 1536 odio
290 1505 366 1535 fuit:
397 1503 593 1543 respondeo,
624 1503 677 1533 hic
708 1503 785 1533 alios
810 1502 948 1542 populos
971 1513 1035 1532 non
1059 1500 1157 1532 statui

189 1548 381 1587 simpliciter
405 1547 527 1578 iudices
552 1547 601 1577 vel
631 1547 783 1581 arbitros,
816 1546 871 1575 sed
904 1545 999 1575 verba
1023 1545 1067 1574 ita.
1090 1554 1158 1574 0550

189 1590 396 1622 resolvenda:
418 1589 453 1621 Si
471 1589 510 1620 ad
524 1590 642 1620 iustam
661 1589 879 1629 cognitionem
900 1593 1031 1618 ventum
1053 1587 1157 1623 fucrit,

189 1634 299 1664 nullus
323 1634 383 1664 erit
407 1633 547 1672 populus
571 1633 630 1663 5111)
654 1633 743 1662 coelo
766 1632 819 1671 11111
845 1642 878 1661 50
902 1630 992 1661 vobis
1012 1639 1157 1670 aequare,

188 1676 308 1708 nedum
329 1676 492 1716 praeferre
513 1676 643 1706 audeat:
665 1675 747 1705 Nam
770 1685 809 1705 ex
831 1676 901 1714 ipsa
919 1673 1159 1713 comparatione

189 1726 365 1759 agnoscent
401 1719 434 1748 in
469 1729 564 1758 quam
601 1718 704 1748 altum
735 1717 905 1757 dignitatis
936 1716 1073 1757 gradum
1103 1726 1159 1747 vos

188 1763 279 1794 Deus
314 1762 481 1793 extulerit.
541 1761 701 1800 Quamvis
742 1771 818 1801 ergo
851 1760 997 1800 neglecta
1027 1758 1160 1789 iacuerit

190 1806 273 1846 legis
297 1804 459 1842 doctrina,
490 1805 554 1835 imo
579 1805 674 1834 01111111
701 1804 879 1834 detestatus
907 1803 949 1833 sit
976 1807 1062 1833 101115
1094 1801 1161 1831 fere

190 1848 294 1880 orbis:
319 1859 394 1878 vere
418 1854 526 1878 tamen
552 1847 715 1887 pras-dicat
740 1847 865 1883 Moses,
892 1856 988 1885 quum
1014 1854 1159 1876 normam

188 1891 323 1922 vivendi
338 1891 467 1921 1111111015
482 1890 571 1921 Deus
591 1890 718 1920 111111010
742 1889 894 1929 dignatus
917 1893 974 1924 051,
998 1888 1160 1918 theatrum

190 1935 223 1965 in
248 1945 308 1973 quo
333 1934 506 1973 conspicua
531 1941 615 1963 esset
640 1933 737 1962 11111115
761 1933 870 1972 populi
892 1932 1051 1968 nobilitas,
1074 1939 1160 1960 erec-

190 1981 260 2007 tum
285 1977 384 2007 fuisse
408 1987 515 2007 coram
540 1976 612 2006 aliis
636 1975 798 2015 gentibus.
844 1975 957 2014 Neque
981 1975 1065 2004 enim
1091 1983 1160 2003 cac-

190 2020 453 2056 0011101105011111,
473 2019 535 2050 Dei
549 2019 728 2049 claritatem
743 2018 907 2058 exstingui
928 2017 978 2048 vel
997 2015 1161 2047 obscurari

191 2073 329 2102 aequum
361 2062 433 2093 suit.

191 2117 248 2136 nos
272 2116 347 2136 vere
372 2105 501 2135 denium
527 2115 640 2144 sapere
665 2104 720 2135 ubi
743 2103 922 2144 pendemus
949 2103 988 2133 ab
1011 2112 1065 2132 ore
1090 2101 1161 2137 Dei,

191 2159 371 2188 sensusque
396 2154 523 2179 11051105
546 2148 615 2178 01115
639 2147 738 2177 verbo
769 2147 957 2177 addicimus.
1003 2145 1064 2176 Ubi
1090 2143 1162 2174 red-

191 2190 272 2221 didi:
299 2193 395 2221 Certe
416 2192 553 2231 populus
577 2191 636 2227 1110,
658 2190 816 2229 particula
839 2196 878 2233 ΡἾ
908 2188 1067 2219 Hebraico
1087 2186 1163 2226 legi-

192 2239 254 2270 tur,
279 2244 360 2274 quae
384 2245 480 2273 saepe
504 2234 673 2264 exclusiva
693 2238 753 2263 est:
780 2232 850 2263 ideo
870 2231 1035 2263 commode
1056 2236 1161 2260 trans-

190 2277 267 2307 ferri
288 2283 410 2316 posset:
432 2276 670 2307 Tantummodo
690 2275 828 2315 populus
850 2275 911 2309 1110,
932 2279 991 2305 010.
1017 2273 1159 2304 Dubium

191 2320 320 2359 quidem
345 2330 410 2350 non
434 2326 483 2349 est
509 2320 584 2359 quin
611 2319 650 2348 ol]
674 2319 800 2358 gratiae
816 2318 1024 2358 privilegium
1044 2316 1162 2346 eximia

191 2369 323 2393 notetur
346 2363 454 2401 populi
480 2362 629 2393 conditio.

279 2406 306 2436 Τ.
332 2408 416 2444 (guae
435 2406 516 2435 minu
532 2416 606 2444 (sciis
624 2408 822 2443 tammam«.
857 2402 951 2441 Quod
972 2402 1004 2432 in
1023 2401 1159 2431 aliorum

193 2459 331 2488 persona
356 2449 508 2478 retulerat
537 2449 658 2484 Moses,
691 2458 777 2477 1111110
807 2457 864 2477 5110
894 2445 1023 2475 nominc
1055 2445 1160 2479 1101111,

193 2501 229 2521 ae
249 2492 273 2521 si
294 2490 402 2521 addita.
426 2492 549 2521 ratione
573 2490 766 2527 ostenderet,
790 2500 854 2520 non
876 2493 997 2518 temere
1020 2486 1160 2517 celebres

193 2534 259 2564 fore
284 2534 421 2564 ludaeos
447 2535 476 2563 in
502 2540 568 2563 1010
592 2534 728 2563 mundo:
759 2532 834 2571 quia
858 2542 893 2561 re
917 2532 985 2570 ipsa
1008 2536 1161 2569 appareat

194 2577 300 2606 nullos
324 2577 388 2606 11115
412 2587 481 2606 esse
505 2587 609 2616 pares.
646 2576 841 2615 Quanquam
862 2573 925 2603 duo
945 2574 1087 2603 membra
1109 2572 1160 2601 1110

195 2625 358 2655 recenset,
388 2620 490 2658 primo
513 2618 596 2658 (111011
621 2624 749 2658 praesto
777 2619 819 2647 sit
850 2617 914 2647 illis
939 2616 1027 2646 Deus
1052 2614 1090 2645 ad
1115 2615 1158 2644 se—

193 2662 329 2692 rendum
366 2662 521 2691 auxilium
556 2661 681 2701 quotics
711 2671 784 2691 eum
818 2659 1008 2699 implorant:
1043 2657 1158 2688 deinde

916 208 1182 241 PRAEFATIO
1205 208 1255 241 IN
1278 209 1453 241 LEGEM.

487 2062 659 2102 Colligitur
689 2066 797 2091 autem
829 2072 867 2091 ex
900 2060 959 2091 hoe
989 2060 1056 2090 loco
1086 2064 1163 2088 tunc
1187 2086 1189 2108 2

2115 209 2178 241 216

1210 304 1294 344 quod
1318 314 1372 334 eos
1396 303 1541 334 docuerit
1564 303 1739 343 perfectam
1763 302 1937 340 iustitiam,
1967 303 2053 334 ultra
2082 314 2179 344 quam

1210 347 1292 378 nihil
1317 346 1495 377 desiderari
1519 350 1625 385 queat.
1649 345 1732 376 Nam
1757 355 1855 384 quum
1880 345 1956 376 dicit
1973 345 2080 377 Deum
2103 356 2178 387 pro-

1211 390 1367 430 pinquum
1392 400 1469 425 esso,
1505 388 1543 418 ad
1567 388 1783 428 praesentiam
1804 388 1938 418 virtutis
1962 389 2072 426 refero,
2097 399 2179 429 quae

1211 433 1322 463 multis
1344 431 1509 462 miraculis
1529 431 1607 462 satis
1626 441 1787 470 superque
1805 431 1934 471 cognita
1952 430 2066 463 fuerat.
2101 432 2180 463 'Pale

1210 475 1407 515 praesidium
1432 475 1465 504 in
1486 473 1547 504 diis
1566 474 1633 504 suis
1653 473 1768 503 merito
1787 479 1886 514 negat
1904 478 2017 514 gentes
2036 485 2179 515 unquam

1211 518 1358 554 sensisse,
1384 528 1464 556 quac
1488 522 1565 547 vota
1588 522 1619 547 et
1642 516 1800 547 clamores
1823 515 1864 547 ad
1886 516 1984 547 surda
2003 521 2034 548 et
2052 522 2181 548 mortua

1210 561 1293 591 idola
1318 560 1510 600 dirigebant.

1296 604 1324 634 9.
1356 603 1571 633 Verumtamen
1594 612 1666 633 cave
1687 601 1751 632 tibi.
1797 601 1921 632 Eadem
1944 606 1994 634 est
2023 602 2181 642 particula

1210 653 1250 690 ΡἽ
1283 646 1321 676 de
1351 656 1414 685 qua
1443 655 1548 684 nuper
1578 644 1658 675 dixi:
1695 655 1776 684 quae
1804 644 1996 676 tantundem
2027 645 2180 676 hocloco

1210 689 1295 719 valet
1319 698 1356 719 ac
1379 689 1404 719 51
1429 688 1565 718 dixisset
1579 688 1695 723 Moses,
1721 687 1781 718 hoc
1804 692 1931 718 tantum
1955 692 2092 719 restare:
2117 688 2180 719 nisi

1209 732 1314 769 magis
1325 731 1459 771 placeat,
1475 730 1720 761 Verumtamen.
1746 730 1865 761 Postea
1885 730 1924 761 ad
1944 731 2080 762 verbum
2100 730 2180 772 legi-

1211 779 1274 812 tur,
1294 773 1418 805 custodi
1439 779 1478 811 10,
1500 773 1549 804 vel
1570 773 1638 810 tibi,
1660 778 1691 803 et
1704 772 1826 804 custodi
1846 774 1986 804 animam
2006 777 2105 811 tuam,
2125 773 2181 804 ubi

1211 817 1369 857 gradatim
1406 815 1547 857 procedit
1578 816 1702 853 Moses,
1733 826 1795 846 non
1828 816 1955 857 vulgari
1985 817 2180 848 observatio-

1212 871 1252 891 ne
1283 870 1352 890 e-sse
1382 869 1477 899 opus,
1509 858 1563 889 sed
1594 859 1710 890 intima
1744 859 1914 899 vigilantia
1947 864 1978 890 et
2007 859 2181 891 sedulitate

1212 903 1392 934 cavendum
1436 902 1500 932 illis
1535 912 1604 932 0550
1639 912 1679 932 ne
1713 912 1771 942 per
1810 902 1975 942 ignaviam
2017 902 2180 934 deficiant.

1212 946 1344 976 Talibus
1368 946 1453 975 enim
1486 944 1627 975 stimulis
1650 944 1821 976 excitanda
1844 951 1891 975 est
1921 945 2029 976 carnis
2052 949 2182 976 nostrae

1212 988 1357 1025 tarditas,
1377 993 1409 1018 et
1425 987 1520 1018 simul
1535 987 1696 1018 firmanda
1712 988 1874 1025 mollities,
1895 992 1926 1019 et
1945 988 2182 1019 inconstantiae

1212 1031 1341 1062 obviam
1373 1030 1530 1061 eundum:
1562 1031 1637 1071 quia
1666 1030 1748 1061 nihil
1775 1030 1880 1071 magis
1909 1030 2053 1071 proclive
2083 1041 2180 1071 quam

1212 1080 1245 1105 ut
1269 1074 1375 1104 subita
1398 1073 1560 1104 oblivione
1584 1072 1733 1104 concidat
1757 1077 1844 1104 totus
1867 1073 1989 1112 fervor,
2022 1074 2071 1104 vel
2104 1084 2181 1113 pau-

1212 1117 1302 1147 latim
1327 1117 1524 1156 languescat.
1572 1115 1669 1156 Apud
1690 1120 1802 1156 gratos
1826 1120 1857 1147 et-
1880 1127 2055 1153 memores,
2079 1127 2181 1157 quan-

1212 1164 1279 1190 tum
1305 1170 1385 1199 opus
1409 1166 1493 1196 erat,
1529 1159 1619 1190 Deus
1654 1159 1834 1189 stabilierat
1864 1159 1959 1190 fidem
1984 1159 2065 1200 legis
2087 1168 2180 1190 suae:

1211 1213 1292 1242 (111110
1316 1208 1421 1232 tamen
1443 1207 1492 1232 est
1512 1202 1678 1232 hominum
1700 1202 1834 1240 incuria,
1859 1213 1920 1233 non
1942 1202 1997 1233 abs
2018 1214 2050 1233 rc
2070 1207 2181 1243 postu—

1211 1245 1258 1275 lat
1279 1251 1314 1275 ut
1337 1245 1474 1285 populus
1499 1245 1696 1276 recordetur.
1752 1245 1820 1276 Nec
1844 1250 1971 1276 tantum
1997 1255 2051 1276 005
2075 1255 2180 1276 10001-

1212 1288 1281 1319 dari
1305 1288 1392 1318 iubet
1416 1288 1468 1327 qui
1493 1288 1612 1319 oculati
1634 1288 1754 1318 fuerint
1774 1292 1881 1323 testes,
1911 1287 1964 1318 sed
1985 1288 2062 1319 filiis
2082 1288 2180 1319 etiam

1184 1363 1185 1375 ἢ
1211 1337 1242 1361 et
1266 1331 1436 1370 nepotibus
1460 1330 1597 1369 tradere,
1625 1335 1660 1361 ut
1690 1341 1798 1361 rernm
1822 1336 1886 1362 tam
1912 1331 2088 1372 insignium
2112 1341 2180 1362 me-

1211 1374 1314 1404 moria
1338 1379 1542 1413 propagetur.

1298 1417 1346 1447 lo.
1382 1416 1444 1448 Diffi
1466 1428 1523 1455 quo
1546 1417 1664 1447 stetisti.
1711 1416 1827 1447 Posset
1856 1416 1952 1447 etiam
1984 1416 2048 1457 legi
2072 1415 2180 1454 Diem,

1184 1499 1186 1502 ἱ
1212 1459 1384 1490 accusandi
1404 1470 1488 1493 casn,
1515 1465 1548 1489 ut
1571 1460 1613 1490 sit
1633 1460 1799 1499 appositio.
1824 1459 1921 1490 Certe
1938 1459 2042 1490 fusius
2061 1459 2182 1500 exponi

1213 1502 1313 1541 liquet
1336 1512 1416 1541 quae
1441 1503 1571 1533 brevius
1600 1503 1761 1542 attigerat.
1807 1502 1970 1542 Populum
1994 1503 2079 1532 enim
2104 1503 2182 1534 citat

1212 1550 1365 1584 tanquam
1391 1545 1553 1575 oculatum
1586 1549 1716 1576 testem:
1748 1556 1788 1575 ne
1818 1546 1899 1575 forto
1930 1545 2085 1586 excipiat„
2120 1545 2180 1576 sibi

1213 1598 1274 1618 non
1300 1594 1446 1619 constare
1477 1588 1563 1618 unde
1595 1588 1740 1619 hauserit
1762 1589 1871 1619 Moses
1895 1587 1977 1628 quod
2012 1588 2182 1628 profitetur

1212 1631 1272 1661 sibi
1296 1641 1312 1661 a
1338 1631 1406 1661 Deo
1430 1632 1622 1662 iniunctum.
1669 1630 1823 1662 Sciebant
1853 1631 1939 1661 enim
1964 1641 2075 1662 omnes
2098 1631 2181 1662 nihil

1212 1684 1284 1704 011111
1311 1678 1453 1704 tentasse
1483 1674 1546 1704 nisi
1576 1674 1749 1705 manifesto
1773 1674 1834 1705 Dei
1864 1674 1964 1705 iussu.
2009 1673 2140 1705 Deinde
2163 1685 2181 1705 a

1212 1718 1276 1747 fine
1300 1717 1376 1756 ipso,
1398 1721 1429 1747 et
1452 1728 1579 1748 summa
1599 1717 1765 1748 doctrinae
1784 1718 1963 1754 confirmat,
1985 1716 2091 1747 Deum
2110 1727 2181 1748 0550

1212 1766 1364 1793 autorem,
1390 1761 1543 1799 quoniam
1569 1771 1631 1790 non
1656 1760 1717 1791 alio
1740 1764 1863 1800 spectet
1887 1759 1949 1790 nisi
1973 1765 2007 1790 ut
2026 1770 2106 1800 pure
2129 1770 2180 1792 co-

1215 1804 1297 1832 latur
1320 1803 1409 1833 Deus
1433 1803 1511 1841 ipse,
1542 1808 1574 1833 et
1596 1803 1751 1843 populum
1775 1803 1892 1834 habeat
1915 1802 1976 1834 sibi
2000 1802 2181 1842 obsequen-

1212 1850 1287 1882 tem,
1311 1856 1372 1883 quo
1393 1845 1474 1875 nihil
1496 1846 1614 1876 rectius
1634 1851 1689 1876 aut
1712 1846 1845 1885 aequius
1869 1845 1949 1886 fingi
1972 1850 2084 1885 potest.

1299 1888 1346 1919 11.
1373 1889 1484 1927 Itaque
1506 1889 1680 1919 accessistis
1703 1891 1729 1919 et
1750 1889 1886 1919 stetistis.
1939 1888 2031 1920 Haeo
2054 1898 2180 1928 quoque

1212 1938 1374 1970 exegetica
1400 1931 1542 1961 narratio
1562 1931 1600 1961 ad
1621 1931 1763 1961 eiusdem
1785 1931 1830 1962 rei
1850 1931 2072 1971 probationem
2094 1931 2182 1962 valet

1213 1984 1328 2013 nempe
1348 1974 1463 2005 Mosen
1487 1974 1616 2004 nonnisi
1637 1974 1699 2004 Dci
1724 1984 1914 2014 praeconem
1939 1978 1970 2004 et
1993 1975 2179 2004 ministrum

1213 2017 1326 2047 fuisse:
1359 2017 1435 2057 quia
1465 2022 1531 2047 toto
1567 2017 1684 2056 populo
1708 2022 1872 2056 spectante
1897 2027 1988 2047 mons
2013 2017 2180 2055 exarserit,

1214 2067 1246 2089 111
1273 2060 1377 2099 palam
1403 2061 1494 2090 fieret
1517 2060 1624 2090 Deum
1655 2070 1671 2090 e
1702 2060 1807 2089 medio
1837 2060 1910 2099 igue
1942 2059 2037 2098 loqui.
2084 2059 2179 2098 Quod

1215 2102 1301 2140 dicit,
1335 2113 1443 2133 vocem
1469 2107 1596 2133 tantum
1628 2102 1771 2138 audisse,
1809 2102 1930 2132 nullam
1963 2101 2081 2132 vidisse
2111 2102 2180 2132 effi-

1214 2146 1315 2185 giem,
1345 2151 1451 2185 potest
1481 2146 1552 2176 vice
1582 2145 1797 2176 concessionis
1830 2145 1941 2184 accipi.
1987 2144 2039 2175 Ita
2063 2143 2180 2176 adver-

1215 2189 1318 2218 sative
1349 2189 1483 2228 legenda
1517 2193 1626 2218 essent
1650 2188 1728 2218 haee
1751 2188 1814 2218 11110
1838 2187 2000 2225 membra,
2030 2188 2180 2227 quamvis

1215 2230 1304 2260 nulla
1327 2231 1449 2271 effigies
1474 2231 1675 2271 apparuerit,
1710 2241 1769 2261 vox
1795 2236 1902 2260 tamen
1927 2230 2110 2270 penetravit
2141 2229 2181 2261 ad

1216 2279 1339 2304 vestras
1373 2285 1474 2314 usquc
1498 2284 1601 2305 aures.
1654 2273 1719 2305 Sed
1750 2273 1809 2304 hoc
1839 2272 1959 2304 diserte
1991 2284 2181 2314 expressum

1215 2316 1312 2346 fuisse
1335 2317 1540 2357 interpretor,
1573 2327 1634 2357 quo
1658 2316 1776 2347 certius
1801 2320 1953 2347 testatum
1977 2316 2068 2347 fieret
2091 2315 2182 2347 illam

1215 2358 1314 2389 fuisse
1340 2360 1399 2390 Dei
1425 2371 1551 2396 vocem,
1587 2369 1670 2399 quae
1693 2359 1732 2389 ab
1757 2358 1885 2389 homine
1909 2359 2038 2390 mortali
2063 2359 2182 2389 emissa.

1214 2413 1276 2431 non
1312 2402 1426 2434 fuerat.
1484 2402 1582 2434 Nullo
1615 2402 1700 2433 euim
1736 2401 1873 2432 artificio
1914 2411 1947 2432 50
1988 2402 2182 2433 occultasset

1214 2445 1382 2484 quisquam
1408 2446 1586 2483 hominum,
1611 2446 1686 2485 quin
1712 2454 1746 2475 os
1763 2444 1924 2484 loquentis
1948 2444 2180 2485 conspicerent,

1213 2488 1267 2526 qui
1289 2487 1442 2519 videbant
1466 2489 1586 2529 absque
1610 2494 1744 2518 externo
1768 2498 1888 2527 organo
1908 2497 2020 2518 vocem
2045 2498 2085 2519 cx
2105 2487 2181 2528 igne

1213 2530 1351 2570 prodire.
