2304 3034
111 167 170 198 169

109 260 196 300 ipsos
220 270 236 290 e
260 260 392 291 latebris
416 261 481 291 suis
505 258 739 299 quodammodo
762 257 899 293 extrahi,
923 262 959 286 ut
982 256 1067 285 frau-

109 308 205 343 gatur
229 313 338 333 eorum
363 303 538 342 protervia:
569 300 683 332 deinde
714 300 842 338 coargui
866 309 976 329 eorum
1001 301 1067 328 stu-

108 355 235 385 porem,
270 345 352 385 quod
381 345 486 376 Deum
516 349 717 384 praesentem
752 352 815 371 non
850 344 1068 371 revereantur.

109 386 204 426 Quod
228 389 344 419 melius
366 387 466 427 liquet
489 397 529 417 ex
553 390 720 422 contextu,
752 384 805 414 ubi
830 383 948 415 dicitur
971 392 1068 422 appa-

108 430 211 461 ruisse
245 431 306 461 Dei
341 429 441 470 gloria
477 438 591 459 versus
625 427 800 458 desertum:
844 436 906 465 quo
941 426 1068 456 nomine

109 471 271 513 designari
295 473 431 503 arbitror
454 472 579 511 plagam
604 470 709 499 minus
733 468 951 499 habitabilem.
997 467 1068 498 Etsi
1094 480 1095 486 ¹

108 515 195 545 enim
214 516 303 555 regio
322 514 461 553 undique
480 518 548 543 erat
568 511 688 543 sterilis
711 516 743 541 et
761 511 872 542 incolis
896 520 1005 548 vacua,
1029 510 1067 540 ab

108 568 172 588 una
202 564 310 588 tamen
339 562 430 597 parte
459 555 554 586 vicini
586 560 679 584 erant
711 554 924 589 Amalecitae,
953 558 985 583 et
1014 552 1068 582 alii

107 600 226 640 populi,
249 606 285 630 ut
306 599 401 639 paulo
426 603 495 638 post
520 595 707 628 videbimus.
742 596 889 626 Gloriam
914 606 992 626 vcro
1006 595 1068 625 Dei

106 642 318 682 interpretor,
353 652 415 672 non
450 650 545 679 quam
580 649 713 670 cernere
742 638 883 678 quotidie
914 637 1067 674 solebant,

107 684 163 716 sed
185 695 266 724 quae
289 690 364 714 tunc
386 683 512 713 insolito
533 681 625 712 modo
649 681 807 721 patefacta
831 682 891 711 fuit
914 681 953 711 ad
977 681 1066 711 incu-
1093 709 1095 722 ᾗ

1093 720 1255 761 *singulis
1290 721 1400 752 diebus
1434 727 1562 761 reperta
1595 729 1655 759 cst,

106 727 250 757 tiendum
288 732 456 757 terrorem:
497 725 570 764 quia
604 724 643 755 ad
678 724 842 754 ordinaria
876 724 1068 754 documenta

106 769 332 800 obduruerant.

193 813 240 842 11.
275 811 434 850 Loquutus
466 810 546 840 enim
577 809 688 848 fuerat.
743 809 807 839 Hic
837 808 929 840 docet
958 808 1067 838 Moses

107 854 189 886 nihil
202 865 235 885 50
248 854 307 884 Dei
329 853 453 883 iniussu
472 852 584 892 egisse,
603 851 659 882 sed
678 852 821 882 functum
843 862 912 882 esse
932 850 1068 881 fideliter

108 902 141 928 et
159 896 298 927 modeste
311 895 453 926 ministri
472 894 628 934 partibus.
661 895 704 925 Et
723 901 815 931 certe,
836 894 897 924 nisi
917 893 1067 932 loquutus

108 945 192 970 esset
214 949 255 970 ex
278 949 331 969 ore
356 938 426 974 Dei,
451 942 571 968 temere
596 937 755 976 pollicitus
779 942 863 967 esset
887 936 968 976 quod
993 941 1066 966 ante

105 981 257 1013 vidimus.
302 981 414 1020 Itaque
436 980 604 1011 subiicitur
627 979 710 1018 quod
735 979 845 1009 ordine
870 979 959 1018 prius
983 984 1065 1008 erat:

106 1030 139 1055 et
161 1023 230 1055 ideo
259 1023 390 1063 copulae
421 1023 487 1054 loco
517 1022 705 1053 rationalem
737 1022 929 1062 particulam
965 1021 1065 1060 posui.

107 1066 241 1098 Summa
274 1071 336 1101 est,
371 1073 406 1096 ut
458 1066 523 1096 rius
555 1064 659 1095 Deum
695 1066 762 1095 fore
795 1064 955 1095 vindicem
990 1074 1067 1094 snae

434 1076 454 1105 p
1092 1097 1094 1114 i
1118 1105 1292 1145 cognitum.
1325 1104 1479 1144 Septimo,
1499 1105 1691 1145 simulatque
1707 1106 1845 1146 ingressi
1864 1109 1940 1136 sunt
1959 1109 2080 1135 terram

106 1109 235 1149 gloriae,
254 1109 306 1139 cui
326 1108 462 1147 populus
482 1108 579 1147 impie
598 1107 844 1143 οὔτι-0010110101,
867 1112 898 1137 et
921 1106 1067 1137 benefac-

106 1157 215 1182 turum
245 1151 402 1191 indiguis,
435 1162 495 1190 quo
520 1161 637 1180 nomen
661 1161 754 1181 51111111
778 1150 952 1189 glorificet:
981 1159 1016 1180 ac
1039 1149 1065 1179 si

104 1193 238 1225 diceret:
258 1193 321 1225 Ubi
340 1194 484 1224 convicta
504 1193 602 1223 fuerit
622 1198 729 1223 vest-ra
748 1192 957 1233 ingratitudo,
975 1197 1067 1231 coget
1092 1215 1094 1235 Ι,

104 1247 160 1268 vos
184 1247 234 1267 res
257 1237 326 1276 ipsa
350 1237 443 1267 fateri
467 1247 517 1266 me
542 1246 611 1266 esse
641 1236 742 1266 solum
769 1236 892 1271 Deum,
916 1240 946 1265 et
970 1234 1065 1265 simul
1092 1259 1094 1263 .

102 1279 194 1311 vobis
218 1284 352 1318 patrem.

190 1322 238 1352 13.
264 1321 393 1352 Factum
416 1324 460 1351 est
482 1331 560 1361 erqo.
606 1320 799 1351 Videbimus
824 1329 943 1360 postea,
968 1330 1066 1360 quum

103 1365 208 1396 taedio
236 1375 373 1395 mannae
403 1374 515 1395 carnes
546 1369 697 1403 expetere
727 1364 921 1402 coepissent,
952 1373 1066 1393 rursus
1092 1374 1094 1384 <

104 1408 194 1438 datas
222 1407 286 1438 illis
317 1407 415 1437 fuisse
445 1407 643 1437 coturnices:
679 1406 733 1437 sed
765 1417 865 1445 quum
897 1406 1004 1436 adhue
1034 1406 1065 1435 in

103 1460 157 1481 ore
180 1456 303 1487 essent,
334 1454 497 1489 sumptam
530 1449 627 1480 fuisse
659 1449 843 1479 horribilem
868 1459 1003 1488 poenam
1029 1447 1066 1477 do

105 1503 213 1524 eorum
254 1493 452 1532 intemperie.
509 1492 572 1523 Hic
606 1503 704 1531 quum
738 1497 863 1522 tantuin
900 1491 1064 1531 conquesti

103 1540 210 1567 essent
233 1535 271 1566 de
294 1535 520 1565 alimentorum
543 1535 687 1574 penuria,
710 1534 808 1565 semel
832 1545 884 1565 005
908 1534 1067 1565 saturavit

103 1577 193 1609 Deus
226 1578 392 1614 carnibus,
428 1583 464 1608 ut
497 1577 680 1608 ostenderet
713 1577 772 1608 sibi
802 1577 836 1607 in
866 1587 963 1607 manu
995 1587 1066 1607 esse

103 1620 278 1661 quamlibet
307 1621 450 1651 ciborum
482 1621 605 1659 copiam
635 1631 671 1651 ae
694 1621 894 1650 varietatem.
942 1619 1066 1650 Deinde

102 1674 169 1694 una
191 1668 319 1693 tantum
343 1664 447 1702 specie
470 1668 641 1693 contentus
665 1673 735 1694 esse
759 1663 869 1693 voluit.
905 1661 1066 1701 Quamvis

104 1706 190 1737 enim
212 1706 377 1745 conquesti
401 1711 508 1736 essent
531 1717 564 1736 se
588 1706 731 1745 privatos
750 1716 819 1736 esse
842 1706 1001 1740 carnibus,
1027 1704 1066 1735 ad

105 1759 239 1788 quarum
269 1749 350 1779 ollas
381 1750 468 1788 prius
499 1747 667 1780 sedebant.
697 1759 758 1779 non
791 1754 899 1778 tamen
929 1758 1064 1787 aequum

104 1791 163 1822 fuit
182 1791 346 1832 improbae
364 1802 474 1822 eorum
494 1791 662 1830 cupiditati
675 1790 781 1821 Deum
801 1791 889 1821 omni
913 1801 953 1821 ex
976 1795 1066 1830 parte

105 1844 226 1864 morem
251 1845 371 1874 gerere.
418 1834 505 1872 Quin
529 1834 625 1864 etiam
651 1834 729 1873 ipsis
752 1833 831 1864 utile
851 1833 913 1863 fuit
935 1833 1066 1864 modum

106 1876 243 1916 aliquem
267 1877 411 1917 praefigi,
437 1882 471 1907 ut
494 1888 512 1907 a
536 1877 598 1907 Dei
622 1877 755 1907 arbitrio
778 1876 966 1916 penderent.

191 1919 239 1950 14.
262 1919 304 1950 Et
326 1930 420 1958 quwn
442 1922 633 1950 evanesceret.
680 1919 831 1949 Breviter
862 1919 914 1949 hic
945 1918 1065 1949 descri-

105 1961 192 1992 bitur
215 1963 319 2001 figura
341 1972 415 1992 man
440 1972 555 2001 nempe
579 1961 663 2001 quod
687 1962 784 1992 fuerit
808 1962 897 2001 quasi
918 1970 969 1992 ros
988 1961 1066 1992 den-

105 2010 193 2035 satus
222 2005 254 2035 in
290 2005 428 2035 rotunda
458 2011 490 2035 et
520 2005 639 2044 exigua
668 2015 784 2044 grana:
816 2005 940 2043 saporis
970 2005 1066 2035 etiam

106 2046 179 2077 alibi
203 2048 257 2077 fiet
276 2047 404 2078 mentio.
440 2047 562 2077 Verum
586 2048 642 2077 1100
666 2047 732 2078 1000
757 2048 834 2077 satis
858 2047 918 2077 fuit
941 2046 1067 2077 ostendi
1092 2063 1093 2075 ³

105 2088 349 2120 foecunditatem
374 2090 467 2125 hanc,
491 2100 571 2129 quae
596 2090 705 2120 nativa
730 2101 795 2120 non
814 2095 892 2127 erat,
912 2090 1067 2121 miraculo
1092 2110 1094 2124 2

106 2131 240 2162 inditam
263 2132 363 2163 fuisse
391 2133 546 2168 nubibus,
576 2137 612 2162 ut
640 2144 714 2163 man
746 2132 885 2172 quotidie
909 2133 1066 2172 pluerent.

108 2173 190 2203 Nam
213 2175 295 2214 quod
318 2176 467 2215 garriunt
489 2176 615 2215 profani
639 2176 769 2215 quidam
794 2175 949 2210 homines,
974 2180 1067 2205 natu·
1093 2198 1094 2217 ἦ

108 2215 217 2247 raliter
249 2218 282 2247 in
314 2217 504 2257 quibusdam
540 2218 724 2258 regionibus
758 2228 876 2248 manna
911 2217 1066 2253 decidere,

109 2261 205 2297 atque
232 2259 266 2289 in
295 2270 331 2290 eo
362 2270 494 2291 acumen
526 2261 647 2301 ingenii
678 2262 728 2291 sui
758 2261 942 2297 venditant,
974 2272 1010 2291 ae
1040 2260 1067 2291 si

109 2299 225 2331 Mosen
244 2306 389 2332 tenerent
407 2303 565 2334 mendacii
585 2304 780 2341 convictum,
799 2303 883 2343 quod
897 2303 1068 2343 magnifice

109 2352 176 2372 rem
201 2343 294 2390 nihili
316 2345 456 2383 extollat,
480 2347 686 2386 nugatorium
706 2352 755 2377 est
776 2357 812 2377 ac
832 2346 920 2376 nullo
940 2347 1067 2386 negotio

108 2384 275 2432 refellitur.
319 2386 442 2418 Verum
465 2389 592 2427 quidem
617 2394 664 2419 est
687 2389 795 2429 colligi
820 2389 851 2419 111
875 2388 1065 2428 quibusdam

108 2426 187 2475 locis
211 2438 311 2467 grana
332 2429 411 2467 alba,
435 2431 548 2469 quibus
571 2442 688 2462 nomen
712 2442 786 2461 man
811 2431 907 2471 vulgo
926 2431 988 2462 fuit
1008 2432 1066 2461 im-

108 2475 262 2518 positum,
293 2471 374 2509 quod
403 2476 509 2503 tamen
539 2485 621 2505 unus
651 2485 692 2505 ex
716 2474 874 2505 Rabbinis
906 2474 975 2504 vult
998 2484 1067 2504 esse

109 2512 286 2560 arabicum:
307 2513 361 2543 sed
380 2524 483 2553 neque
500 2516 589 2548 cibus
608 2521 665 2554 est,
685 2527 788 2556 neque
807 2516 948 2556 quotidie
965 2516 1067 2548 stillat

110 2563 127 2584 e
146 2555 291 2591 nubibus,
315 2565 373 2586 nec
394 2556 564 2597 quidquam
589 2559 685 2590 habet
707 2570 782 2591 cum
805 2559 867 2589 hoc
890 2559 959 2590 cibo
983 2570 1068 2590 com-

108 2606 222 2634 mune,
253 2606 348 2637 quem
371 2599 483 2630 merito
504 2601 662 2640 propheta
684 2602 788 2642 elogio
812 2602 905 2642 panis
927 2602 1065 2642 angelici

672 161 1039 197 COMMENTARIUS
1063 161 1110 191 IN
1133 160 1281 192 EXODI
1305 161 1402 193 OAP.
1426 162 1520 194 XVI.

1093 1499 1094 1515 1
1120 1501 1156 1521 ac
1179 1495 1337 1529 paratum.

1093 1543 1094 1553 ¹
1120 1532 1283 1604 sententlia
1305 1532 1359 1571 qui
1383 1537 1507 1571 partem
1530 1531 1582 1562 vel
1607 1532 1782 1570 portionem
1806 1535 1989 1571 exponunt,
2014 1540 2077 1560 non

1093 1591 1094 1594 ¹
1120 1582 1233 1606 conten
1260 1586 1286 1605 O.

1092 1827 1093 1835 ¹
1119 1832 1239 1863 difficili
1269 1836 1301 1861 ct
1328 1831 1463 1862 molesta
1494 1836 1597 1860 terrae
1625 1830 1756 1861 cultura.

2020 161 2082 191 170

1122 253 1273 293 insignit,
1305 255 1377 293 quia
1402 255 1508 291 Deus,
1541 256 1593 294 0111
1622 255 1654 285 in
1686 264 1886 286 communem
1912 253 2080 284 hominum

1122 296 1244 326 victum
1267 297 1371 335 aperit
1394 303 1498 327 terrae
1522 298 1653 335 viscera,
1678 302 1756 328 tunc
1779 307 1795 327 e
1817 296 1905 328 coelo
1927 296 2082 327 alimenta

1121 338 1239 378 populo
1268 349 1324 369 suo
1355 339 1562 379 deprompsit.
1608 340 1714 379 Atque
1738 343 1775 370 ut
1797 339 1927 370 indubie
1956 342 2083 369 constet

1121 380 1311 411 mirabiliter
1334 386 1365 411 et
1388 387 1515 421 praeter
1538 388 1672 413 naturae
1696 382 1841 412 ordinem
1865 381 1970 413 cibum
1995 381 2081 411 hunc

1121 428 1197 454 tunc
1216 423 1314 454 fuisse
1334 429 1486 462 creatum,
1507 425 1585 456 haec
1603 424 1837 456 consideranda,
1849 429 1934 455 sunt.
1970 423 2081 454 Primo

1121 476 1182 495 non
1206 471 1279 496 ante
1303 467 1452 505 apparuit
1476 468 1507 497 in
1532 467 1658 498 deserto
1681 478 1777 507 quam
1798 478 1836 497 ex
1853 467 2005 497 mandato
2021 466 2081 496 Dei

1121 508 1200 538 hora
1231 507 1377 539 condicta
1405 509 1465 540 fuit
1496 520 1514 540 a
1537 511 1636 541 Mose.
1683 509 1847 546 Secundo,
1880 509 1968 539 nulla
1998 508 2081 539 aeris

1119 550 1256 581 mutatio
1295 551 1419 582 obstitit
1459 553 1631 592 quominus
1672 552 1828 592 aequabili
1861 557 1971 582 tenore
2006 561 2080 581 man

1093 593 1094 604 ¹
1120 593 1276 624 stillaret:
1307 605 1369 624 non
1399 595 1488 633 gelu,
1518 606 1582 625 non
1613 595 1738 635 pluvia,
1766 605 1831 625 non
1861 599 1985 632 aestus,
2016 604 2081 624 non

1093 637 1094 658 i
1120 636 1244 675 hyems,
1257 647 1320 666 non
1333 643 1436 667 aestas
1448 648 1577 668 cursum
1592 638 1687 669 huius
1708 637 1923 668 distillationis
1943 636 2080 676 abrupit.

1120 679 1246 714 Tertio,
1273 679 1362 718 copia
1385 690 1465 718 quac
1489 680 1663 711 immensae
1687 679 1887 711 multitudini
1911 680 2080 716 sufficeret,

1697 733 1795 762 quum
1835 722 1947 753 homer
1980 731 2080 751 unum

1119 764 1302 803 acciperent
1325 764 1358 793 in
1382 765 1509 803 singula
1543 766 1656 805 capita.
1703 765 1754 796 Ad
1777 765 1871 801 haec,
1906 763 1955 794 die
1988 768 2079 794 sexto

1119 806 1281 845 duplicata
1312 806 1370 836 fnit,
1401 808 1508 846 copia,
1539 813 1573 837 ut
1602 808 1738 838 alterum
1771 808 1883 838 homer
1911 807 1943 837 in
1973 807 2080 837 cibum

1118 848 1266 880 sabbathi
1300 855 1500 888 reponerent.
1556 849 1686 888 Quinto,
1728 851 1753 881 si
1792 849 1868 890 quid
1907 849 2081 880 servabant

1119 897 1246 932 praeter
1269 892 1391 922 iustum
1415 892 1612 929 demensum,
1636 893 1797 932 putredini
1816 892 1990 923 obnoxium
2009 891 2079 928 fuit,

1118 945 1217 974 quum
1230 933 1384 964 sabbatho
1399 935 1525 974 integra
1544 942 1688 966 maneret
1707 935 1808 966 altera
1828 935 1938 974 portio.
1964 933 2077 970 Sexto,

1118 986 1307 1017 quocunque
1339 977 1470 1016 profecti
1495 983 1585 1015 sunt,
1614 989 1740 1017 semper
1767 989 1819 1009 eos
1850 977 2002 1009 comitata
2031 979 2081 1007 est

1119 1020 1197 1050 haec
1217 1019 1279 1049 Dei
1300 1019 1492 1050 benedictio:
1517 1031 1614 1059 quum
1639 1021 1761 1051 vicinae
1785 1024 1897 1061 gentes
1921 1020 2080 1050 frumento

1120 1068 1344 1097 vescerentur,
1374 1069 1406 1092 et
1434 1068 1559 1092 tantum
1589 1063 1621 1092 in
1652 1064 1764 1094 castris
1794 1063 1857 1093 illis
1889 1072 1961 1093 man
1997 1065 2081 1093 esset

1118 1149 1315 1178 fructuosam
1335 1158 1370 1178 ac
1392 1148 1487 1177 tritici
1508 1148 1654 1185 feracem,
1674 1159 1747 1179 man
1767 1148 1913 1179 cessavit.
1945 1146 2079 1183 Octavo,

1119 1190 1202 1230 quod
1243 1191 1349 1220 iussus
1383 1195 1430 1220 est
1466 1190 1597 1221 Aharon
1632 1191 1664 1220 in
1700 1202 1774 1222 vase
1808 1190 1981 1222 recondere
2015 1200 2079 1219 non

1120 1233 1326 1273 computruit.
1382 1232 1444 1263 His
1479 1233 1576 1272 probe
1609 1235 1772 1273 expensis,
1808 1233 1885 1264 satis
1920 1242 2080 1272 superque

1120 1276 1245 1306 illustre
1286 1276 1346 1306 erit
1386 1275 1593 1313 miraculum,
1635 1286 1754 1316 51100110
1788 1276 1914 1316 fulgore
1947 1274 2079 1305 nebulas

1119 1328 1231 1349 omnes
1253 1318 1493 1348 cavillationum
1516 1317 1674 1349 discutiet.

1208 1360 1255 1391 15.
1286 1361 1330 1391 Et
1361 1361 1494 1391 videntes
1524 1360 1585 1399 filii
1616 1361 1725 1391 Israel.
1779 1360 1917 1401 Signum
1950 1359 2079 1399 aliquod

1120 1403 1329 1444 gratitudinis
1352 1403 1510 1434 dederunt
1533 1403 1715 1441 Israelitae,
1743 1403 1848 1434 cibum
1871 1414 1887 1434 e
1909 1402 1995 1434 coelo
2019 1401 2078 1433 sibi

1121 1447 1241 1483 datum,
1266 1456 1340 1476 man
1362 1445 1517 1477 vocando:
1541 1446 1624 1485 quod
1644 1456 1760 1477 nomen
1780 1445 1973 1476 tantundem
1992 1444 2080 1475 valet

1385 1489 1420 1519 Si
1451 1489 1501 1519 cui
1532 1492 1638 1519 tamen
1663 1489 1765 1529 magis
1796 1488 1937 1519 arrideat
1966 1497 2078 1518 eorum

1343 1574 1536 1613 Quanquam
1577 1574 1714 1605 alterum
1752 1574 1831 1604 illud
1866 1574 1985 1605 rectius
2019 1576 2077 1603 est.

1120 1618 1291 1649 Utrumvis
1324 1622 1430 1647 tamen
1466 1616 1581 1657 eligas,
1622 1617 1680 1647 hac
1714 1626 1790 1647 voce
1824 1616 1959 1647 confessi
1993 1619 2078 1653 sunt,

1092 1661 1295 1691 ‘liberaliter
1329 1671 1436 1691 secum
1471 1661 1538 1699 agi,
1576 1659 1658 1699 quod
1693 1658 1783 1689 Deus
1817 1659 1922 1689 cibum
1957 1657 2078 1697 absque

1119 1704 1227 1734 labore
1251 1703 1330 1742 ipsis
1353 1703 1495 1733 offerret:
1520 1708 1614 1741 atque
1638 1703 1682 1732 ita
1702 1711 1833 1741 pravam
1855 1707 1886 1731 et
1904 1701 2081 1741 malignam

1119 1757 1209 1778 suam
1245 1745 1535 1785 expostulationem
1566 1745 1661 1775 tacite
1685 1744 1855 1780 damnant,
1887 1744 1962 1783 quia
1986 1743 2080 1783 longe

1119 1793 1262 1829 praestet
1290 1794 1436 1828 paratum
1469 1788 1574 1819 eibum
1603 1787 1752 1827 colligere
1782 1797 1878 1826 quam
1913 1786 2079 1825 acquirere

1802 1830 1874 1860 Etsi
1897 1833 2006 1859 autem
2030 1829 2079 1858 in-

1118 1874 1263 1906 credibili
1287 1874 1431 1904 novitatc
1455 1878 1580 1903 extorta
1604 1872 1667 1903 illis
1691 1872 1752 1902 fuit
1773 1872 1938 1908 confessio,
1962 1880 2079 1910 propo-

1119 1918 1217 1949 situm
1242 1922 1349 1947 tamen
1374 1916 1437 1946 illis
1460 1916 1520 1946 fuit
1543 1916 1574 1945 in
1599 1925 1635 1945 eo
1658 1915 1809 1954 temporis
1832 1914 1966 1945 articulo
1990 1923 2079 1953 prae-

1119 1960 1224 1991 dicare
1254 1959 1315 1990 Dei
1346 1959 1544 1990 beneficium.
1595 1957 1659 1989 sed
1689 1957 1836 1997 quoniam
1867 1955 2078 1987 incredulitas

1118 2004 1349 2034 obscuraverat
1367 2012 1477 2032 eorum
1501 2012 1623 2037 50115115,
1647 2004 1682 2031 ut
1701 1999 1819 2039 liquido
1838 2009 1902 2029 non
1919 1999 2078 2038 perspice-

1119 2052 1206 2082 rent,
1238 2045 1315 2075 dicit
1338 2045 1447 2075 Moses
1470 2054 1522 2074 eos
1553 2043 1691 2074 nescisse
1714 2042 1788 2081 quid
1814 2046 1905 2072 esset.
1952 2040 2078 2079 Quibus

1120 2089 1225 2120 verbis
1250 2087 1440 2127 perstringit
1462 2097 1571 2117 eorum
1596 2085 1771 2116 socordiam
1792 2085 1846 2124 qui
1865 2083 1904 2114 de
1923 2084 2078 2114 miraculo

1119 2131 1285 2167 admoniti,
1309 2141 1344 2161 ac
1368 2130 1394 2160 si
1419 2128 1498 2159 1111111
1523 2129 1611 2168 prius
1634 2128 1805 2165 audissent,
1828 2131 2015 2166 stupescunt
2038 2125 2077 2156 ad

1119 2179 1334 2213 conspectum.
1373 2171 1564 2212 Colligimus
1587 2181 1663 2211 ergo
1686 2170 1823 2200 mediam
1847 2169 1944 2199 fuisse
1968 2179 2078 2199 eorum

1118 2217 1351 2257 cognitionem:
1381 2215 1454 2254 quia
1484 2219 1515 2245 ct
1538 2213 1692 2253 implicita
1714 2213 1773 2243 fuit
1806 2211 2007 2252 ignorantiae
2031 2215 2077 2241 te-

1119 2260 1242 2296 nebris,
1272 2263 1304 2289 et
1332 2262 1440 2288 tamen
1469 2257 1567 2288 coacti
1592 2260 1668 2286 sunt
1691 2255 1781 2286 fateri
1805 2254 1887 2294 quod
1911 2264 1975 2284 non
1999 2254 2078 2284 satis

1119 2301 1308 2333 didicerant.
1353 2300 1492 2339 Ideoque
1516 2310 1577 2329 non
1603 2299 1672 2329 sinc
1695 2298 1867 2328 acerbitate
1890 2296 2078 2336 coarguitur

1118 2355 1228 2376 eorum
1253 2350 1380 2383 stupor,
1410 2343 1465 2373 ubi
1488 2342 1578 2373 docet
1602 2342 1708 2372 Moses
1730 2340 1816 2370 hunc
1839 2350 1907 2370 esse
1931 2338 2036 2369 cibum
2059 2349 2078 2369 a

1118 2387 1189 2418 Deo
1230 2387 1434 2426 promissum.
1492 2384 1573 2415 Nam
1608 2384 1633 2414 si
1668 2382 1888 2423 promissionis
1928 2381 2078 2412 effectum

1118 2431 1338 2470 agnovissent,
1383 2439 1447 2459 non
1480 2438 1560 2466 opus
1594 2430 1662 2457 erat
1695 2425 1882 2456 memoriam
1916 2424 2075 2455 renovari.

1118 2472 1213 2512 Quod
1236 2472 1275 2503 ad
1312 2471 1411 2502 verba
1440 2474 1578 2509 spectat:
1611 2477 1741 2509 graecos
1772 2472 1802 2497 et
1830 2467 1946 2497 latinos
1976 2466 2076 2496 inter-

1118 2522 1224 2556 pretes
1257 2525 1372 2546 causae
1413 2512 1547 2543 redditio
1588 2510 1724 2550 decepit,
1766 2514 1805 2540 ut
1843 2508 2076 2549 interrogative

1119 2559 1274 2598 legerent:
1301 2556 1389 2595 Quid
1414 2555 1493 2586 hoc?
1519 2553 1583 2585 Sed
1604 2553 1695 2584 facile
1714 2552 1840 2583 tollitur
1858 2562 1968 2582 eorum
1988 2562 2076 2582 scru-

1118 2601 1230 2641 pulus:
1262 2600 1336 2639 quia
1360 2609 1423 2629 non
1446 2597 1636 2637 simpliciter
1659 2595 1750 2626 docet
1772 2595 1880 2626 Moses
1903 2604 1957 2625 005
1981 2593 2019 2624 de
2042 2603 2076 2624 re
