2304 3034
125 195 186 227 693

124 289 232 320 omnia
256 288 478 328 respondeant.
523 287 646 317 Verum
675 285 756 325 quod
780 286 989 325 praecipuum
1013 290 1082 316 erat
1106 302 1108 317 l

125 332 285 371 spectavi:
317 329 473 371 quomodo
496 330 529 360 in
551 329 646 360 rebus
669 328 801 359 occultis
824 328 931 359 dirimi
954 332 1080 359 contro·

123 374 249 405 versiae
271 373 408 404 debeant
430 371 469 403 ad
492 381 602 411 pacem
626 375 658 401 et·
680 371 874 410 aequitatem
899 369 1080 401 fovendam.

124 416 205 447 Vult
235 426 311 456 ergo
340 414 460 446 absolvi
490 413 734 453 depositarium,
773 413 799 443 si
829 413 930 450 iuret,
961 413 1081 443 animal

124 457 207 499 quod
226 459 260 489 in
278 457 452 490 custodiam
476 460 650 496 acceperat,
675 455 816 495 periisse,
839 455 989 495 quamvis
1012 455 1080 486 eius

123 502 170 532 rei
193 506 306 532 testem
329 510 392 530 non
415 498 586 538 producat:
618 498 693 538 quia
714 498 862 537 iniquum
887 503 935 528 est
958 502 993 528 ut
1013 498 1080 529 cul-

123 553 197 583 pam
217 543 381 579 sustineat,
404 541 465 571 nisi
487 541 574 572 fraus
598 540 649 572 vel
673 540 811 572 crassius
835 539 964 580 aliquod
984 539 1080 571 delic-

124 590 193 616 tum
221 583 439 616 intervenerit.
491 583 569 614 Ideo
597 584 629 614 in
660 584 723 614 fine
752 582 884 613 dicitur:
917 582 1080 622 Suscipiet

122 638 286 668 possessor
303 627 533 657 iuramentum:
557 625 640 665 quod
661 625 853 656 tantundem
877 625 962 655 valet
985 630 1081 664 atquc

122 677 253 711 cogetur
285 668 497 708 acquiescere,
531 679 570 699 ne
605 668 690 698 ultra
723 668 903 699 molestiam
933 667 1079 698 facessat.

121 712 271 743 Notanda
294 715 399 742 autem
422 709 566 750 loquutio
590 716 655 741 est:
687 710 760 741 Erit
781 709 1007 741 iusiurandum
1032 710 1080 740 Ie-

122 755 224 786 hovae
242 755 325 785 inter
343 751 464 783 ambos:
490 753 564 792 quia
587 753 714 784 iurandi
739 753 851 793 religio
871 759 904 783 et
926 753 1081 783 sanctitas

121 796 375 831 commendatur,
398 794 474 825 dum
499 795 649 826 admonet
671 795 779 826 Moses
803 795 907 826 Deum
932 806 1002 826 esse
1025 805 1081 825 au-

122 846 221 870 torem
241 848 348 870 sacrae
369 837 611 875 testificationis,
635 838 770 878 ideoque
790 838 929 869 iudicem
953 848 988 869 ac
1013 839 1081 868 vin-

122 882 222 913 dicem
245 879 424 921 praesidere
439 879 486 922 ¹)]

409 1025 473 1056 EX
496 1024 644 1056 EXODI
667 1025 782 1056 XXII.

203 1109 242 1140 14
252 1109 288 1151 2).
320 1109 357 1141 Si
384 1110 569 1141 commodato
599 1110 745 1148 acceperit
774 1110 933 1149 quispiam
961 1121 980 1140 a
1004 1121 1077 1149 pro-

118 1153 200 1184 ximo
228 1162 298 1190 suo,
328 1155 356 1183 et
381 1152 567 1191 confractum
595 1152 691 1191 fuerit
713 1155 767 1183 aut
784 1155 935 1184 mortuum
956 1153 1078 1184 domino

116 1196 182 1226 eius
211 1194 345 1233 absente,
376 1195 527 1226 reddendo
554 1195 665 1226 reddet.
712 1195 760 1226 15.
787 1194 822 1226 Si
843 1195 988 1226 dominus
1010 1196 1079 1227 eius

113 1237 208 1277 fuerit
224 1247 292 1268 cum
310 1248 350 1275 eo,
371 1248 430 1269 non
448 1238 567 1269 reddet:
588 1238 618 1268 si
636 1238 812 1269 conductum
830 1238 934 1276 fuerit,
956 1240 1078 1269 veniens

108 1290 170 1319 pro
188 1280 319 1312 mercede
341 1290 410 1311 sua.

200 1365 302 1397 Docet
326 1375 412 1396 nunc
426 1365 542 1401 Moses,
567 1365 593 1396 si
616 1364 735 1395 animal
760 1365 999 1396 commodatum
1023 1376 1078 1406 pe-

115 1408 221 1444 rierit,
253 1409 304 1440 vel
336 1409 378 1439 sit
400 1408 586 1439 mutilatum
610 1413 665 1438 aut
689 1408 856 1445 vitiatum,
887 1408 962 1448 quid
987 1409 1076 1440 iuris.

115 1451 176 1482 Est
203 1457 310 1482 autem
340 1451 402 1481 alia
426 1451 518 1490 longe
541 1450 733 1481 commodati
756 1450 838 1481 ratio
861 1461 956 1490 quam
981 1451 1077 1491 depo-

115 1493 183 1523 siti:
207 1504 283 1524 nam
306 1494 361 1533 qui
385 1492 574 1529 commodat,
600 1493 791 1523 beneficium
814 1494 947 1524 confert.
991 1494 1078 1534 Ergo

115 1536 168 1576 qui
197 1535 257 1566 sibi
286 1536 407 1575 aliquid
431 1535 627 1567 commodari
652 1543 760 1575 rogat,
784 1546 817 1566 se
841 1536 1014 1575 obstringit
1038 1537 1077 1567 ad

114 1578 146 1609 id
158 1578 284 1610 salvum
300 1578 528 1618 praestandum
548 1583 703 1617 quantum
724 1579 757 1608 in
777 1589 810 1609 se
829 1579 898 1610 erit.
935 1579 1078 1610 Distine-

114 1621 160 1652 tio
190 1627 296 1652 autem
327 1621 472 1660 ponitur,
502 1621 530 1652 si
561 1620 710 1651 dominus
733 1622 800 1660 ipse
822 1621 970 1652 animalis
995 1621 1077 1652 adsit

115 1664 205 1695 testis
235 1663 398 1701 oculatus,
429 1664 542 1694 mortis
572 1663 622 1694 vel
647 1664 807 1694 fracturae
831 1663 984 1695 damnum
1009 1665 1077 1704 ipse

114 1706 266 1746 perferat:
299 1706 326 1737 si
353 1710 460 1737 autem
483 1716 520 1736 eo
544 1706 676 1737 absente
700 1712 863 1737 mortuum
887 1707 929 1737 sit
949 1707 1078 1745 animal,

115 1753 171 1779 aut
199 1748 340 1780 deterius
370 1749 504 1786 factum,
536 1749 630 1789 pretii
658 1749 776 1780 solutio
806 1750 835 1779 ei
865 1749 1076 1781 adiudicatur.

114 1791 214 1822 Porro
232 1791 424 1822 tantundem
444 1791 531 1822 valet
553 1792 622 1822 eius
645 1792 825 1830 praesentia
847 1802 883 1823 ac
907 1792 934 1822 si
957 1792 1078 1824 dictum

115 1840 214 1871 esset,
244 1834 271 1865 si
302 1834 401 1865 oculis
429 1835 495 1865 suis
519 1834 741 1874 conspexerit,
766 1834 884 1865 vitium
908 1846 972 1865 non
996 1836 1077 1866 acci-

115 1875 198 1908 disse
216 1876 284 1907 eius
303 1876 398 1916 culpa
416 1877 466 1908 cui
486 1877 714 1914 commodavit,
739 1888 778 1907 ne
798 1877 840 1907 sit
858 1878 887 1907 ei
912 1878 1076 1909 molestus.

113 1918 263 1959 Exempli
283 1920 397 1959 gratia,
421 1920 448 1950 si
471 1930 588 1958 equum
612 1919 690 1950 mihi
715 1919 915 1950 commodato
940 1920 1077 1961 dederis,

114 1967 145 1991 et
167 1972 232 1992 una
255 1972 380 1992 mecum
404 1962 466 1992 iter
488 1962 603 1999 facias,
633 1963 781 2001 quamvis
805 1962 925 2002 aliquid
949 1962 1077 1994 adversi

115 2004 235 2034 accidat
253 2003 359 2044 (modo
383 2005 465 2035 scias
489 2014 547 2035 nec
571 2005 761 2041 temeritate,
787 2014 844 2035 nec
868 2005 1077 2045 negligentia,

115 2056 172 2077 nec
194 2047 278 2077 mala
301 2047 493 2078 tractatione
511 2057 580 2078 esse
596 2047 745 2088 factum),
774 2046 854 2078 liber
873 2058 944 2078 sum
964 2059 999 2080 ac
1019 2050 1077 2079 im-

115 2090 220 2120 munis
239 2099 256 2119 a
276 2089 400 2120 damno.
444 2089 538 2128 Quod
558 2096 666 2120 autem
686 2089 724 2120 de
744 2090 876 2120 animali
896 2091 948 2122 hic
966 2093 1078 2122 statui-

117 2134 178 2167 tur,
196 2130 235 2162 ad
254 2132 332 2162 alias
354 2132 451 2163 etiam
476 2143 526 2163 res
549 2132 767 2163 commodatae
787 2134 953 2164 transferri
973 2133 1076 2165 debet.

398 2277 460 2308 EX
484 2276 633 2307 LEVIT.
659 2276 788 2307 XXIV.

205 2358 252 2390 18.
279 2360 337 2399 Qui
361 2363 548 2400 percusserit
578 2362 715 2392 animam
746 2362 912 2401 animatis,
942 2365 1077 2395 restituet

118 2399 212 2431 illud:
233 2402 367 2433 animam
384 2415 442 2444 pro
465 2405 580 2435 anima.

124 2528 127 2531 Ι
203 2493 232 2525 1)
258 2493 348 2519 Totum
371 2496 418 2522 hoe
441 2505 542 2523 comma
566 2498 639 2523 abest
663 2499 697 2524 ab
721 2497 760 2522 ed.
782 2498 917 2530 principe,
937 2507 991 2524 non
1015 2508 1076 2526 vero

117 2534 174 2565 npse
198 2531 283 2552 textus
305 2529 340 2553 acl
363 2538 435 2562 quem
460 2533 581 2561 refertur,
622 2533 708 2557 Antea
728 2533 837 2563 lenitur:
858 2533 971 2558 Versum
995 2543 1075 2559 unum

117 2561 184 2593 lecal.
203 2560 227 2599 9,
248 2562 317 2587 hebr.
335 2562 372 2595 81,
396 2565 439 2589 ubi
462 2567 624 2597 generaliter
647 2568 736 2599 agitur
760 2567 793 2591 de
820 2567 990 2600 iuramentis,
1015 2576 1076 2594 con-

116 2595 187 2620 sulto
207 2603 232 2619 m
253 2604 348 2621 nonum
367 2604 536 2632 praeceptum
554 2600 643 2625 reieci.

204 2628 233 2660 2)
251 2629 330 2655 Hebr.
350 2630 388 2656 13.
409 2631 447 2656 14.

827 191 1051 225 OCTAVUM
1074 192 1391 227 PRAEGEPTUM.

2042 193 2105 225 694

1413 288 1477 319 EX
1500 288 1663 321 EODEM
1687 289 1863 322 CAPITE.

1218 372 1268 403 21.
1292 373 1351 412 Qui
1364 375 1555 413 percusserit
1577 374 1705 411 animal,
1730 375 1834 406 reddet
1856 375 1944 407 illud.

1218 457 1282 488 Hic
1315 459 1471 498 praecipit
1502 458 1607 496 Deus,
1644 463 1678 489 ut
1707 460 1761 499 qui
1793 459 1947 491 damnum
1978 461 2098 498 intulit,

1133 499 1327 531 satisfaciat:
1370 501 1518 540 quamvis
1559 502 1591 533 in
1628 512 1694 532 rem
1730 512 1821 532 suam
1856 513 1918 533 non
1953 503 2096 535 verterit.

1133 541 1246 581 Neque
1275 543 1360 573 enim
1392 543 1424 574 in
1456 544 1541 574 furto
1565 544 1774 584 spectandum
1797 549 1845 575 est
1868 545 2011 584 lucrum,
2042 545 2098 577 sed

1134 585 1268 615 nocendi
1303 586 1453 621 affectus,
1488 587 1540 617 vel
1571 587 1668 617 etiam
1703 587 1767 618 alia
1798 587 1960 626 quaelibet
1993 589 2096 628 culpa.

1135 626 1220 657 Fieri
1253 628 1337 658 enim
1369 633 1490 668 potest,
1521 635 1557 659 ut
1585 630 1638 669 qui
1670 629 1803 660 alterius
1834 630 1946 661 bovem
1971 631 2098 667 occidit,

1135 680 1196 700 non
1228 675 1357 710 appetat
1380 671 1528 702 consulto
1552 672 1702 702 iniuriam
1726 672 1845 710 facere,
1877 672 1934 703 sed
1957 673 2005 703 ira
2029 684 2097 713 per-

1133 712 1222 747 citus,
1248 712 1299 743 vel
1322 713 1558 744 inconsiderato
1581 714 1732 754 impulsu,
1757 714 1910 745 damnum
1935 715 2098 746 nihilomi-

1134 765 1193 785 nus
1224 755 1348 786 inferat.
1395 755 1593 796 Quocunque
1623 757 1722 796 igitur
1745 757 1838 788 modo
1862 757 2019 797 quispiam
2044 758 2097 789 de-

1134 797 1262 836 liquerit
1296 797 1382 828 unde
1416 798 1497 829 alter
1530 799 1701 839 pauperior
1734 800 1774 830 sit
1808 800 1926 837 factus,
1969 800 2098 831 iubetur

1133 838 1286 870 damnum
1317 841 1444 872 sarcire.
1490 841 1585 873 Unde
1615 847 1702 881 patet
1726 842 1802 873 furti
1826 853 1933 874 coram
1958 843 2028 874 Deo
2052 847 2097 873 te-

1133 882 1201 912 neri
1226 883 1407 922 quicunque
1431 893 1496 913 non
1520 884 1564 914 ita
1587 884 1646 915 sibi
1671 890 1869 925 temperant,
1899 889 1936 916 ut
1958 886 2097 916 fratrum

1133 935 1262 955 suorum
1294 925 1459 956 commoda
1482 926 1615 965 perinde
1639 933 1751 958 curent
1774 933 1868 967 atque
1892 939 1957 959 sua.
2004 928 2097 959 Finis

1132 968 1215 997 enim
1248 967 1326 1007 legis
1357 972 1419 1005 est,
1451 979 1491 999 ne
1521 970 1572 1000 cui
1603 979 1622 999 a
1651 968 1743 1000 nobis
1766 971 1890 1001 iactura
1912 971 2099 1010 proveniat:

1132 1009 1213 1082 quqd
1246 1014 1323 1042 tunc
1353 1010 1482 1042 demum
1511 1012 1566 1042 fiet
1595 1012 1620 1042 si
1653 1011 1745 1043 nobis
1775 1023 1872 1044 curae
1895 1013 1936 1044 sit
1959 1014 2098 1044 fratrum

1132 1057 1178 1082 uti
1194 1058 1262 1084 itas.

1435 1223 1500 1254 EX
1523 1223 1671 1256 EXODI
1695 1224 1790 1255 XXI.

1216 1307 1265 1338 33.
1294 1308 1394 1346 Quum
1422 1310 1579 1347 aperuerit
1607 1309 1678 1348 quis
1707 1309 1888 1347 cisternam,
1918 1310 1965 1341 vel
1985 1310 2098 1348 foderit

1131 1350 1201 1388 quis
1228 1351 1407 1387 cisternam,
1440 1353 1465 1381 et
1487 1361 1549 1383 non
1571 1352 1758 1390 cooperuerit
1787 1362 1871 1382 eam:
1897 1352 2097 1391 cecideritque

1131 1392 1203 1423 illuc
1233 1393 1285 1423 bos
1314 1393 1361 1424 vel
1390 1393 1508 1431 asinus,
1553 1394 1604 1425 34.
1634 1393 1789 1425 Dominus
1817 1395 1965 1426 cisternae
1993 1395 2098 1426 reddet

1126 1436 1305 1473 pecuniam,
1333 1438 1359 1466 et
1380 1437 1516 1468 restituet
1538 1437 1659 1468 domino
1681 1437 1762 1467 eius:
1792 1439 1818 1467 et
1840 1437 1919 1476 quod
1940 1440 2097 1469 mortuum

1130 1480 1186 1513 est,
1210 1478 1266 1508 erit
1289 1478 1385 1509 illius.
1431 1478 1481 1510 35.
1508 1479 1544 1510 Si
1562 1480 1747 1519 percusserit
1769 1479 1819 1509 bos
1841 1480 1974 1510 alieuius
1997 1480 2098 1511 bovem

1128 1521 1266 1559 prowimi
1286 1521 1345 1558 sui,
1368 1524 1566 1561 mortuusque
1584 1523 1689 1561 fuerit,
1712 1524 1782 1552 tune
1804 1522 1929 1553 vendent
1940 1522 2040 1554 bovem
2051 1523 2096 1554 vi-

1131 1573 1216 1597 vum,
1252 1566 1278 1593 et
1308 1564 1490 1601 partientur
1515 1566 1653 1603 pretium
1679 1565 1761 1595 eius:
1797 1567 1950 1595 mortuum
1980 1575 2096 1605 quoque

1126 1606 1311 1644 partientur.
1346 1605 1395 1636 36.
1423 1606 1509 1645 Quod
1529 1608 1557 1638 si
1580 1610 1683 1638 notum
1705 1607 1801 1645 fuerit
1821 1607 1921 1638 bovem
1944 1617 2007 1638 esse
2029 1617 2096 1638 cor-

1131 1651 1273 1687 nupetam
1303 1648 1340 1679 ab
1369 1648 1436 1679 lieri
1463 1651 1489 1679 et
1518 1650 1760 1686 nudiustertius,
1789 1652 1815 1680 et
1843 1659 1902 1680 non
1923 1651 2098 1681 custodierit

1131 1701 1199 1721 eum
1216 1691 1358 1722 dominus
1376 1691 1451 1728 eius,
1474 1693 1626 1724 reddendo
1649 1692 1752 1723 reddet
1773 1692 1873 1723 bovem
1888 1702 1948 1731 pro
1968 1692 2045 1730 bove,
2068 1696 2097 1724 et

1130 1737 1269 1764 mortuus
1290 1734 1346 1764 erit
1368 1732 1462 1764 illius.

1216 1819 1265 1849 33.
1293 1819 1393 1857 Quum
1423 1819 1586 1858 aperuerit.
1628 1819 1717 1850 Alias
1747 1819 1851 1850 adhuc
1882 1819 1992 1849 damni
2020 1820 2096 1851 facti

1132 1862 1253 1900 speeies
1284 1868 1466 1899 enumerat,
1498 1863 1530 1891 in
1562 1863 1679 1901 quibus
1707 1862 1868 1893 restitutio
1891 1862 1976 1902 exigi
2001 1862 2096 1894 debet

1132 1905 1170 1934 ab
1201 1915 1236 1934 eo
1268 1905 1320 1943 qui
1345 1903 1432 1934 dedit.
1455 1914 1583 1935 causam
1608 1915 1720 1935 noxae.
1766 1905 1876 1935 Primo
1899 1904 2032 1935 dicitur:
2058 1904 2093 1936 Si

1131 1947 1201 1986 quis
1222 1952 1354 1986 puteum
1380 1953 1434 1976 aut
1458 1948 1629 1977 cisternam
1654 1947 1809 1983 effoderit,
1833 1958 1935 1986 neque
1958 1957 2093 1986 operue-

1132 1991 1188 2027 rit,
1219 1994 1312 2028 atque
1341 1989 1417 2020 illuc
1440 1989 1590 2020 ceciderit
1613 1990 1749 2026 animal,
1781 1990 1882 2020 teneri
1907 1989 1945 2019 ad
1969 1990 2093 2021 solven-

1131 2032 1207 2062 dum
1228 2033 1382 2071 pretium:
1408 2035 1440 2062 et
1459 2032 1581 2068 merito,
1606 2033 1681 2071 quia
1699 2032 1767 2062 eius
1787 2033 1910 2062 incuria
1933 2032 1972 2062 ad
1997 2033 2095 2063 latam

1132 2075 1257 2114 culpan]
1278 2074 1408 2104 accedit.
1444 2074 1506 2105 Ubi
1527 2085 1639 2105 rursus
1663 2075 1874 2114 perspicimus
1887 2075 1991 2105 Deum
2016 2075 2099 2106 velle

1132 2118 1275 2157 singulos
1296 2116 1333 2146 de
1357 2117 1494 2147 fratrum
1520 2127 1651 2147 suorum
1676 2117 1814 2147 utilitate
1837 2127 1906 2147 esse
1930 2117 2097 2148 sollicitos:

1131 2160 1282 2199 quoniam
1314 2164 1422 2189 tamen
1453 2160 1533 2190 nihil
1560 2159 1685 2191 fraudis
1709 2160 1758 2190 vel
1783 2160 1923 2190 malitiae
1946 2160 2099 2192 interces-

1132 2204 1187 2238 sit,
1218 2202 1321 2232 soluto
1345 2202 1461 2240 pretio,
1493 2202 1632 2233 cadaver
1656 2207 1689 2233 ut
1714 2202 1752 2232 ad
1784 2213 1816 2233 se
1840 2202 1999 2242 recipiant
2026 2213 2096 2242 per-

1132 2245 1281 2275 mittitur.
1321 2242 1356 2275 Si
1382 2255 1456 2274 vero
1480 2245 1534 2275 bos
1558 2245 1654 2275 unius
1678 2245 1718 2275 ab
1741 2245 1873 2275 alterius
1898 2245 1976 2275 bove
1999 2245 2097 2276 fuerit

1132 2288 1272 2322 occisus,
1309 2287 1536 2326 aequissimum
1571 2288 1675 2317 fertur
1706 2286 1874 2318 iudicium:
1913 2287 1939 2318 si
1968 2294 2096 2327 praeter

1131 2330 1312 2369 opinionem
1343 2336 1374 2359 et
1397 2330 1566 2368 repentino
1589 2340 1663 2361 casu
1689 2329 1720 2360 id
1744 2330 1911 2366 acciderit,
1935 2335 1971 2360 ut
1994 2331 2096 2369 parti-

1132 2380 1228 2403 antur
1255 2373 1339 2402 inter
1368 2383 1402 2402 se
1426 2372 1541 2403 bovem
1566 2380 1743 2406 mortuum.
1775 2378 1807 2402 et
1830 2372 1930 2402 altero
1954 2373 2094 2411 vendito,

1131 2416 1267 2454 quisque
1297 2413 1462 2445 dimidiam
1494 2418 1618 2454 partem
1644 2415 1739 2454 pretii
1763 2415 1913 2454 accipiat:
1945 2415 1993 2446 sin
2018 2426 2095 2447 vero

1132 2458 1187 2488 bos
1208 2457 1303 2487 fuerit
1322 2463 1506 2496 cornupeta,
1530 2464 1567 2487 ut
1586 2457 1735 2488 dominus
1755 2458 1823 2488 eius
1844 2458 1994 2488 maiorem
2019 2468 2096 2498 poe-

1131 2511 1205 2530 nani
1237 2500 1319 2533 luat,
1358 2504 1460 2529 totum
1492 2500 1631 2539 pretium
1661 2499 1832 2530 solvendo:
1868 2500 1942 2539 quia
1972 2501 2095 2532 malum

1130 2552 1320 2582 praecavere
1340 2541 1462 2572 debuit:
1483 2542 1615 2581 ideoque
1637 2553 1750 2581 parum
1770 2541 1932 2573 humanus
1951 2543 2020 2580 fuit,
2040 2543 2097 2575 de-

1130 2586 1273 2616 trimenti
1296 2594 1424 2615 causam
1449 2584 1562 2615 dando.

1838 2677 1888 2702 44*
