2304 3034
217 191 280 222 355

217 294 280 314 nus
303 282 448 321 scriptor,
473 281 525 319 qui
544 289 608 309 non
628 279 793 310 confessus
812 279 855 310 sit
873 280 956 312 hanc
976 283 1181 322 praecipuam

218 337 287 357 esse
310 330 433 364 partem
457 322 600 353 civitatis
623 322 705 352 bene
728 322 932 362 compositae,
957 329 991 354 ut
1010 324 1116 355 Deum
1136 337 1184 356 re-

220 375 391 400 vercantur
420 376 531 396 omnes
561 375 625 395 uno
655 375 814 396 consensu
845 370 877 396 et
900 365 1015 397 colant.
1063 368 1099 398 In
1123 368 1184 400 hoc

219 410 345 451 quidem
369 419 462 439 caeca
485 407 548 438 fuit
572 407 738 438 hominum
763 407 951 447 prudentia,
977 409 1058 449 quod
1084 410 1183 442 duxe-

219 460 303 487 runt.
338 461 545 491 quaecunque
578 451 752 490 placuisset
781 451 911 492 religio,
946 462 1016 482 eam
1052 453 1120 484 iure
1153 460 1184 484 et

218 495 328 536 poenis
357 493 563 524 sanciendam
595 504 680 530 esse,
716 499 838 524 rectum
875 498 985 525 tamen
1015 495 1074 526 fuit
1103 496 1184 528 illud

218 537 419 578 principium,
441 536 583 576 perverti
603 542 706 567 totum
730 537 809 567 iuris
832 536 978 567 ordinem
1002 537 1029 569 si
1048 539 1184 579 negligi-

217 586 271 611 tur
293 580 422 620 pietatis
446 579 560 610 cultus.
607 579 798 617 Caeterum,
831 584 866 610 ut
896 579 987 611 Deus
1020 581 1185 622 religionis

217 633 326 655 curam
341 629 372 653 et
390 622 534 653 studium
553 622 714 653 iudicibus
732 622 945 661 commendat,
969 628 1000 654 et
1024 624 1091 655 eius
1109 635 1184 656 con-

218 671 375 705 temptum
400 665 487 696 iubet
509 664 639 705 publice
662 665 840 696 vindicari:
872 666 917 696 ita
946 677 1076 697 rursum
1100 678 1184 698 com-

217 709 307 739 muni
321 709 400 739 vitio
419 709 566 744 occurrit,
591 719 630 738 ne
653 713 774 739 temere
797 708 864 738 zelo
887 708 1125 741 inconsiderato
1145 711 1184 742 ad

217 752 424 783 severitatem
449 751 628 791 prosiliant.
654 750 740 790 Quia
763 751 851 782 enim
875 751 973 782 stulte
992 752 1110 792 singuli
1130 764 1184 793 po-

218 795 299 835 puli,
335 795 431 825 urbes
455 800 484 824 et
509 803 611 833 regna
634 793 709 824 deos
733 794 793 825 sibi
818 794 1116 834 comminiscuntur,
1140 796 1183 827 le-

218 848 290 878 gem
315 847 407 868 suam
435 837 585 876 proponit
610 836 712 873 Deus,
737 847 754 867 a
778 837 869 868 euius
896 837 1008 877 regula
1031 839 1120 869 nefas
1143 840 1186 870 sit

217 880 394 911 deflectere.
420 880 603 911 Prudenter
616 890 634 910 a
647 879 785 910 terrenis
804 879 1041 920 legislatoribus
1054 887 1185 912 cautum

217 928 274 959 est,
299 934 338 954 ne
358 923 429 962 quis
448 923 622 962 separatim
645 922 764 953 habeat
782 923 886 953 Deos:
910 923 963 953 sed
985 929 1088 954 totum
1106 924 1185 955 illud

218 972 266 998 est
289 965 462 997 evanidum
486 965 548 996 nisi
572 965 756 1005 praeluceat
778 966 847 995 veri
862 966 922 996 Dei
941 967 1091 1006 cognitio.
1116 968 1184 998 Me-

219 1011 280 1041 rito
308 1011 416 1048 itaque
445 1009 533 1039 Deus
564 1008 720 1048 populum
754 1019 848 1039 suum
882 1015 1010 1040 revocat
1041 1010 1080 1040 ad
1104 1021 1184 1047 eam,

215 1063 310 1093 quam
334 1053 403 1092 ipse
427 1051 560 1082 tradidit
584 1051 773 1088 doctrinam,
804 1055 840 1081 ut
862 1052 1019 1091 puniatur
1042 1053 1185 1093 quisquis

214 1106 284 1127 eam
309 1094 544 1127 contumaciter
567 1095 735 1134 spreverit.
766 1094 846 1131 Iam,
871 1095 946 1134 quia
970 1105 1032 1125 non
1057 1096 1183 1127 suffice-

215 1144 266 1170 ret
296 1139 394 1169 semel
425 1148 494 1168 esse
523 1138 643 1177 scripta
673 1137 744 1177 lege
775 1137 903 1168 edoctos
933 1138 972 1168 de
1000 1138 1099 1177 probo
1122 1138 1183 1170 Dei

215 1182 317 1219 cultu,
350 1181 412 1212 nisi
436 1180 601 1211 accederet
631 1180 816 1220 quotidiana
839 1180 1042 1220 praedicatio,
1068 1181 1185 1213 diserte

215 1225 346 1256 instruit
372 1224 461 1254 Deus
485 1223 658 1263 prophetas
682 1233 757 1253 suos
780 1224 968 1254 autoritate:
999 1233 1035 1255 ae
1065 1225 1089 1255 si
1114 1225 1184 1264 quis

215 1278 287 1299 eam
312 1267 488 1303 violaverit,
513 1276 648 1306 poenam
673 1265 856 1297 denunciat
883 1266 981 1297 Prius
1005 1267 1131 1298 dixerat
1150 1278 1183 1298 se

215 1311 432 1342 excitaturum
458 1309 648 1349 prophetas,
681 1319 720 1339 ne
743 1308 882 1339 deterior
906 1315 991 1340 esset
1014 1310 1106 1340 electi
1129 1320 1183 1350 po-

216 1353 283 1394 puli
318 1353 458 1384 conditio
499 1363 594 1391 quam
636 1351 773 1382 aliarum
808 1352 964 1392 gentium.
1021 1352 1182 1391 Quoniam

216 1407 292 1437 ergo
316 1395 402 1444 apud
421 1407 474 1426 eos
494 1394 641 1435 deposuit
661 1405 757 1425 verae
777 1395 906 1443 pietatis
925 1395 1124 1432 thesaui-,um
1148 1404 1183 1427 ut

215 1440 281 1471 sint
305 1439 394 1479 quasi
418 1439 485 1469 eius
508 1437 665 1475 custodes,
690 1449 777 1469 nunc
801 1438 828 1468 si
852 1439 923 1478 quis
941 1448 1054 1478 parere
1073 1449 1181 1469 eorum

215 1482 378 1513 mandatis
402 1487 539 1519 recuset,
559 1481 693 1511 exitium
715 1481 866 1511 minatur.
892 1481 1004 1520 Neque
1023 1485 1131 1512 tamen
1145 1481 1183 1512 de

216 1524 426 1565 quibuslibet,
459 1524 514 1564 qui
538 1524 599 1554 sibi
619 1523 842 1563 propheticum
872 1533 989 1555 nomen
1020 1530 1181 1565 arrogant,

215 1579 289 1599 eum
312 1568 397 1607 loqui
416 1573 505 1608 patet
524 1577 564 1598 ex
584 1567 755 1606 particula:
780 1566 820 1597 In
844 1567 974 1598 nominc
997 1577 1078 1604 meo,
1101 1577 1182 1607 quae

216 1611 409 1642 tantundem
433 1610 536 1645 valet,
566 1620 602 1641 ac
633 1610 659 1641 si
684 1609 805 1640 diceret
829 1620 846 1640 a
870 1621 903 1641 se
927 1610 1100 1650 profectos:
1124 1620 1182 1641 nec

215 1654 391 1694 quidquam
415 1654 559 1693 proferre
581 1653 642 1684 nisi
668 1664 725 1684 suo
748 1653 847 1683 iussu.
894 1653 1006 1693 Neque
1029 1653 1125 1691 enim,
1156 1654 1182 1683 si

214 1697 294 1728 falso
317 1697 412 1727 multi
436 1695 616 1727 obtendunt
640 1696 702 1726 Dei
726 1706 858 1733 nomen,
889 1697 1035 1736 protinus
1064 1696 1098 1726 in
1129 1706 1182 1727 eos

214 1740 367 1780 competit
389 1745 455 1770 tam
480 1739 692 1770 honorificum
712 1738 861 1779 elogium,
888 1740 948 1770 nisi
968 1740 1057 1770 Deus
1076 1744 1181 1770 ratum

214 1783 347 1814 habeat:
372 1782 427 1814 sed
451 1782 510 1814 hoc
535 1781 607 1813 fidis
631 1787 661 1812 et
685 1782 792 1821 probis
812 1781 994 1813 doctoribus
1014 1792 1090 1813 vere
1108 1792 1181 1821 pro-

214 1827 320 1866 prium
351 1832 414 1863 est,
448 1825 535 1865 ipsos
563 1825 650 1864 loqui
679 1825 713 1855 in
744 1824 807 1855 Dei
836 1825 976 1856 nomine.
1023 1824 1077 1856 Sic
1106 1824 1181 1855 dum

215 1869 366 1900 Christus
391 1869 558 1908 promittit,
583 1867 637 1898 ubi
661 1867 723 1898 duo
751 1867 801 1898 vel
828 1874 894 1899 tres
917 1868 1128 1899 convenerint
1149 1867 1181 1898 in

215 1913 347 1943 nomine
370 1922 437 1946 suo,
461 1922 494 1941 se
518 1911 550 1941 in
576 1910 679 1941 medio
703 1921 815 1941 eorum
839 1911 915 1949 fore,
944 1921 1007 1941 non
1032 1910 1184 1950 dignatur
1208 1921 1209 1956 j

215 1961 305 1986 tanto
330 1954 449 1985 honore
469 1954 665 1994 hypocritas,
690 1954 744 1993 qui
761 1954 917 1994 sacrilega
937 1953 1071 1985 audacia
1090 1964 1182 1984 usur-

216 2004 296 2038 pant
326 2008 420 2037 saepe
451 1998 519 2028 cius
551 2006 683 2027 nomen:
715 1996 770 2027 sed
802 1997 840 2027 dc
871 2008 904 2028 re
934 1997 1003 2037 ipsa
1026 1996 1181 2036 loquitur:

216 2041 299 2081 quod
321 2046 354 2071 et
377 2041 441 2070 iam
462 2040 589 2080 plenius
613 2050 652 2070 ex
673 2040 819 2079 opposita
845 2041 916 2081 lege
942 2044 1083 2080 apparet,
1103 2049 1183 2078 quae

1207 2081 1357 2125 3crimen
1400 2079 1582 2110 l'ovcbitur?

1235 2132 1353 2163 poena:

214 2083 330 2115 deinde
354 2090 517 2123 sequetur.

300 2128 394 2158 Dent.
422 2126 470 2163 13,
495 2126 513 2157 5
570 2125 727 2165 Propheta
749 2128 851 2157 autem
874 2124 933 2155 ille.
980 2124 1066 2163 Quia
1091 2123 1181 2164 plau-

212 2169 297 2201 sibili
321 2170 545 2209 integumcnto
570 2169 735 2208 decipiunt
759 2168 899 2199 Satanae
923 2168 1073 2204 ministri,
1104 2166 1179 2197 dum

213 2224 246 2243 se
277 2223 333 2252 pro
361 2212 421 2243 Dei
453 2211 616 2252 prophetis
645 2212 830 2242 venditant:
855 2211 991 2242 antehac
1015 2209 1182 2240 admonuit

369 2266 429 2285 nen
463 2255 687 2285 imiiffcrenter
716 2253 892 2285 audiendos
921 2264 991 2284 esse
1024 2252 1182 2292 quoslibet

213 2300 367 2336 doctores,
392 2298 447 2328 sed
472 2297 701 2329 discernendos
725 2308 794 2328 esse
809 2307 900 2327 veros
920 2306 937 2326 a
956 2295 1053 2332 falsis,
1074 2300 1110 2325 ut
1129 2294 1181 2326 ad-

213 2342 317 2372 hibito
341 2341 457 2372 iudicio
482 2341 577 2371 fidem
611 2340 739 2371 demum
769 2340 937 2371 obtineant
966 2338 1020 2378 qui
1055 2348 1179 2368 meren-
1206 2362 1208 2383 .

845 2382 870 2413 si
900 2382 969 2421 quis
1003 2381 1062 2411 sub
1086 2380 1180 2411 titulo

649 2433 682 2456 ut
714 2426 868 2466 populum
901 2424 938 2454 ad
970 2423 1180 2454 defectionem

212 2256 336 2289 Moses.

214 2392 276 2415 tur.
323 2384 392 2414 Iam
422 2393 450 2414 et
483 2394 617 2423 poenam
649 2384 812 2423 adiungit,

213 2427 390 2467 prophetae
421 2427 616 2466 obrepserit,

215 2470 365 2501 traheret.
412 2470 524 2509 Neque
548 2470 633 2499 enim
658 2469 697 2499 ob
722 2469 948 2509 particularem
974 2472 1100 2497 tantum
1132 2476 1181 2496 er-

215 2524 330 2547 rorem
356 2520 411 2544 aut
430 2514 544 2548 levem,
565 2512 695 2552 capitali
714 2522 835 2560 poenae
854 2510 981 2541 subiicit
1001 2509 1053 2548 qui
1068 2508 1179 2539 falsam

215 2555 392 2586 doctrinam
413 2556 600 2595 sparserint,
621 2555 674 2585 sed
696 2555 748 2594 qui
769 2554 946 2594 apostasiae
965 2558 1041 2583 sunt
1054 2559 1181 2581 autores

215 2606 308 2637 atque
340 2600 383 2629 ita
604 2598 756 2628 radicitus
788 2596 981 2628 convellunt.

217 2642 348 2678 iterum,
380 2641 452 2673 huic
477 2641 641 2672 severitati
667 2640 770 2671 locum
796 2650 859 2670 non
889 2649 967 2674 esse,
1003 2637 1062 2668 uisi
1094 2642 1180 2676 post-

944 187 1130 220 PRIMUM
1154 189 1473 222 PRAECEPTUM.

1034 2593 1181 2625 Observa

2141 191 2204 223 356

1236 293 1331 323 quam
1355 283 1498 315 stabilita
1521 288 1568 315 est
1591 287 1678 315 certa
1701 283 1830 323 religio:
1854 282 1987 322 ideoque
2010 284 2203 316 nominatim

1237 327 1431 367 exprimitur
1460 336 1569 358 crassa
1601 327 1766 366 impietas,
1801 326 1827 356 si
1859 325 2013 365 populum
2044 327 2203 359 abducere

1238 370 1438 400 tentaverint
1473 380 1491 400 a
1524 369 1593 401 veri
1622 369 1682 400 Dei
1716 369 1814 399 cultu.
1870 368 1971 399 Porro
2005 374 2040 400 ut
2073 370 2203 401 tollatur

1237 412 1342 443 omnis
1365 412 1539 460 excusatio,
1564 411 1640 443 dicit
1662 412 1771 443 Moses
1798 411 1876 442 satis
1904 411 2104 451 patefactum
2134 423 2203 445 esse

1238 455 1385 494 quisnam
1409 455 1449 486 sit
1473 455 1573 491 Deus,
1594 462 1624 485 et
1647 453 1803 494 quomodo
1834 454 1876 484 sit
1907 453 2077 485 colendus:
2108 454 2203 496 idque

1238 502 1303 528 tam
1346 497 1485 529 mirabili
1525 497 1756 537 redemptionis
1797 495 1950 528 beneficio
1986 507 2082 537 quam
2122 498 2203 538 legis

1238 539 1394 572 doctrina.
1430 541 1518 581 Ergo
1542 545 1577 571 ut
1600 538 1748 571 ostendat
1762 539 1851 570 Deus
1874 540 1958 570 iuste
1981 545 2047 570 tam
2071 550 2203 580 gravem

1239 593 1374 622 poenam
1399 584 1482 614 sumi
1510 583 1548 614 de
1579 582 1747 622 apostatis,
1777 582 2005 613 certitudinem
2029 583 2203 623 religionis,

1239 636 1320 665 quae
1355 626 1464 666 vigere
1498 625 1632 656 debebat
1664 624 1748 664 apud
1782 623 1964 662 Israelitas,
1998 625 2032 655 in
2062 608 2203 657 mediuni

1239 669 1402 716 proponit:
1434 679 1469 700 ac
1500 669 1527 699 si
1556 668 1690 704 diceret,
1724 667 1845 698 nullam
1876 668 1975 707 impio
2005 669 2204 711 contemptui

1240 712 1366 742 venian]
1402 711 1470 742 dari
1500 721 1606 751 posse,
1637 721 1736 750 quum
1759 714 1792 741 et
1814 709 1942 741 deitatis
1966 721 2044 741 suae
2067 709 2203 752 gloriam

1238 754 1317 785 satis
1341 755 1569 794 approbaverit
1593 753 1823 801 1edcmptionis
1846 753 2010 790 miraculo,
2034 758 2066 785 et
2067 736 2204 785 'volun-

1239 802 1337 828 tatcm
1362 807 1453 828 suam
1478 796 1665 837 patefecerit
1698 796 1730 826 in
1755 795 1834 835 lege.
1884 779 2073 827 Tenendum
2103 797 2204 837 igitur

1239 845 1303 876 est,
1338 850 1403 870 non
1437 840 1530 870 aliter
1565 849 1684 878 poenae
1718 838 1893 869 obnoxium
1928 849 1997 870 esse
2030 839 2204 879 impietatis

1237 883 1374 920 crimen,
1406 893 1499 922 quam
1530 882 1557 913 si
1587 882 1700 922 religio
1732 891 1795 911 non
1828 886 1955 912 tantum
1978 881 2106 921 publico
2129 892 2204 913 con-

1237 936 1335 956 sensu
1368 930 1399 956 et
1433 925 1599 956 hominum
1634 924 1798 964 suffragiis
1832 929 1961 964 recepta
1994 925 2106 963 fuerit,
2148 924 2203 956 sed

1238 969 1339 999 firmis
1370 978 1495 1008 quoque
1518 967 1722 1007 indubiisque
1746 967 1939 998 testimoniis
1957 967 2096 998 subnixa
2118 967 2204 999 veri-

1238 1015 1336 1041 tatem
1365 1021 1454 1042 suam
1484 1021 1502 1041 a
1532 1010 1731 1041 dubitatione
1763 1010 1918 1041 vendicet.
1966 1009 2138 1042 Caeterum
2169 1015 2204 1041 ut

1238 1058 1445 1094 praepostera
1475 1058 1523 1084 est
1553 1063 1663 1084 eorum
1692 1053 1850 1084 severitas
1881 1053 1934 1092 qui
1958 1053 2205 1093 superstitiones

1237 1095 1343 1136 gladio
1356 1101 1501 1127 tuentur:
1525 1096 1571 1126 ita
1594 1096 1626 1126 in
1647 1095 1757 1135 politia
1777 1095 1857 1126 bene
1876 1096 2052 1127 constituta
2070 1096 2204 1127 minime

1238 1139 1397 1170 tolerandi
1429 1143 1507 1170 sunt
1538 1138 1664 1178 profani
1697 1139 1861 1176 homines,
1892 1149 1910 1169 a
1944 1138 2059 1179 quibus
2094 1139 2205 1179 religio

1237 1181 1439 1213 convellitur.
1497 1181 1568 1212 Hoc
1603 1182 1684 1212 ferro
1719 1185 1881 1221 nequeunt
1909 1183 1963 1221 qui
1993 1181 2117 1213 vellent
2146 1182 2204 1212 im-

1237 1235 1323 1264 pune
1346 1225 1407 1255 sibi
1436 1224 1567 1255 concedi
1599 1223 1752 1255 turbandi
1776 1224 1955 1256 licentiam:
1986 1225 2094 1264 itaque
2128 1234 2202 1256 san

1237 1268 1402 1308 guinarios
1440 1267 1603 1307 appellant
1643 1267 1697 1306 qui
1732 1267 1861 1307 publica
1901 1268 2074 1298 autoritate
2114 1274 2201 1298 coer-

1236 1309 1352 1341 cendos
1375 1321 1444 1341 esse
1468 1310 1583 1341 docent
1616 1310 1731 1349 impios
1755 1320 1889 1348 errores,
1918 1311 2033 1350 quibus
2066 1310 2201 1341 labefac-

1236 1359 1324 1384 tatur
1355 1353 1483 1393 religio,
1522 1358 1617 1392 atque
1652 1352 1730 1383 adeo
1758 1353 1926 1384 evertitur.
1972 1352 2095 1384 Verum
2125 1352 2202 1393 quid

1237 1396 1305 1427 Deo
1340 1396 1445 1435 palam
1480 1396 1701 1435 obstrepentes
1734 1395 1925 1435 proficient?
1967 1394 2079 1427 Occidi
2113 1395 2202 1427 iubet

1236 1438 1326 1469 Deus
1356 1438 1670 1478 pseudoprophetas,
1700 1439 1754 1478 qui
1785 1438 1913 1477 pietatis
1943 1438 2098 1478 principia
2127 1449 2201 1470 con-

1236 1481 1371 1519 vellunt,
1396 1487 1426 1511 et
1451 1481 1640 1512 defectionis
1663 1486 1739 1511 sunt
1763 1481 1911 1521 magistri
1930 1492 1965 1512 ac
1990 1481 2095 1512 duces.
2135 1481 2201 1512 Re-

1235 1524 1353 1555 clamat
1385 1524 1492 1554 nescio
1520 1524 1592 1564 quis
1622 1524 1756 1561 nebulo,
1790 1534 1888 1564 seque
1918 1523 2003 1555 vitae
2035 1531 2066 1555 et
2090 1524 2202 1555 mortis

1235 1567 1339 1598 autori
1363 1566 1505 1606 opponit.
1530 1566 1699 1605 Quaenam
1724 1566 1803 1598 haee
1826 1567 2006 1607 protervia:
2031 1566 2125 1605 Quod
2140 1566 2201 1598 Dei

1235 1610 1406 1641 veritatem
1432 1614 1553 1649 nogant
1576 1609 1721 1650 indigere
1745 1609 1801 1639 tali
1820 1609 1972 1648 subsidio,
1996 1610 2201 1641 verissimum

1235 1658 1297 1684 est:
1321 1653 1376 1683 sed
1401 1652 1477 1691 quid
1502 1652 1560 1683 hoc
1585 1653 1700 1683 furoris
1724 1652 1783 1683 sibi
1808 1653 1894 1689 vult,
1920 1652 1990 1683 Deo
2014 1652 2117 1692 legem
2141 1652 2201 1683 im-

1235 1706 1368 1735 ponere,
1404 1706 1443 1725 ne
1468 1696 1675 1735 magistratus
1699 1695 1852 1735 obsequio
1877 1696 1935 1726 hac
1959 1696 1993 1726 in
2017 1700 2108 1736 parte
2131 1701 2201 1726 uta-

1236 1745 1298 1769 tur.
1345 1738 1507 1777 Quorsum
1535 1748 1630 1777 porro
1656 1739 1771 1768 attinet
1791 1737 1828 1769 de
1853 1739 2045 1770 necessitate
2065 1738 2201 1778 litigare,

1234 1780 1361 1821 quando
1383 1781 1429 1811 ita
1453 1780 1521 1811 Deo
1544 1780 1673 1820 placet?
1705 1781 1818 1812 Posset
1849 1792 1958 1812 carere
1990 1782 2079 1812 Deus
2101 1780 2203 1821 gladii

1235 1823 1429 1855 adminiculo
1453 1823 1491 1853 ad
1518 1823 1705 1863 religionem
1731 1823 1899 1854 tuendam:
1925 1835 1990 1855 non
2010 1824 2089 1855 vult.
2115 1823 2203 1862 Quid

1234 1872 1342 1897 autem
1366 1867 1483 1896 mirum
1507 1866 1533 1896 si
1553 1866 1763 1906 magistratus
1784 1866 1869 1897 iubet
1884 1867 1973 1898 Deus
1992 1877 2062 1898 esse
2082 1866 2202 1907 gloriae

1235 1920 1311 1940 suae
1336 1909 1488 1945 vindices,
1512 1909 1566 1948 qui
1591 1909 1685 1945 furta,
1722 1910 1943 1946 scortationes,
1977 1910 2158 1947 ebrietates,
2183 1919 2202 1940 a

1235 1962 1338 1992 poena
1361 1952 1459 1981 eximi
1484 1962 1546 1981 non
1572 1952 1652 1988 vult,
1683 1962 1741 1983 nee
1765 1952 1908 1992 patitur?
1953 1952 1992 1983 In
2023 1952 2202 1984 minoribus

1235 1995 1358 2025 delictis
1393 1995 1440 2025 fas
1475 2005 1536 2024 non
1573 1994 1631 2025 erit
1668 1994 1764 2025 iudici
1798 2004 1941 2025 cessare:
1977 1995 2029 2025 ubi
2061 1995 2202 2026 violatur

1235 2037 1297 2068 Dei
1332 2037 1437 2068 cultus
1471 2043 1501 2067 et
1536 2042 1602 2067 tota
1641 2037 1761 2076 pietas,
1801 2037 2033 2068 dissimulando
2074 2042 2200 2068 tantum

1640 2079 1818 2111 Adulter-iis
1860 2085 2023 2110 statuetur
2055 2080 2202 2120 capitalis

1389 2123 1519 2161 impunc
1549 2122 1639 2153 cedet
1670 2123 1730 2153 Dei
1762 2123 2053 2162 contemptoribus,
2085 2123 2201 2154 salutis

1235 2166 1412 2196 doctrinam
1438 2164 1666 2203 adulterando,
1691 2165 1825 2196 miseras
1849 2166 1974 2195 animas
2005 2175 2023 2195 a
2046 2165 2109 2196 fide
2132 2166 2200 2196 abs-

1234 2207 1384 2239 trahere?
1414 2207 1587 2246 Nunquam
1608 2209 1773 2239 veneticiis
1797 2208 1924 2238 dabitur
1943 2209 2055 2245 venia,
2086 2208 2202 2248 quibus

1233 2252 1336 2282 solum
1362 2261 1476 2289 corpus
1495 2251 1647 2281 laeditur:
1673 2256 1704 2281 et
1724 2250 1817 2281 ludus
1841 2252 1903 2281 crit
1926 2251 2051 2281 animas
2070 2256 2201 2282 aeterno

1234 2294 1332 2324 exitio
1357 2293 1504 2323 tradere?
1530 2294 1679 2333 Denique
1704 2294 1922 2333 magistratus,
1947 2294 1974 2325 si
1992 2293 2080 2325 laesa
2104 2294 2202 2326 fuerit

1234 2338 1302 2367 eius
1326 2336 1491 2372 autoritas,
1516 2337 1583 2366 cius
1604 2342 1825 2375 contemptum
1849 2337 1992 2376 graviter
2012 2337 2199 2368 ulciscetur:

1235 2379 1491 2419 profanationem
1526 2379 1607 2409 sacri
1645 2379 1704 2409 Dei
1741 2380 1879 2409 nominis
1914 2379 2051 2410 inultam
2093 2379 2199 2410 sinet?

1234 2422 1320 2461 Quid
1346 2421 1449 2461 magis
1473 2421 1715 2461 prodigiosum?
1764 2422 1885 2452 Verum
1919 2421 2096 2453 rationibus
2121 2433 2200 2463 pug-

1235 2475 1312 2495 nare
1336 2474 1572 2503 supervacuum
1597 2469 1660 2502 est,
1694 2465 1745 2494 ubi
1771 2464 1860 2495 Deus
1885 2465 1982 2495 semel
2008 2466 2201 2504 pronuncia-

1234 2508 1282 2539 vit
1305 2507 1380 2546 quid
1403 2506 1462 2537 sibi
1487 2507 1626 2546 placcat:
1650 2507 1739 2538 euius
1969 2508 2095 2539 decreto
2115 2513 2201 2539 stare

1234 2561 1364 2581 necesse
1398 2555 1455 2580 est.
1513 2549 1691 2588 Quaeritur
1725 2556 1833 2581 tamen
1868 2561 1910 2581 au
1948 2551 2026 2582 haec
2068 2550 2119 2581 lex
2161 2550 2200 2581 ad

1235 2593 1356 2623 Christi
1381 2602 1528 2633 regnum,
1559 2592 1642 2631 quod
1667 2593 1832 2632 spirituale
1856 2598 1903 2624 est
1927 2604 1963 2625 ae
1993 2599 2152 2624 remotum
2183 2604 2201 2624 a

1235 2635 1370 2666 terrenis
1395 2635 1546 2675 imperiis,
1581 2636 1750 2675 pertineat.
1798 2636 1840 2666 Et
1869 2642 1945 2667 sunt
1976 2636 2105 2676 quidam
2137 2647 2201 2667 non
