2304 3034
74 204 134 236 581

71 297 186 338 ligere,
217 295 344 327 videtur
372 307 411 327 ex
434 298 558 334 recepta
581 293 695 324 notitia
714 298 747 324 et
770 304 830 324 usu
855 299 1029 334 sumptum.

71 340 116 371 Et
134 349 232 379 quum
255 338 344 370 Deus
367 338 484 369 sanetis
507 335 675 367 tradiderit
698 336 898 367 sacrificandi
922 337 1030 375 ritum,
1054 353 1056 361 ι

71 381 221 414 credibile
245 391 307 412 non
331 385 377 412 est
399 379 547 411 omissam
570 378 669 409 fuisse
702 378 850 409 sabbathi
879 379 1030 410 observa-

72 424 199 455 tionem.
246 423 308 455 Sed
338 433 393 463 pro
422 421 552 452 humani
582 421 705 460 ingenii
734 421 910 460 pravitate,
945 421 1029 461 quod

72 466 157 507 apud
180 466 327 506 profanas
356 469 467 505 gentes
496 473 626 503 prorsus
653 463 848 495 exstinctum
879 470 961 501 erat,
996 465 1028 495 in

71 509 224 550 progenie
247 512 353 539 autem
376 505 524 537 Abrahae
543 505 609 536 fere
629 505 819 543 obsoletum,
844 505 935 537 Deus
958 507 1028 547 lege

70 561 129 583 sna
150 550 327 586 renovavit,
351 554 387 580 ut
415 552 524 579 saneta
553 552 585 578 et
614 548 793 580 inviolabili
822 548 1028 580 observantia

71 593 260 625 sabbathum
282 592 451 624 coleretur:
481 589 564 630 quod
587 591 672 620 inter
696 589 852 623 dedecora
881 591 1027 623 iudaicae

70 637 175 677 gentis
197 638 372 675 posuerunt
393 633 510 673 impuri
534 642 637 664 canes.

70 832 191 870 LOCI
211 832 285 868 AD
309 831 606 869 PRAECEPTI
630 832 947 869 EXPOSITION
951 833 1025 869 EM

369 900 718 936 SPECTANTES.

366 1041 425 1072 EX
453 1042 512 1072 LE
519 1041 603 1072 VIT.
628 1041 731 1073 XIX.

147 1126 196 1157 30.
227 1125 379 1157 Sabbatha
407 1136 474 1157 mea
503 1126 713 1164 observabitis,
749 1130 775 1158 et
808 1128 1024 1159 sanctuarium
1050 1120 1052 1161 l

64 1178 162 1199 meum
183 1169 326 1199 metuetis.
372 1168 438 1209 qu
462 1169 584 1201 Iehova.

344 1339 408 1371 EX
431 1339 578 1371 LEVIT.
604 1339 734 1371 XXVI.

146 1425 173 1456 2.
199 1425 353 1456 Sabbatha
374 1435 442 1456 mea
461 1426 614 1462 custodite,
638 1427 665 1456 et
686 1426 901 1457 sanctuarium
922 1436 1023 1458 meum

61 1468 165 1499 timete.
201 1467 268 1509 qu
292 1468 412 1499 Iehova.

342 1638 405 1669 EX
428 1637 575 1669 EXODI
600 1638 733 1669 XXIII.

146 1723 192 1754 12.
218 1722 279 1754 Sea:
300 1723 407 1754 diebus
427 1724 524 1762 facies
548 1733 641 1763 opera
664 1726 732 1754 tua:
762 1724 812 1754 die
834 1727 935 1755 autem
957 1735 1025 1764 sep-

59 1765 131 1796 timo
153 1766 293 1805 quiesces,
317 1769 350 1796 ut
371 1767 505 1805 quiescat
527 1766 578 1797 bos
600 1769 679 1803 tuus,
703 1769 730 1797 et
752 1767 862 1798 asinus
885 1770 972 1804 tuus,
996 1770 1025 1798 et
1051 1794 1052 1807 ¹

59 1808 186 1848 respiret
205 1808 292 1847 filius
313 1808 443 1840 ancillae
464 1812 543 1847 tuae,
567 1812 593 1840 et
610 1810 805 1848 perecrinus.

343 1980 407 2010 EX
428 1979 579 2011 LEVlT.
602 1979 735 2011 XXIII.

146 2063 174 2094 3.
201 2063 262 2095 Sex
284 2064 390 2095 diebus
411 2065 534 2103 facietis
555 2075 649 2104 opus,
671 2066 799 2103 septimo
822 2067 872 2097 dic
895 2066 1023 2097 cessatio

64 2107 106 2136 est
127 2106 251 2144 quietis,
280 2107 436 2138 celebritas
458 2110 580 2138 sancta:
604 2108 725 2138 nullum
748 2118 824 2146 opus
845 2109 967 2148 facietis
990 2109 1027 2139 in

64 2157 111 2178 eo:
142 2149 319 2180 sabbathum
341 2153 384 2181 est
407 2150 535 2181 Iehovae
569 2151 602 2181 in
635 2151 750 2181 cunctis
783 2150 1024 2182 habitationibus

66 2191 184 2221 vestris.

347 2337 411 2368 EX
440 2337 587 2369 EXODI
610 2337 741 2369 XXXI.

155 2417 201 2449 12.
225 2418 317 2451 Dixit
338 2425 502 2461 praeterea
528 2422 639 2454 Iehova
667 2423 707 2454 ad
731 2422 855 2461 Mosen,
884 2424 1026 2455 dicendo:

71 2459 118 2490 13.
142 2458 186 2490 Et
203 2462 234 2492 tu
251 2462 400 2503 alloquere
415 2466 497 2504 filios
511 2465 620 2503 Israel,
639 2466 782 2497 dicendo:
813 2466 1026 2497 Verumtamen

69 2500 212 2534 sabbatha
240 2514 306 2536 mea
333 2508 521 2539 custodietis:
559 2509 635 2547 quia
663 2509 787 2548 siqnum
816 2512 859 2540 est
881 2510 959 2540 inter
981 2520 1026 2541 me

69 2546 95 2574 et
116 2554 168 2575 vos
191 2546 222 2576 in
241 2550 482 2586 qenerationibus
511 2551 635 2588 vestris,
665 2554 699 2581 ut
727 2552 833 2582 sciatis
855 2552 935 2590 quod
956 2562 1026 2583 sum

71 2586 183 2617 Iehova
211 2591 402 2629 sanctificans
429 2603 489 2624 vos.
537 2593 585 2624 14.
618 2592 801 2625 Oustoclietis
828 2595 924 2634 iqitur
955 2595 1024 2626 sab-

69 2628 201 2668 bathum,
221 2632 294 2669 quia
311 2635 455 2667 sanctitas
473 2638 516 2667 est
534 2636 633 2667 vobis:
655 2637 797 2675 quisquis
810 2637 1026 2677 profanaverit

774 201 999 240 QUARTUM
1023 201 1342 236 PRAECEPTUM.

1991 208 2052 240 582

1086 294 1162 325 illud
1189 297 1343 328 moriendo
1371 298 1532 329 morietur.-
1564 299 1639 338 quia
1672 301 1770 331 omnis
1803 301 1921 340 faciens
1950 303 1982 333 in
2013 313 2047 334 eo

1083 347 1167 376 opus,
1183 340 1337 370 excidetur
1349 340 1457 371 anima
1471 341 1539 379 ipsa
1558 351 1573 371 c
1591 342 1689 373 medio
1701 343 1889 381 populorum
1907 354 2045 376 suorum-

1084 379 1130 410 15.
1165 380 1225 412 Sea·
1248 382 1353 413 (liebus
1378 382 1430 421 fiet
1457 393 1547 422 opus:
1578 386 1611 414 at
1638 384 1687 414 die.
1715 386 1841 423 septimo
1863 386 2044 418 sabbathum

1079 423 1258 455 cessationis
1291 428 1348 463 est,
1381 426 1528 456 satietitas
1558 425 1702 457 Iehoaae:
1734 428 1906 467 quicunque
1937 429 2044 468 fecerit

1079 474 1155 503 opus
1177 466 1227 497 die
1248 467 1396 503 sabbathi,
1431 468 1585 499 moriendo
1607 469 1761 500 morietur.
1809 470 1857 501 16.
1893 471 2043 503 Observa-

1079 506 1151 538 bunt
1173 509 1275 548 itaque
1295 510 1355 548 filii
1378 510 1481 541 Israel
1503 510 1695 549 sabbathum,
1730 511 1914 543 observando
1937 514 2042 552 ipsum

1079 550 1111 580 in
1121 552 1369 590 yenerationibus
1386 553 1461 591 suis,
1474 555 1601 592 pactum
1620 556 1663 585 est
1674 557 1864 593 perpetuum.
1894 556 1941 587 17.
1956 556 2042 587 Inter

1078 602 1124 622 me
1146 595 1172 624 et
1191 593 1274 632 filios
1293 594 1395 626 Israel
1413 595 1537 635 siqnum
1560 598 1602 627 est
1620 596 1654 627 in
1670 599 1869 636 perpetuum:
1893 598 1968 637 quia
1986 609 2040 630 sea:

1052 656 1054 674 ,
1077 635 1183 666 diebus
1199 636 1270 675 fecit
1289 637 1401 668 Iehova
1418 637 1512 668 coelos
1529 640 1556 669 et
1572 640 1695 677 terram,
1719 639 1768 670 die
1791 642 1891 670 autem
1913 641 2038 680 septimo

1052 714 1054 726 ἲ
1077 678 1205 709 cessavit
1227 681 1254 709 et
1274 680 1431 718 requievit.

1350 848 1415 879 EX
1440 848 1586 880 EXODI
1609 849 1774 881 XXXIV.

1161 932 1210 963 21.
1235 931 1296 964 Sex
1319 932 1425 964 diebus
1455 933 1644 972 operaberis,
1673 936 1800 975 septimo
1828 936 1877 966 clie
1906 936 2041 976 quiesces

1051 981 1053 986 '
1078 975 1111 1005 in
1135 976 1275 1006 aratione
1297 978 1323 1006 et
1345 986 1450 1007 messe.

1360 1145 1424 1177 EX
1442 1145 1591 1177 EXODI
1614 1146 1759 1178 XXXV.

1162 1230 1188 1260 1.
1215 1228 1413 1270 Gonqreqavit
1438 1230 1538 1261 Moses
1561 1232 1740 1263 universum
1763 1235 1874 1264 coetum
1902 1234 2039 1272 filiorum

1050 1289 1052 1318 3
1077 1272 1194 1310 Israely
1217 1275 1243 1303 et
1264 1273 1348 1304 dixit
1369 1273 1450 1304 illis:
1474 1273 1559 1305 Haec
1579 1277 1651 1305 sunt
1674 1274 1765 1305 verba
1787 1286 1865 1314 qaae
1882 1278 2040 1316 praecepit

1078 1314 1189 1346 Iehova
1217 1318 1251 1346 ut
1277 1315 1412 1354 faciatis.
1458 1317 1487 1347 2.
1523 1316 1582 1348 Sex
1610 1316 1716 1348 diebus
1743 1318 1841 1356 facies
1868 1329 1962 1358 opus.
1992 1320 2041 1350 die

1075 1358 1201 1396 septimo
1240 1358 1299 1389 erit
1338 1358 1422 1390 vobis
1453 1359 1618 1396 sanctitas,
1654 1359 1833 1391 sabbathum
1865 1362 2042 1392 cessationis

1078 1399 1220 1431 Iehovae:
1243 1401 1385 1440 quisquis
1405 1402 1512 1441 fecerit
1533 1412 1610 1441 opus
1632 1403 1665 1432 in
1688 1413 1728 1440 eo,
1751 1403 1906 1434 morietur.
1941 1404 1969 1435 3.
1995 1405 2043 1435 Ne

1051 1467 1052 1488 ζ
1079 1443 1248 1516 ασῖῗιᾱὶιίὶε
1271 1444 1371 1484 iqnem
1403 1445 1435 1475 in
1468 1445 1609 1476 omnibus
1641 1444 1825 1476 habitaculis
1856 1447 1966 1477 vestris
1995 1447 2044 1478 die

1078 1496 1114 1516 sa
1152 1487 1183 1516 at
1194 1486 1225 1516 zi.

1383 1657 1447 1688 EX
1467 1657 1615 1688 LEVIT.
1641 1657 1736 1689 XIX.

1163 1741 1191 1771 3.
1215 1740 1368 1771 Sabbatha
1387 1752 1454 1772 mea
1476 1745 1608 1773 servate:
1632 1752 1684 1782 eqo
1704 1742 1818 1774 Iehova
1840 1743 1929 1774 Deus
1949 1746 2046 1774 vester

1162 1826 1266 1856 Levit.
1293 1826 1340 1864 19,
1364 1826 1405 1857 30
1428 1833 1459 1858 et
1482 1827 1531 1865 26,
1555 1828 1583 1858 2.
1611 1827 1765 1859 Sabbatha
1788 1839 1855 1860 mea
1878 1828 2041 1863 observate,

1077 1871 1102 1899 et
1124 1869 1339 1900 sanctuarium
1361 1879 1460 1900 meum
1490 1870 1597 1901 timete.
1644 1871 1696 1901 Ex
1727 1871 1778 1902 his
1809 1871 1932 1901 duobus
1963 1871 2041 1902 locis

1078 1912 1284 1942 manifestum
1315 1916 1378 1947 est,
1408 1912 1564 1944 sabbatho
1592 1923 1759 1944 annexum
1789 1914 1886 1944 fuisse
1917 1913 2040 1944 cultum

1078 1954 1291 1991 tabernaculi,
1324 1965 1381 1985 nee
1404 1955 1498 1985 modo
1528 1966 1578 1987 res
1609 1955 1709 1987 fuisse
1740 1957 1926 1987 coniunctas
1954 1956 2040 1986 inso—

1078 1997 1169 2028 lubili
1188 1996 1326 2034 vinculo,
1346 1997 1400 2028 sed
1422 1998 1522 2028 otium
1542 2009 1559 2028 a
1579 1999 1741 2029 laboribus
1760 1999 1907 2029 debuisse
1926 1998 2041 2029 referri

1079 2040 1118 2071 ad
1159 2040 1331 2070 sacrificia:
1373 2041 1525 2079 quoniam
1560 2052 1684 2071 merum
1720 2042 1831 2072 fuisset
1868 2040 2041 2071 ludibrium

1079 2082 1185 2113 feriari
1211 2092 1273 2112 non
1297 2081 1359 2113 alio
1384 2083 1447 2114 fine
1471 2086 1646 2123 proposito:
1672 2084 1734 2114 imo
1758 2094 1855 2123 quum
1877 2082 1915 2113 de
1935 2084 2040 2123 quiete

1078 2126 1231 2164 loquutus
1253 2129 1301 2155 est
1325 2125 1441 2163 Moses,
1469 2127 1688 2157 reverentiam
1713 2126 1887 2157 sanctuarii
1912 2125 2041 2156 videtur

1079 2168 1236 2199 subiicere
1259 2172 1411 2207 tanquam
1436 2179 1547 2208 genus,
1573 2174 1609 2199 ut
1632 2169 1793 2209 intelligat
1816 2167 1952 2209 populus
1972 2168 2041 2199 tolli

1079 2210 1187 2241 omnia
1209 2209 1373 2241 obstacula
1395 2221 1475 2250 quae
1495 2211 1682 2243 abstrahere
1701 2212 1804 2242 solent
1822 2221 1840 2241 a
1861 2211 1920 2241 Dei
1940 2210 2041 2242 cultu.

1078 2253 1240 2292 Loquutio
1262 2258 1312 2283 est
1335 2253 1524 2292 impropria,
1553 2254 1636 2294 qnod
1668 2254 1758 2285 dicit:
1793 2254 1918 2284 Timete
1949 2264 2040 2284 sane—

1078 2296 1235 2332 tuarium,
1266 2295 1321 2325 sed
1353 2296 1543 2327 tantundem
1576 2296 1660 2327 valet
1684 2302 1778 2336 atque
1801 2296 1832 2326 in
1857 2296 1926 2336 ipsa
1949 2306 2041 2327 sanc-

1079 2339 1174 2369 tuarii
1209 2338 1417 2368 veneratione
1451 2339 1619 2370 ostendere
1653 2349 1747 2379 quam
1783 2349 1858 2369 vere
1892 2343 1924 2368 et
1958 2339 2040 2369 serio

1078 2382 1183 2412 Deum
1208 2381 1357 2417 timeant,
1381 2381 1435 2420 qui
1459 2392 1492 2412 se
1516 2382 1581 2412 illie
1605 2385 1806 2422 praesentem
1832 2382 1898 2411 fore
1922 2382 2041 2420 promi-

1078 2430 1164 2455 serat
1187 2423 1310 2462 quoties
1330 2423 1547 2455 invocaretur.

1163 2465 1268 2496 Exodi
1291 2465 1340 2501 23,
1365 2466 1413 2496 12.
1447 2466 1508 2498 Sez
1530 2466 1644 2497 diebus.
1690 2466 1760 2496 Hoc
1784 2465 1851 2496 loco
1883 2466 2041 2506 repetitur

1078 2509 1255 2539 adventitia
1279 2508 1411 2544 utilitas,
1434 2510 1582 2549 quamvis
1604 2519 1669 2540 non
1692 2509 1733 2539 sit
1756 2519 1795 2539 ex
1815 2508 1918 2547 prima
1937 2514 1968 2539 et
1986 2519 2041 2549 ge-

1078 2551 1178 2582 nuina
1202 2551 1403 2581 institutione
1427 2551 1590 2588 sabbathi,
1617 2561 1731 2590 nempe
1755 2550 1838 2590 quod
1863 2550 1922 2582 hoe
1946 2551 2039 2582 modo

1078 2594 1200 2624 familia
1223 2604 1346 2633 quoque
1369 2599 1400 2624 et
1422 2594 1566 2625 iumenta
1590 2593 1856 2625 sublevabuntur.
1899 2593 1972 2624 Non
1992 2600 2041 2625 est

1078 2641 1183 2668 autem
1209 2636 1398 2674 absurdum,
1424 2637 1590 2668 numerari
1614 2636 1673 2667 hoe
1696 2636 1781 2667 inter
1804 2636 1869 2666 alia
1891 2636 1976 2668 bona
1999 2637 2040 2667 ad

1786 2686 1835 2712 37*
