2304 3034
211 186 274 217 473

212 282 275 311 tam
293 280 330 312 de
347 280 518 311 hominibus
536 289 628 319 quam
644 279 681 310 de
699 277 897 314 animalibus,
921 280 1007 308 tuum
1025 278 1097 308 erit:
1119 279 1172 309 sed

211 323 423 354 redimendum
435 321 768 361 dabisprimoyenitum
779 319 920 358 hominis,
932 320 1172 360 primogenitum

211 375 332 405 quoque
349 365 496 397 animalis
513 363 664 395 immundi
681 363 892 394 redimendum
909 363 1006 394 dabis.
1042 362 1090 393 16.
1112 362 1172 393 Rc-

212 409 398 448 demptiones
415 410 514 439 autem
532 402 599 438 eius
616 416 635 436 a
655 404 721 444 filio
739 405 852 435 mensis
871 405 1068 436 redimendas
1083 405 1172 436 dabis

210 451 377 482 secundum
389 449 623 482 aestimationem
631 450 725 483 tuam,
732 447 867 486 pecunia
875 448 1010 487 quinque
1018 448 1171 486 siclorum,

211 493 377 524 secundum
401 493 507 524 siclum
533 490 713 525 sanctuarii,
740 490 794 529 qui
813 490 921 530 viyinti
943 490 1099 521 obolorum
1117 493 1169 521 est.

212 535 261 566 17.
283 535 496 567 Verumtamen
512 532 865 573 primoyenituni,bovis‚
888 534 914 563 et
929 533 1170 573 primoyenitum

211 579 285 616 ovis,
309 580 361 609 aut
372 576 608 617 primoqenitum
627 585 739 614 caprae
758 585 817 606 non
835 574 924 606 dabis
943 576 1170 606 redimendum:

208 623 281 652 sunt
309 621 389 652 enim
410 618 616 657 sanctificata:
644 618 824 657 sanquinem
850 627 955 648 eorum
977 628 1105 657 sparges
1127 618 1169 649 ad

209 663 323 699 altare,
354 665 379 693 ct
407 662 527 701 adipem
555 670 657 691 eorum
687 660 837 691 adolebis:
869 660 978 691 oblatio
1005 661 1103 700 iynita
1135 661 1168 690 in

209 706 328 737 odorem
357 704 466 744 quietis
488 703 623 734 Ieliovae.
670 703 718 733 18.
743 701 786 733 Et
807 712 877 734 caro
900 712 1003 733 eorum
1025 706 1078 733 tua
1101 703 1167 739 erit,

208 751 353 787 utpcctus
365 746 549 783 elevationis,
573 747 599 775 et
610 755 719 776 armus
731 745 844 785 dexter,
867 748 919 775 tua
932 746 998 776 erit.
1032 745 1079 776 19.
1097 745 1167 776 Om-

207 800 260 821 nes
279 790 440 821 oblationes
461 788 737 826 sanctificationum
760 798 838 827 quas
860 787 1019 818 obtulerint
1040 788 1101 826 filii
1115 787 1166 818 Is-

207 833 272 864 rael
295 831 434 868 Ieliovae,
465 830 535 861 dedi
565 830 634 868 tibi,
665 833 691 860 et
716 830 795 869 filiis
824 831 887 861 tuis
910 832 937 861 et
956 830 1082 869 filiabus
1103 830 1167 861 tuis

205 877 300 906 tecum
318 875 350 905 in.
367 875 511 904 statutum
524 875 723 911 perpetuum:
744 875 870 912 pactum
887 873 965 904 salis
983 875 1165 911 perpetuum

206 920 249 948 est
265 927 364 948 coram
387 915 498 946 Iehova
522 916 577 946 tibi
601 917 626 946 et
647 917 758 946 semini
781 918 831 947 tuo
849 918 953 947 tecum.

524 1084 588 1116 EX
613 1085 763 1116 LEVIT.
790 1084 848 1116 VI.

289 1171 328 1202 16
344 1170 373 1212 ¹).
402 1170 487 1210 Quod
509 1170 697 1209 superfuerit
719 1181 756 1201 ea·
778 1170 892 1207 minlza,
916 1171 1066 1201 comedent
1078 1170 1164 1201 Aha-

204 1224 261 1245 ron
290 1216 316 1244 et
343 1213 403 1251 filii
433 1213 515 1244 eius.-
547 1223 691 1252 aeymum
720 1214 889 1244 comedetur
911 1214 944 1243 in
967 1213 1027 1244 loco
1049 1216 1162 1250 sancto,

202 1257 237 1287 in
275 1256 355 1287 atrio
393 1256 582 1287 tabernaculi
621 1257 824 1287 conventionis
876 1256 1025 1287 comedent
1074 1256 1160 1286 illud.

205 1299 253 1331 17.
269 1299 339 1329 Non
363 1301 504 1337 coquetur
524 1299 756 1337 fermentatam:
771 1299 943 1338 portionem
966 1309 1070 1329 eorum
1092 1299 1162 1329 dedi

201 1341 281 1373 illud
298 1351 334 1372 ew
351 1340 552 1371 oblationibus
569 1341 646 1371 meis
664 1341 787 1381 ignitis:
806 1342 953 1372 sfunditus
964 1342 1162 1373 sanctitatum

201 1387 258 1421 est,
288 1384 366 1415 sicut
388 1383 496 1414 oblatio
512 1394 574 1422 pro
590 1387 727 1422 peccato,
755 1386 781 1415 et
803 1384 882 1415 sicut
904 1384 1011 1415 oblatio
1030 1395 1090 1424 pro
1112 1384 1161 1415 de-

200 1427 276 1458 licto.
321 1426 369 1457 18.
398 1426 506 1457 Omnis
532 1427 689 1458 masculas
722 1428 754 1457 in
780 1426 859 1466 filiis
881 1426 1011 1458 Altaron
1034 1428 1162 1458 comedet

199 1469 293 1507 illud,
322 1471 470 1499 statutum
488 1471 667 1509 perpetuum
689 1472 733 1500 est
755 1469 904 1500 aetatibus
927 1470 1035 1500 vestris
1058 1470 1093 1501 de
1115 1470 1163 1500 ob-

199 1511 362 1543 lationibus
384 1511 494 1551 iynitis
516 1511 658 1543 Iekovae:
687 1513 741 1552 qui
763 1512 894 1552 tetiyerit
915 1522 967 1543 eas
989 1512 1161 1551 sanctifica-

200 1555 289 1586 bitur.

458 1724 521 1756 EX
543 1724 706 1756 EODEM
731 1724 902 1756 CAPITE.

282 1810 322 1842 26
334 1810 368 1852 ²).
401 1809 551 1842 Sacerdos
584 1809 760 1841 oblationem
790 1821 851 1850 pro
874 1812 996 1850 peccato
1023 1811 1160 1850 comedet,

198 1853 232 1884 in
254 1852 313 1884 loco
334 1855 439 1884 sancto
461 1853 642 1889 comedetur,
667 1853 700 1883 in
723 1854 803 1884 atrio
826 1853 1016 1884 tabernaculi
1038 1863 1160 1885 conven-

198 1895 298 1926 tionis.
344 1895 393 1926 27.
421 1896 481 1935 Qui
512 1896 641 1936 tetiyerit
667 1905 789 1926 carnem
814 1897 882 1927 eius
909 1896 1158 1935 sanctificabitur,

197 1941 224 1969 et
251 1939 281 1969 si
306 1938 467 1976 defluxerit
488 1938 525 1969 de
548 1938 699 1978 sanquine
721 1939 788 1969 eius
810 1949 904 1978 super
926 1941 1051 1975 vestem,
1082 1939 1159 1971 illud

196 1990 289 2020 super
319 1981 398 2020 quod
424 1981 584 2019 (lelluscerit
606 1981 725 2012 lavabis
745 1982 778 2012 in
802 1981 864 2013 loco
886 1984 996 2012 sancto.
1042 1982 1091 2013 28.
1117 1982 1160 2013 Et

196 2033 251 2054 vas
280 2026 439 2054 testaceum
469 2024 502 2054 in
525 2034 583 2062 quo
602 2026 758 2063 coquetur,
782 2024 1005 2064 confringetur.-
1028 2025 1108 2064 quod
1129 2026 1159 2056 si

197 2066 231 2096 in
259 2076 330 2097 vase
355 2076 445 2097 aeneo
473 2069 553 2097 cocta
583 2066 693 2105 fuerit,
724 2066 927 2106 defricabitur
955 2069 981 2097 et
1003 2067 1159 2098 lavabitur

196 2118 287 2147 aqua.
335 2109 384 2140 29.
418 2108 525 2140 Omnis
551 2109 708 2140 masculus
736 2110 769 2140 in
799 2109 1005 2141 sacerdotibus
1031 2111 1160 2142 comedet

196 2150 300 2182 illam:
320 2152 466 2183 sanctitas
487 2152 683 2182 sanctitatum
705 2155 756 2183 est.

280 2235 447 2267 Numeror.
471 2236 519 2275 18,
544 2236 571 2267 8.
592 2236 753 2276 Loquutus
772 2240 814 2268 est
827 2237 939 2269 Iehova
962 2238 1003 2269 ad
1016 2238 1154 2270 Altaron.

196 2277 290 2309 Nunc
308 2278 409 2309 fusius
427 2290 558 2310 narrare
582 2280 686 2320 pergit
709 2279 792 2320 quod
816 2291 919 2320 nuper
941 2281 1093 2321 attigerat
1117 2282 1155 2313 de

196 2320 267 2351 iure
289 2320 497 2359 sacerdotum,
525 2322 628 2362 quoad
652 2333 760 2354 sacras
780 2323 968 2354 oblationes.
1000 2324 1156 2355 Tenenda

197 2367 245 2394 est
275 2367 378 2393 autem
409 2363 463 2394 illa
493 2375 586 2404 quam
617 2365 683 2395 dixi
711 2366 905 2405 comparatio
936 2366 1021 2397 inter
1048 2378 1153 2398 sacer-

197 2404 287 2435 dotes
317 2406 474 2446 praecipui
504 2407 624 2438 ordinis
654 2412 686 2438 et
709 2408 858 2439 Levitas:
890 2409 964 2449 quia
988 2409 1063 2440 dum
1087 2410 1153 2440 sin-

195 2447 300 2488 gulari
331 2447 450 2478 honore
474 2448 584 2481 domus
609 2450 741 2481 Aharon
766 2457 915 2487 ornatur,
944 2451 1085 2492 reliquae
1109 2453 1154 2483 fa-

196 2490 303 2521 miliae
323 2488 423 2521 tribus
436 2490 516 2522 Levi
539 2498 699 2533 coguntur
722 2493 754 2524 in
779 2493 934 2525 ordinem.
966 2494 1055 2535 Ergo
1078 2495 1154 2526 solis

280 2591 308 2624 1)
325 2591 408 2616 nebr.
426 2591 517 2618 9—11.

279 2625 308 2657 2)
325 2625 406 2650 nebr.
425 2625 532 2653 19—22.

898 183 1151 216 SECUNDUM
1174 185 1492 220 PRAECEPTUM.

2118 193 2181 223 474

1225 279 1445 311 sacerdotibus
1480 281 1626 312 attribuit
1658 281 1748 313 Deus
1782 293 1892 314 omnes
1920 284 2112 323 oblationes,
2146 287 2180 316 in

1223 322 1338 360 quibus
1356 323 1460 354 maior
1479 329 1548 354 erat
1566 324 1772 361 consecratio,
1792 335 1873 364 quae
1893 326 2009 358 dicitur
2027 329 2181 360 sanctitas

1222 365 1438 396 sanctitatum.
1479 366 1635 407 Exceptio
1658 372 1769 407 postea
1792 367 1961 407 videbitur,
1985 380 2099 411 nempe
2123 370 2180 401 ho—

1223 407 1308 438 noris
1332 418 1427 439 causa
1450 408 1627 448 depositum
1648 410 1747 441 fuisse
1771 409 1855 450 apud
1877 412 2072 450 sacerdotes,
2097 412 2181 444 unde

1222 454 1344 487 partem
1379 456 1549 491 erogarent
1583 452 1726 490 Levitis,
1761 453 1813 492 qui
1848 453 1988 485 officium
2023 456 2056 486 in
2091 455 2181 486 cultu

1222 493 1399 522 sanctuarii
1418 494 1635 532 praestabant.
1668 494 1705 525 Id
1728 495 1858 526 honoris
1881 495 1958 527 dicit
1980 508 2013 528 se
2037 498 2181 529 unctioni

1222 533 1311 571 dare,
1343 545 1382 565 ne
1413 535 1472 567 hac
1503 537 1668 568 occasione
1691 538 1877 577 superbiant
1901 539 2096 577 sacerdotes,
2127 540 2180 571 vel

1222 586 1254 605 se
1274 576 1418 608 efferant.
1450 578 1602 610 Gratuita
1620 580 1707 610 enim
1720 579 1783 611 Dei
1802 580 1986 618 liberalitas,
2006 582 2180 614 modestiae

1220 622 1252 648 et
1280 619 1472 651 humilitatis
1503 622 1658 662 magistra
1689 622 1779 653 nobis
1810 633 1878 653 esse
1901 623 2003 655 debet.
2050 624 2121 663 Quo
2145 636 2177 656 e-

1220 660 1296 691 tiam
1312 670 1501 700 argumento
1515 664 1635 696 Paulus
1651 675 1779 696 omnem
1803 676 1990 705 perversam
2014 667 2179 707 gloriatio-

1219 714 1291 734 nem
1322 705 1453 744 corrigit
1484 716 1519 736 ac
1550 706 1672 737 domat:
1698 707 1785 746 Quid
1814 708 1962 748 gloriaris
1992 711 2081 748 quasi
2114 720 2178 741 non

1219 747 1378 785 acceperis
1398 747 1440 788 (1.
1456 747 1527 779 Cor.
1550 749 1578 786 4,
1604 749 1657 791 7)?
1690 750 1790 781 Porro
1814 762 1877 781 non
1902 751 1962 782 alio
1986 752 2054 782 iure
2078 753 2179 784 uncti-

1218 798 1310 819 onem
1335 789 1441 829 adepti
1464 796 1554 821 erant
1577 792 1632 822 filii
1656 793 1805 831 Ahar-on,
1837 793 1897 824 uisi
1922 795 1997 834 quia
2020 794 2090 825 Deo
2114 795 2178 835 pla-

1218 836 1326 861 cuerat
1357 832 1442 871 ipsos
1472 833 1598 873 eligere.
1645 834 1681 865 Id
1712 835 1840 875 quidem
1862 836 1981 868 indicat
2006 837 2101 868 etiam
2127 837 2179 868 do-

1219 874 1320 910 natio,
1345 874 1398 905 sed
1423 874 1474 905 hic
1497 877 1679 915 expressius
1703 878 1839 917 gratiam
1864 890 1954 910 suam
1978 880 2068 911 Deus
2092 890 2178 911 com-

1217 916 1364 947 mendat:
1400 918 1472 956 quia
1507 918 1567 949 alio
1601 920 1734 951 consilio
1768 922 1964 952 mentionem
1996 922 2178 953 donationis

1216 958 1298 997 feeit,
1322 970 1436 999 nempe
1457 971 1495 990 ne
1514 961 1586 1000 quis
1609 962 1697 993 litem
1723 963 1773 994 vel
1797 965 2049 996 controversiam
2074 975 2177 997 sacer-

1217 1001 1344 1031 dotibus
1368 1007 1520 1034 moveret.

1301 1044 1329 1075 9,
1356 1044 1421 1075 Hoc
1443 1046 1501 1076 erit
1521 1048 1614 1077 tuum.
1650 1047 1779 1087 Species
1803 1048 1956 1088 quasdam
1979 1049 2177 1081 oblationum

1216 1091 1461 1124 commemorat,
1486 1099 1564 1127 quas
1588 1089 1699 1120 cedere
1724 1091 1848 1121 volebat
1870 1093 1903 1121 in
1927 1096 2049 1132 partem
2074 1103 2177 1124 sacer-

1216 1129 1341 1160 dotum:
1373 1140 1487 1169 nempe
1520 1131 1602 1170 quod
1635 1132 1795 1163 residuum
1828 1135 1980 1165 manebat
2002 1145 2043 1165 ex
2066 1135 2178 1175 ignitis

1215 1172 1394 1206 sacrificiis.
1420 1172 1534 1204 deinde
1558 1175 1677 1211 minha,
1701 1176 1794 1206 tertio
1817 1177 1901 1215 quod
1928 1178 2177 1208 consecrabatur

1215 1215 1245 1244 in
1268 1215 1407 1245 victimis
1430 1226 1487 1254 pro
1510 1222 1638 1255 peccato
1661 1222 1691 1248 et
1716 1218 1839 1249 delicto.
1886 1219 2079 1259 Quanquam
2102 1231 2176 1260 par-

1215 1257 1314 1288 ticula
1347 1268 1429 1296 quae
1463 1260 1621 1298 sequitur:
1656 1259 1747 1298 Quod
1779 1261 1891 1292 reddet
1923 1262 2018 1300 mihi,
2048 1262 2177 1294 videtur

1215 1301 1426 1331 restrictionis
1451 1301 1518 1331 vice
1542 1302 1650 1333 addita
1673 1313 1754 1341 esse,
1784 1308 1820 1334 ut
1843 1309 1969 1336 tantum
1994 1315 2031 1335 ea.
2054 1307 2175 1336 sacrifi-

1215 1343 1262 1372 cia
1292 1342 1438 1383 designet
1469 1344 1582 1383 quibus
1605 1355 1638 1376 se
1661 1355 1679 1375 a
1702 1346 1788 1377 furto
1812 1349 2008 1387 purgabant,
2038 1358 2175 1388 quorum

1215 1385 1289 1415 alibi
1319 1386 1373 1416 fiet
1405 1388 1534 1417 mentio.
1580 1387 1648 1418 Nisi
1671 1388 1752 1419 forto
1770 1389 1815 1419 ita
1838 1389 1944 1429 legere
1968 1389 2106 1431 placeat:
2131 1390 2176 1422 Ut

1214 1428 1378 1459 sacrificiis
1408 1439 1465 1468 pro
1495 1435 1624 1469 peccato
1654 1435 1685 1461 et
1716 1431 1830 1462 delicto
1859 1432 1998 1464 addatur
2027 1433 2087 1464 hoe
2112 1439 2175 1463 ter-

1216 1470 1312 1507 tium,
1344 1481 1406 1510 quo
1435 1471 1540 1502 aliena
1562 1472 1789 1512 restituebant,
1814 1485 1852 1505 ne
1876 1475 1952 1505 furti
1977 1479 2173 1507 tenerentur.

1216 1513 1332 1544 Postea
1365 1513 1511 1554 adiungit
1546 1515 1628 1545 dona
1662 1516 1857 1554 voluntaria,
1898 1528 1978 1557 quae
2010 1517 2175 1549 vovebant

1216 1556 1273 1586 filii
1292 1556 1409 1594 Israel,
1434 1561 1466 1588 et
1486 1558 1646 1597 primitias
1670 1565 1734 1589 tam
1758 1559 1818 1590 olei
1841 1570 1937 1600 quam
1962 1560 2027 1591 vini
2051 1564 2084 1591 et
2107 1561 2174 1592 fru-

1214 1599 1325 1630 menti.
1369 1599 1459 1631 Haec
1489 1606 1596 1631 autem
1620 1600 1782 1633 distinctio
1805 1603 1906 1641 posita
1928 1603 1998 1640 fuit,
2022 1613 2083 1643 quo
2105 1614 2174 1635 cer-

1214 1641 1277 1673 tius
1307 1647 1488 1673 occurreret
1511 1643 1599 1674 Deus
1623 1644 1830 1675 aemulationi
1854 1649 1885 1676 et
1908 1645 2066 1677 invidiae:
2097 1656 2172 1676 nam

1214 1685 1241 1716 si
1275 1695 1337 1724 qua
1370 1685 1483 1716 fuisset
1517 1686 1724 1726 ambiguitas,
1758 1688 1866 1718 statim
1901 1692 2031 1719 exortae
2066 1693 2174 1720 essent

1214 1727 1335 1758 multae
1362 1727 1443 1765 lites,
1469 1733 1565 1768 atque
1586 1728 1630 1759 ita
1650 1729 1841 1761 concidisset
1859 1741 2022 1762 sacrorum
2050 1731 2170 1772 religio.

1213 1770 1316 1801 Simul
1338 1777 1445 1801 tamen
1469 1772 1625 1811 praecipit
1639 1771 1728 1803 Deus
1751 1773 1978 1810 sacerdotibus,
2003 1780 2037 1804 ut
2060 1774 2172 1814 ignitis

1210 1813 1375 1844 sacrificiis
1398 1819 1570 1844 vescantur
1592 1814 1650 1844 soli
1674 1815 1816 1853 masculi,
1840 1826 1897 1846 nec
1919 1815 1994 1847 alibi
2018 1827 2113 1856 quam
2136 1816 2172 1847 in

1211 1856 1402 1887 sanctuario.
1440 1856 1623 1887 Periculum
1647 1857 1732 1887 enim
1757 1862 1826 1888 erat
1848 1857 1897 1899 (ut
1920 1863 1995 1889 aute
2018 1858 2171 1901 diximus)

1211 1909 1251 1928 ne
1283 1898 1451 1930 vilesceret
1482 1910 1591 1930 earum
1613 1899 1811 1931 oblationum
1835 1900 1976 1941 dignitas
1999 1902 2025 1932 si
2048 1902 2082 1932 in
2105 1902 2171 1942 pri*

1211 1948 1317 1972 vatam
1345 1941 1475 1972 domum
1500 1942 1675 1973 translatae
1699 1948 1807 1973 esseut
1837 1949 1868 1974 et
1891 1944 1969 1975 cibis
1992 1945 2172 1975 communi-

1210 1983 1269 2014 bus
1289 1985 1481 2024 permixtae:
1508 1984 1623 2015 deinde
1648 1985 1749 2016 noluit
1763 1986 1851 2017 Deus
1874 1986 2042 2026 indulgere
2066 1997 2170 2018 sacer-

1211 2026 1320 2057 dotum
1341 2027 1485 2067 lautitiis,
1505 2027 1559 2057 sed
1577 2028 1646 2067 ipso
1665 2029 1837 2059 sanctuarii
1858 2033 2029 2069 conspectu
2049 2039 2102 2060 eos
2121 2030 2171 2060 in-

1210 2068 1305 2100 duxit
1335 2069 1374 2100 ad
1404 2070 1558 2109 frugalem
1588 2076 1619 2100 et
1646 2071 1787 2101 sobrium
1819 2081 1920 2102 esum.
1973 2072 2053 2102 Erat
2083 2073 2169 2103 enim

1210 2111 1287 2142 haec
1319 2113 1409 2152 quasi
1441 2112 1608 2152 disciplina
1637 2113 1784 2144 militaris
1813 2113 1852 2144 ad
1883 2113 2170 2146 colendam'absti-

1209 2155 1368 2191 nentiam,
1401 2155 1439 2185 ab
1470 2166 1570 2186 uxore
1599 2160 1631 2186 et
1661 2156 1782 2186 familia
1813 2156 1975 2187 discedere
2006 2161 2041 2187 ut
2063 2157 2172 2188 cibum

1209 2203 1368 2237 caperent.
1415 2197 1577 2238 Quidquid
1608 2202 1715 2228 autem
1745 2209 1802 2238 pro
1827 2206 1901 2229 voto
1925 2198 2066 2230 oblatum
2092 2204 2170 2239 erat,

1209 2244 1240 2270 ct
1263 2241 1415 2279 primitiis
1439 2241 1586 2281 frugum,
1611 2240 1730 2271 comedi
1755 2241 1915 2280 permittit
1938 2242 2034 2273 etiam
2059 2254 2076 2273 a
2100 2254 2170 2273 mn-

1208 2282 1355 2320 lieribus,
1383 2288 1415 2314 et
1445 2284 1531 2313 intra
1560 2284 1702 2323 privatos
1726 2284 1878 2323 parietes:
1904 2284 1997 2315 modo
2021 2296 2060 2316 ne
2084 2285 2171 2326 quis-

1207 2325 1292 2365 piam
1312 2326 1499 2357 immundus
1523 2326 1661 2365 attingat
1683 2326 1766 2365 quod
1790 2327 1886 2357 semel
1912 2327 2008 2358 fuerit
2031 2338 2169 2360 sacrum.

1295 2368 1343 2399 15.
1379 2369 1537 2408 Quidquid
1569 2369 1670 2407 aperit
1703 2368 1833 2399 vulvam.
1884 2369 1975 2400 Idem
2011 2381 2096 2402 nune
2130 2371 2168 2402 de

1207 2411 1430 2451 primogenitis
1461 2411 1629 2448 statuitur,
1663 2415 1696 2441 ut
1727 2422 1763 2441 ca
1793 2411 1913 2443 scilicet
1937 2412 1997 2443 sibi
2029 2413 2169 2444 habeant

1206 2454 1403 2484 sacerdotes:
1428 2464 1608 2493 quanquam
1634 2454 1725 2484 simul
1752 2454 1905 2484 inseritur
1929 2455 2106 2487 distinctio:
2133 2462 2168 2487 ut

1206 2496 1308 2527 foetus
1332 2496 1535 2537 primogeniti
1560 2496 1728 2526 hominum
1753 2496 1963 2528 redimantur.
2002 2497 2095 2537 Quod
2119 2503 2166 2529 at—

1206 2539 1286 2569 tinet
1316 2539 1354 2569 ad
1386 2538 1551 2569 immunda
1582 2538 1748 2577 animalia,
1776 2538 1911 2570 liberum
1937 2545 2004 2571 erat
2029 2541 2167 2572 dominis

1206 2592 1243 2612 ea
1266 2581 1424 2612 redimere
1448 2581 1496 2612 vel
1523 2580 1674 2612 occidere.
1711 2581 1833 2612 Verum
1853 2583 1926 2622 quia
1949 2594 1986 2614 ea
2010 2594 2060 2614 res
2082 2594 2167 2615 nunc

1205 2635 1244 2654 ex
1269 2625 1410 2664 professo
1436 2635 1497 2654 non
1523 2628 1688 2662 tractatur,
1712 2624 1851 2655 breviter
1875 2629 2000 2656 tantum
2024 2636 2166 2666 pronun—
