2304 3034
190 201 249 231 571

188 294 267 325 mati
309 291 464 322 subiicere
507 288 685 326 hominem,
727 288 789 319 nisi
824 289 879 328 qui
915 289 1048 320 interitu
1083 289 1153 331 dig-

188 347 250 367 nus
290 340 381 365 esset.
445 331 555 370 Quare
600 331 659 362 hoc
699 330 739 361 ad
781 331 890 362 hostes
936 332 1154 372 restiingitur,

189 388 266 419 quos
290 375 405 415 alioqui
429 373 568 405 liberum
592 378 662 404 erat
686 373 836 413 perdere,
861 374 952 405 cuius
975 375 1020 405 rei
1045 385 1154 406 exem-

188 421 276 461 plum
312 422 358 449 est
391 416 514 448 celebre
548 417 581 447 in
616 416 694 447 urbe
728 416 877 453 Hierico,
920 416 1044 448 civibus
1076 418 1154 456 eius,

189 468 220 494 et
243 461 362 501 spoliis.
408 459 479 490 Iam
501 460 575 499 quia
598 459 763 507 piaculum
788 464 858 489 erat
881 459 1033 499 quidquid
1059 460 1156 492 fiebat

188 505 376 539 anathema
407 507 564 542 tanquam
594 502 809 533 exsecrationi
840 501 1033 533 obnoxium:
1065 502 1155 534 Deus

188 547 307 578 aboleri
337 545 423 584 vult,
458 555 519 576 nec
548 544 648 575 ullam
677 545 972 584 compensationem
1001 544 1153 577 admittit.

188 589 350 629 Quorsum
382 589 416 618 in
440 587 613 618 anathema
635 587 825 619 devoverint
848 597 942 628 agros
966 598 1049 625 suos,
1074 588 1154 619 mihi

186 642 252 663 non
281 636 424 668 constat,
454 630 516 661 nisi
544 629 671 670 aliquod
704 630 784 661 forte
814 631 937 662 crimen
969 630 1053 662 unde
1079 640 1155 662 con-

186 678 289 706 tracta
311 678 395 706 esset
417 673 562 714 pollutio,
587 675 719 713 expiare
739 673 868 705 vellent.

462 818 526 850 EX
551 817 725 850 NUMER.
750 817 866 849 XXX.

274 887 330 929 1¹).
349 887 393 918 Et
413 887 556 926 loquutus
579 888 622 917 est
645 886 749 918 Moses
771 887 813 918 ad
835 887 940 926 capita
962 886 1100 918 tribuum
1122 888 1155 918 in

188 931 298 968 Israel,
321 930 461 961 dicendo:
487 929 549 960 Hic
571 932 614 960 est
636 939 733 960 sermo
754 940 843 969 quem
860 930 1020 968 praecepit
1033 929 1153 962 Iehova.

187 975 216 1006 2.
248 974 304 1005 Vir
326 973 380 1013 qui
407 973 521 1004 voverit
544 974 645 1003 votum
668 972 811 1011 leliovae,
841 975 897 1003 aut
918 973 1071 1004 iuraverit
1092 973 1154 1004 ius-

186 1017 366 1054 iurandum,
384 1026 443 1055 quo
461 1015 695 1055 constrinyendo
713 1016 929 1047 constrinxerit
946 1015 1086 1047 animam
1103 1026 1156 1047 su-

187 1070 247 1097 am,
270 1069 307 1089 ne
324 1059 413 1090 violet
434 1058 557 1089 verbum
579 1068 687 1089 suum:
708 1059 761 1090 secl
783 1058 952 1090 secundum
969 1068 1054 1089 omne
1076 1059 1155 1098 quod

186 1112 340 1143 eyressum
360 1102 454 1141 fuerit
477 1111 514 1132 ex
537 1111 587 1132 ore
610 1101 686 1136 eius,
708 1101 814 1140 faeiat.
861 1101 889 1132 3.
915 1101 1034 1133 Mulier
1055 1103 1155 1132 autem

186 1146 215 1176 si
233 1145 349 1175 voverit
370 1147 469 1175 votum
482 1143 619 1181 Ielzovae,
642 1146 669 1174 et
690 1144 921 1184 constrinqeiulo
942 1144 1157 1176 constrinxerit

187 1189 221 1219 in
249 1188 336 1219 domo
359 1188 465 1227 patris
492 1187 543 1217 sui
572 1187 606 1217 iu
628 1187 769 1226 pueritia
797 1197 873 1218 sua:
901 1187 930 1218 4.
955 1187 997 1217 Et
1019 1187 1157 1219 audierit

182 1233 273 1271 pater
291 1231 359 1261 eius
377 1232 477 1261 votum
496 1230 606 1269 ipsius,
630 1232 656 1260 et
678 1229 889 1269 obliqationem
911 1240 973 1269 qua
986 1229 1155 1261 adstrinxit

187 1274 328 1305 animam
351 1283 457 1311 suam,
481 1276 509 1303 et
531 1272 659 1303 tacuerit
681 1273 709 1303 ei
732 1271 792 1313 (vel
814 1273 855 1304 acl
877 1283 944 1304 earn
967 1273 1044 1309 rem)
1064 1275 1155 1312 pater

187 1317 262 1353 eius,
281 1316 406 1348 stabilia
424 1319 512 1347 erunt
529 1315 635 1346 omnia
652 1317 720 1346 vota
738 1316 813 1353 eius,
836 1316 994 1355 omnisque
1012 1315 1155 1355 obligyatio

188 1369 249 1399 qua
269 1359 452 1390 constrinxit
471 1358 610 1389 animam
628 1368 720 1389 suam
738 1358 921 1390 stabilietur.
951 1359 980 1389 5.
995 1357 1032 1389 Si
1054 1361 1155 1389 autent

188 1402 318 1433 irritum
345 1402 451 1441 fecerit
474 1403 565 1440 pater
593 1401 660 1432 eius
683 1401 736 1433 illo
759 1401 809 1432 elie
831 1412 889 1441 quo
912 1401 1048 1432 audierit
1070 1411 1156 1432 omne

188 1447 289 1475 votum
311 1445 348 1475 ab
370 1455 406 1476 ea
426 1445 558 1483 factum,
587 1446 613 1474 et
635 1444 847 1484 obliyationern
868 1445 935 1475 eius
957 1444 1069 1483 quibus
1090 1453 1156 1475 cone

188 1488 352 1518 strinxerit
380 1487 518 1518 (mimam
545 1497 649 1524 suam,
681 1498 740 1518 non
771 1487 958 1518 stabilietur:
984 1489 1012 1518 et
1042 1486 1156 1518 Iebooa

184 1533 292 1570 parcet
314 1530 349 1567 ei,
372 1531 447 1570 quia
466 1533 557 1569 pater
577 1530 645 1560 eius
666 1530 792 1561 irritum
813 1530 926 1569 fecerit.
968 1531 996 1561 6.
1024 1530 1110 1569 Quod
1128 1529 1156 1560 si

187 1573 285 1612 fuerit
310 1573 365 1604 sub
392 1574 471 1607 viro.
500 1575 525 1603 et
551 1573 669 1611 fuerint
698 1576 765 1603 vota
788 1573 856 1603 eius
877 1583 971 1612 super
992 1583 1073 1610 earn,
1103 1574 1156 1603 aut

183 1616 323 1655 prolatio
357 1616 510 1647 labiorum
544 1626 606 1654 qua
635 1616 852 1646 constrinxerit
881 1616 1021 1646 animam
1048 1625 1156 1646 suam:

190 1659 218 1689 7.
243 1658 284 1689 Et
313 1659 451 1690 audierit
473 1659 607 1689 maritus
630 1659 711 1696 eius,
734 1661 760 1689 et
783 1659 832 1689 (lie
854 1669 911 1698 quo
935 1659 1055 1689 audivit
1076 1661 1157 1689 tacu-

189 1702 248 1733 erit
265 1701 309 1732 ei:
333 1703 402 1732 tune
420 1701 616 1732 stabilientur
634 1704 704 1732 cota
726 1702 800 1738 eius,
825 1704 851 1732 et
873 1701 1069 1741 obliqationes
1091 1701 1158 1740 qui-

188 1745 244 1775 bus
261 1745 480 1775 constrinxerit
502 1744 640 1775 animam
662 1754 753 1775 suam
774 1744 977 1775 stabilientur.
1022 1744 1050 1775 8.
1073 1743 1159 1783 Quod

188 1788 216 1818 si
243 1797 300 1826 quo
319 1787 367 1817 die
390 1787 510 1818 audivit
532 1788 666 1818 maritus
688 1787 756 1818 eius
780 1787 906 1818 irritum
928 1787 962 1818 id
982 1787 1101 1827 fecerit,
1132 1788 1158 1817 et

189 1830 363 1861 dissolverit
392 1832 460 1860 rota
482 1830 550 1861 eius
573 1840 650 1869 quae
673 1833 761 1861 erant
783 1840 877 1869 super
899 1840 983 1867 earn,
1009 1832 1036 1860 et
1053 1829 1158 1868 prola-

188 1874 298 1903 tionem
325 1872 479 1904 labiorum
510 1873 577 1903 eius
605 1873 807 1910 relaxaverit,
843 1883 905 1912 qua
932 1873 1157 1904 constrinxerat

189 1916 328 1946 animam
350 1926 450 1953 suam,
473 1918 544 1946 tunc
564 1915 678 1946 Iehova
695 1916 858 1955 propitius
880 1915 927 1946 illi
950 1916 1016 1946 erit.
1052 1915 1080 1946 9.
1103 1914 1157 1945 Vo-

187 1962 249 1989 tum
266 1961 367 1990 autem
387 1968 472 1989 omne
489 1958 600 1989 viduae
620 1961 648 1989 et
665 1959 847 1997 repudiatae
866 1969 924 1998 quo
942 1958 1157 1989 constrinxerit

188 2002 326 2032 animam
349 2011 448 2039 suam,
471 2001 643 2031 stabilietur
665 2012 757 2040 super
777 2012 853 2032 eam.
892 2001 940 2032 10.
955 2001 1054 2031 Porro
1077 2001 1105 2031 si
1124 2001 1157 2030 in

187 2044 275 2075 (torno
298 2044 406 2074 mariti
428 2045 480 2074 sui
505 2046 601 2074 totum
623 2044 735 2083 fecerit,
760 2047 814 2074 aut
836 2044 1063 2083 constriuslendo
1086 2053 1156 2073 con-

188 2087 349 2117 strinserit
367 2087 507 2118 animam
525 2097 616 2117 suani
629 2098 687 2127 per
704 2088 943 2118 iusiurandmn:
969 2088 1017 2117 11.
1033 2086 1073 2116 Et
1091 2096 1156 2116 onu-

190 2130 269 2159 ritus
298 2130 364 2160 eius
394 2130 530 2161 audierit
560 2133 586 2160 et
614 2131 743 2161 tacuerit
766 2131 808 2167 ei,
833 2140 885 2161 nee
908 2131 1031 2160 irritum
1053 2129 1158 2168 fecerit

188 2172 283 2203 illud:
311 2175 380 2202 tunc
409 2173 601 2203 stabilientur
623 2174 726 2203 onznia
749 2173 816 2203 eius
840 2175 919 2211 cota,
943 2175 968 2203 et
991 2173 1090 2204 omnis
1112 2171 1158 2202 ob-

190 2215 295 2253 liqatio
334 2226 396 2254 qua
433 2215 648 2246 constrinxerit
681 2217 820 2246 animani
853 2226 943 2247 suam.
976 2215 1157 2246 stabilietur.

194 2258 242 2288 12.
269 2258 354 2296 Quod
380 2258 408 2289 si
430 2258 623 2290 dissolvendo
646 2259 822 2290 dissolverit
846 2259 902 2289 illa
926 2258 1060 2288 maritus
1081 2257 1157 2293 eius,

191 2311 248 2339 quo
271 2301 320 2331 [lie
342 2301 462 2331 azalii’it
484 2311 600 2331 ornnem
619 2302 821 2340 pretationem
844 2301 995 2332 labiorum
1018 2301 1093 2336 eius,
1118 2299 1159 2331 ad
1183 2333 1185 2338 ‚

192 2346 258 2373 rota
278 2344 351 2381 eius,
376 2346 403 2374 et
422 2343 635 2383 obliqationenz
655 2345 779 2375 animae
797 2345 872 2382 eius,
895 2354 956 2374 non
978 2343 1157 2377 stabilietur,

192 2387 326 2416 moritus
349 2387 416 2417 eius
438 2387 579 2417 dissolvit
602 2397 653 2423 ea,
678 2390 703 2417 et
728 2387 839 2418 [ebora
858 2387 1016 2426 propitius
1040 2386 1098 2416 crit
1121 2385 1157 2415 ei.

195 2514 261 2543 eius
286 2514 437 2545 dissolvet,
484 2515 531 2545 14.
560 2516 615 2545 Sin
640 2517 763 2547 tacendo
787 2516 916 2546 tacuerit
939 2515 1072 2545 maritus
1094 2514 1161 2544 eius

197 2568 213 2585 a
237 2556 286 2586 <liv
310 2557 339 2586 in
363 2558 455 2588 client.
480 2561 550 2588 tune
572 2558 706 2590 stabiliet
729 2559 832 2589 onmia
857 2560 924 2589 vota
948 2558 1031 2595 eius,
1054 2559 1080 2587 et
1102 2566 1161 2587 om-

285 2650 310 2682 1)
330 2650 410 2676 Jleir.
432 2660 453 2676 r.
475 2651 569 2677 -2—17.

905 195 1113 228 TERTIUM
1136 196 1458 229 PRAEOEPTUM.

1187 2618 1188 2634 ῃ
1214 2598 1291 2628 dum
1315 2598 1443 2637 obligat.

2117 196 2181 228 572

1206 299 1260 321 nes
1289 290 1486 330 obligationes
1512 291 1579 322 eius
1607 299 1686 329 quae
1715 292 1787 321 sunt
1814 300 1908 329 super
1937 300 2004 321 eam
2036 290 2178 330 stabiliet,

1206 333 1282 372 quia
1308 334 1403 364 tacuit
1433 335 1460 365 ei
1489 343 1547 373 quo
1575 333 1624 363 (lie
1653 333 1782 363 aildivit.
1829 332 1877 364 15.
1905 332 1990 371 Quod
2019 333 2047 364 si
2069 333 2180 365 dissol-

1206 375 1300 406 vendo
1328 376 1503 408 dissolverit
1531 386 1567 406 ea
1591 377 1758 414 postquam
1781 375 1931 414 audierit,
1957 375 2094 414 portabit
2115 375 2177 407 ini-

1206 418 1352 457 quitatem
1375 419 1469 451 illius.
1506 418 1555 449 16.
1580 417 1666 449 Haec
1688 420 1758 449 sunt
1781 420 1899 449 statuta
1921 428 2001 457 quae
2019 419 2178 458 praecepit

1208 460 1321 492 Ielzova
1334 461 1421 492 Mosi
1439 463 1518 493 inter
1536 460 1641 492 virum
1663 463 1689 491 et
1712 470 1840 492 uxorem
1861 461 1935 499 eius,
1957 461 2036 492 inter
2051 463 2176 500 patrem

1206 505 1234 534 et
1248 503 1349 542 filiani
1367 505 1434 535 eius
1452 515 1531 544 quae
1549 506 1594 534 est
1615 503 1649 533 in
1666 504 1807 543 pueritia
1827 503 1863 534 in
1885 503 1971 535 domo
1988 504 2095 542 patris
2116 503 2176 534 sui.

1294 588 1320 620 1.
1353 588 1396 620 Et
1431 589 1574 629 loquutus
1607 590 1650 620 est
1680 588 1792 620 Moses.
1845 588 1917 620 Hoc
1951 588 2054 628 capite
2082 588 2174 620 docet

1208 630 1332 669 Moses,
1371 638 1445 663 vota
1474 643 1555 671 quae
1586 642 1648 662 non
1680 632 1802 662 fuerint
1832 635 1989 671 concepta
2016 641 2034 662 a
2064 631 2174 663 liberis

1207 675 1368 713 personis,
1394 681 1463 705 rata
1486 685 1549 705 non
1575 674 1684 705 haberi
1709 684 1818 705 coram
1843 674 1921 705 Deo.
1967 674 2038 705 Etsi
2063 678 2174 706 autem

1208 715 1246 747 de
1280 716 1389 748 liberis
1419 717 1571 748 masculis
1603 716 1692 747 nulla
1722 717 1758 748 fit
1787 717 1924 753 mentio,
1958 717 2032 757 quia
2063 722 2173 748 tamen

1208 759 1318 791 eadem
1350 765 1400 791 est
1428 760 1583 798 conditio,
1614 759 1766 790 videntur
1792 769 1849 799 per
1871 758 2095 800 synecdochen
2119 758 2173 790 de-

1208 801 1282 833 bere
1305 803 1457 843 coniungi
1481 803 1607 834 filiabus
1631 807 1661 833 et
1685 802 1859 840 uxoribus,
1885 802 1947 833 nisi
1969 801 2053 833 forte
2076 813 2172 833 sexus

1206 843 1387 876 infirmitati
1418 846 1583 877 consulere
1609 846 1697 876 Deus
1728 845 1876 876 voluerit.
1922 844 1986 876 Sed
2017 845 2091 884 quia
2114 855 2172 885 pu-

1207 887 1277 918 ellis
1306 899 1387 928 quae
1415 900 1480 919 non
1511 892 1605 919 erant
1633 888 1692 919 sub
1723 888 1827 927 patria
1853 892 2026 928 potestate,
2057 898 2173 919 vovere

1207 931 1372 970 permittit,
1396 942 1454 963 nec
1482 942 1578 962 sexus
1601 931 1760 961 rationem
1782 930 1888 967 habet,
1912 936 1949 961 ut
1970 930 2095 962 levitati
2118 935 2175 961 aut

1206 973 1436 1014 incogitantiae
1471 973 1657 1012 subveniat,
1693 974 1876 1014 propositus
1910 972 2039 1004 videtur
2072 973 2173 1004 fuisse

1206 1016 1294 1053 finis,
1318 1022 1354 1047 ut
1377 1022 1442 1047 tam
1466 1018 1548 1057 patri
1572 1017 1604 1047 in
1629 1027 1704 1047 suos
1727 1016 1852 1053 liberos,
1878 1025 1973 1056 quam
1997 1016 2115 1047 marito
2137 1015 2172 1047 in

1208 1069 1340 1089 uxorem
1365 1059 1414 1091 ius
1438 1060 1565 1091 salvum
1590 1066 1747 1090 maneret.

1291 1102 1318 1132 2.
1351 1102 1407 1133 Vir
1434 1103 1488 1141 qui
1510 1102 1631 1134 voverit.
1677 1102 1801 1142 Legem
1824 1101 2009 1143 generalem
2035 1101 2170 1132 restrin-

1207 1154 1282 1184 gere
1301 1145 1420 1183 volens,
1440 1156 1479 1176 ne
1498 1145 1569 1185 quis
1588 1145 1621 1175 in
1645 1145 1705 1175 hac
1728 1145 1926 1176 correctione
1949 1148 2080 1184 putaret
2102 1154 2172 1175 esse

1206 1186 1380 1227 quidquam
1398 1188 1643 1228 repugnantiae,
1663 1188 1831 1218 exordium
1851 1187 1925 1218 facit
1945 1198 1963 1218 a
1981 1187 2173 1226 repetitione

1207 1230 1308 1269 ipsius
1326 1230 1417 1271 legis,
1440 1236 1477 1261 ut
1495 1230 1633 1261 fideliter
1651 1235 1792 1270 praestet
1811 1231 1945 1270 quisque
1964 1229 2050 1270 quod
2069 1230 2173 1261 vovit:

1208 1273 1298 1312 quasi
1322 1273 1451 1311 diceret,
1475 1274 1578 1304 fixum
1602 1273 1730 1313 quidem
1754 1273 1834 1304 illud
1858 1283 1998 1310 manere,
2022 1272 2079 1304 sed
2101 1278 2174 1303 tan-

1208 1321 1277 1346 tum
1306 1315 1345 1346 ad
1377 1326 1429 1347 eos
1464 1321 1609 1355 spectare
1647 1317 1701 1356 qui
1731 1323 1808 1347 sunt
1837 1316 1886 1346 sui
1909 1316 2005 1346 iuris:
2038 1315 2174 1346 feminas

1209 1363 1318 1389 autem
1351 1364 1382 1390 et
1415 1359 1538 1399 puellas
1566 1369 1647 1399 quae
1677 1359 1736 1390 sub
1767 1359 1874 1390 aliena
1903 1365 1980 1389 sunt
2007 1362 2174 1398 potestate,

1209 1411 1273 1432 non
1294 1412 1364 1432 esse
1382 1401 1500 1432 liberas
1519 1401 1558 1432 ad
1579 1401 1774 1438 vovendum,
1799 1401 1861 1432 nisi
1880 1401 2050 1433 accesserit
2073 1400 2175 1441 patris

1210 1443 1259 1474 vel
1282 1444 1389 1474 mariti
1413 1455 1598 1475 consensus
1633 1444 1723 1476 Haec
1747 1449 1854 1475 autem
1878 1444 2036 1484 praefatio
2054 1443 2175 1484 exponi

1209 1486 1303 1517 debet-
1321 1486 1370 1527 (ut
1388 1493 1464 1518 ante
1487 1487 1653 1528 admonui)
1677 1487 1715 1518 de
1740 1487 1824 1518 votis
1846 1487 1953 1524 licitis,
1978 1486 2093 1527 quibus
2115 1496 2174 1518 nec

1208 1530 1427 1570 corrumpitur
1460 1530 1590 1570 religio,
1624 1541 1684 1561 nec
1718 1530 1909 1569 profanatur
1942 1529 2083 1560 nominis
2112 1529 2175 1560 Dei

1209 1572 1371 1604 sanctitas.
1417 1573 1462 1603 Et
1484 1578 1569 1604 certe
1594 1573 1655 1604 nisi
1681 1573 1749 1603 Deo
1772 1573 1898 1612 placeat
1922 1572 2006 1613 quod
2028 1572 2173 1610 offertur,

1209 1615 1298 1646 nulla
1338 1619 1442 1655 potest
1482 1626 1550 1646 esse
1592 1616 1718 1646 animae
1751 1616 1945 1647 constrictio.
2001 1614 2175 1646 Caeterum

1209 1659 1284 1698 quia
1312 1659 1509 1698 comparatio
1541 1658 1576 1688 fit
1613 1658 1713 1689 maris
1743 1663 1774 1688 et
1807 1658 1963 1696 feminae,
1997 1657 2174 1698 probabilis

1209 1701 1290 1731 forte
1303 1701 1485 1732 coniectura
1498 1701 1570 1732 elici
1589 1705 1706 1740 posset,
1726 1711 1841 1740 pueros
1859 1711 1986 1741 quoque
2005 1700 2175 1739 decennes,

1208 1744 1357 1783 quamvis
1377 1744 1442 1775 sint
1460 1743 1669 1781 filiifamilias,
1693 1744 1862 1784 obstringi,
1886 1748 1983 1784 atque
2002 1743 2074 1775 ideo
2100 1753 2174 1785 per-

1209 1787 1358 1817 tinaciter
1377 1797 1439 1817 non
1460 1786 1665 1823 contendam,
1690 1786 1764 1826 quia
1784 1791 1927 1826 praestat
1944 1786 1979 1817 in
1999 1786 2105 1818 medio
2128 1796 2175 1817 re-

1208 1829 1355 1868 linquere
1378 1829 1461 1869 quod
1485 1828 1619 1860 dubium
1643 1834 1699 1866 est,
1726 1834 1821 1869 atquc
1845 1828 1895 1870 (ut
1918 1829 2016 1870 vulgo
2038 1829 2176 1869 loquun-

1208 1872 1274 1912 tur)
1298 1872 1330 1902 in
1355 1877 1524 1911 utramque
1548 1876 1671 1919 partem
1697 1871 1901 1911 disputabile.

1294 1915 1321 1946 3
1347 1915 1464 1945 Mulier
1493 1917 1595 1945 auttm
1623 1915 1652 1945 si
1680 1915 1800 1945 voverit.
1845 1914 1914 1945 Iam
1945 1914 2113 1946 descendit
2135 1913 2176 1945 ad

1208 1968 1276 1988 rem
1307 1958 1409 1997 ipsam
1439 1957 1477 1988 de
1500 1968 1562 1997 qua
1586 1957 1783 2004 piopositum
1807 1961 1856 1988 est
1879 1962 2033 1989 tractare:
2060 1967 2176 1997 nempe

1209 2006 1284 2031 vota
1310 2010 1328 2029 a
1358 2000 1504 2039 personis
1534 2010 1614 2040 quie
1646 2000 1724 2030 iuris
1755 2000 1803 2030 sui
1836 2011 1900 2030 non
1925 2006 2000 2030 sunt
2022 2005 2176 2040 concepta

1209 2048 1279 2074 iata
1320 2053 1382 2073 uon
1425 2042 1543 2073 haberi
1600 2043 1649 2073 Ac
1683 2042 1763 2073 duas
1796 2043 1919 2082 species
1953 2047 2175 2074 connumerat.

1210 2086 1320 2116 Primo
1340 2085 1425 2116 enim
1451 2085 1517 2116 loco
1539 2085 1640 2121 docet,
1665 2085 1690 2115 si
1716 2085 1924 2116 filiafamilias
1949 2085 2025 2116 dum
2051 2085 2176 2116 habitat

1210 2128 1294 2168 apud
1318 2134 1440 2168 patrem
1471 2128 1644 2168 quidquam
1671 2127 1797 2158 voverit
1820 2128 1890 2167 ipso
1914 2128 2030 2165 inscio,
2054 2128 2176 2159 nullius

1209 2171 1365 2202 momenti
1390 2181 1468 2201 esse.
1503 2170 1594 2201 Idem
1619 2170 1697 2201 iuris
1721 2171 1834 2201 statuit
1857 2171 1883 2201 si
1907 2175 1998 2210 pater
2021 2174 2096 2201 voto
2119 2182 2175 2202 au-

1210 2214 1276 2245 dito
1306 2213 1554 2245 contradixerit:
1582 2214 1608 2244 si
1640 2223 1716 2243 vcro
1747 2214 1884 2244 tacuerit
1912 2223 2012 2253 quum
2038 2213 2175 2252 adesset,

1210 2257 1374 2288 silentium
1418 2256 1486 2287 cius
1526 2266 1583 2296 pro
1624 2266 1782 2287 consensu
1823 2256 1932 2287 valere
1972 2257 2177 2295 pronunciat.

1211 2299 1306 2331 Unde
1339 2298 1502 2337 colligitur
1536 2309 1590 2330 eos
1623 2308 1735 2329 omnes
1767 2298 1820 2337 qui
1852 2303 2010 2338 potestate
2041 2299 2178 2339 praediti

1210 2347 1296 2378 sunt,
1321 2352 1385 2372 non
1405 2342 1494 2381 fungi
1518 2352 1575 2372 suo
1599 2341 1704 2371 officio
1728 2341 1789 2371 nisi
1813 2341 1912 2372 libere
1935 2346 1967 2372 et
1989 2341 2119 2373 cordate
2143 2353 2178 2374 se

1184 2389 1186 2407 ³
1210 2390 1374 2425 opponant
1392 2385 1516 2423 quoties
1540 2383 1659 2423 aliquid
1684 2383 1846 2422 displicet:
1869 2384 1943 2423 quia
1965 2394 2079 2415 eorum
2102 2395 2177 2416 con-

195 2429 242 2459 13,
261 2429 354 2459 Omne
372 2432 481 2465 votum,
504 2432 531 2460 et
553 2440 638 2460 omne
663 2431 881 2461 iusiurandum
905 2429 1098 2469 oble'yutionis
1120 2427 1161 2458 acl
1185 2433 1187 2464 ᾗ

194 2472 392 2510 afslivatam
411 2473 549 2502 animam
574 2473 707 2503 ›mm-itus
729 2474 796 2504 eius
818 2473 958 2509 stabiliet,
981 2474 1006 2501 vt
1028 2471 1162 2502 maritus
1185 2475 1187 2481 ¹

1212 2427 1357 2459 niventia
1392 2427 1488 2457 tacita
1516 2426 1672 2466 quaedam
1701 2433 1748 2457 est
1778 2427 1974 2466 approbatio.
2028 2426 2178 2459 Secundo

1212 2470 1281 2501 loco
1300 2471 1366 2509 agit
1385 2469 1423 2500 dc
1442 2469 1630 2500 mulieribus
1654 2470 1842 2508 coniugatis,
1866 2480 2003 2509 quarum
2027 2475 2103 2501 vota
2122 2470 2177 2501 ab·

1213 2513 1357 2543 sentibus
1381 2512 1504 2542 maritis
1529 2517 1583 2542 aut
1607 2511 1865 2551 improbantibus
1889 2517 2058 2552 concepta,
2083 2513 2178 2545 irrita

1213 2566 1281 2586 esse
1307 2556 1407 2585 iubet:
1432 2555 1459 2585 si
1485 2565 1559 2585 vcro
1583 2555 1720 2585 scientos
1745 2555 1925 2592 tacuerint,
1950 2556 1988 2586 ad
2014 2562 2177 2595 praestan—

1494 2598 1614 2628 Multac
1639 2597 1725 2627 cuim
1750 2597 1878 2629 fraudes
1902 2599 2101 2629 intervenire
2125 2609 2179 2640 po-

1213 2645 1336 2677 terant,
1373 2640 1446 2679 quia
1483 2640 1593 2671 multis
1629 2640 1783 2671 usitatum
1815 2646 1876 2678 cst,
1915 2641 1992 2672 dum
2025 2642 2180 2673 uxoribus
