2304 3034
209 191 273 221 419

209 286 346 316 materia
378 283 615 323 superstitionis
648 282 776 313 fuisset:
811 282 926 313 deinde
958 293 1022 314 non
1053 289 1181 324 poterat

211 328 297 359 aliud
322 326 470 357 fabricari
495 336 589 365 quam
615 325 844 356 adulterinum.

469 469 529 500 EX
554 469 717 501 EODEM
744 470 921 502 CAPITE.

298 539 326 570 9.
354 538 466 569 Facies
488 539 617 577 insuper
639 539 756 569 atrium
778 538 967 570 tabernaculi
989 539 1031 569 ad
1048 539 1179 580 plaqam

209 582 416 613 meridianam
447 582 630 612 australem:
659 581 793 612 cortinae
821 584 910 612 erunt
939 582 1019 612 atrio
1046 593 1061 613 e
1091 582 1179 622 bysso

209 628 334 656 retorta:
368 626 484 655 centum
514 624 683 655 cubitorum
714 625 773 655 erit
794 624 947 664 lonqituclo
976 625 1089 665 anqulo
1112 626 1176 657 uni.

211 668 258 698 10.
282 668 446 698 Columnae
465 669 566 698 autem
585 667 652 697 (ius
670 670 759 698 eruut
777 668 895 707 viqz'nti,
919 670 946 698 et
965 667 1053 699 bases
1070 678 1178 699 earum

208 711 318 751 viqinti
351 720 474 741 aereae:
506 709 650 749 capitella
683 710 895 741 columnarum
928 712 954 741 et
984 710 1041 749 fila
1069 721 1177 742 earum

208 756 358 794 arqentea.
403 753 449 783 11.
484 752 527 783 Et
548 753 593 784 sic
616 752 706 783 lateri
729 753 908 792 aquilonari
931 753 965 784 in
988 753 1176 793 lonqituclinc

208 799 296 828 erunt
317 797 451 827 cortinae
473 798 599 831 centuni,
624 798 650 826 et
672 795 830 826 columnae
847 797 914 827 eius
932 796 1052 836 viqinti,
1075 795 1176 827 bases-

207 850 265 879 que
299 849 404 870 earum
445 839 550 878 riqinti
581 849 700 869 aereae:
732 839 874 878 capitella
904 839 1117 870 columnarum
1151 842 1177 870 et

206 883 261 921 fila
286 892 392 913 earum
415 885 568 921 arqentea.
612 881 659 912 12.
684 881 781 912 Porro
800 883 833 912 in
857 882 1019 912 latitudine
1041 882 1115 913 atrii
1134 882 1176 913 ad

208 926 290 956 latus
317 924 511 960 occidentale,
543 927 631 955 erunt
659 925 795 955 cortinae
818 925 1041 964 quinquaqinta
1065 924 1175 956 cubito-

206 979 292 1000 rum:
315 970 340 998 et
362 968 518 998 columnae
540 977 647 998 earum
670 970 757 997 erunt
776 968 883 1003 decem,
908 970 934 998 et
962 967 1050 999 bases
1067 977 1175 998 earum

207 1012 314 1043 decem.
362 1011 410 1041 13.
436 1010 475 1041 In
500 1010 664 1041 latitudine
685 1020 755 1041 vero
775 1011 851 1041 atrii
871 1011 904 1041 in
922 1010 1015 1041 latere
1033 1010 1174 1041 orientali

206 1054 247 1085 aul
269 1054 422 1089 orientem,
447 1054 675 1093 quinquaqinta
697 1053 791 1084 cubiti
814 1056 910 1084 erunt.
968 1053 1015 1084 14.
1044 1053 1174 1092 Quinde-

205 1098 265 1129 cim
289 1099 388 1127 (nutem
412 1097 579 1127 cubitorum
602 1099 692 1127 erimt
713 1097 848 1128 cortinae
871 1096 959 1127 lateri
971 1096 1043 1127 uni:
1064 1096 1175 1127 colurn-

205 1150 264 1171 nae
299 1150 408 1171 earum
436 1142 511 1176 tres,
542 1139 689 1178 basesque
724 1149 832 1170 carum
867 1142 937 1170 tres.
985 1139 1032 1170 15.
1070 1139 1174 1170 Lateri

203 1193 272 1214 rero
305 1183 435 1213 secundo
470 1182 644 1221 quindecim
677 1183 830 1213 cortinae.-
871 1182 1029 1213 columnae
1068 1191 1174 1212 earum

204 1229 273 1263 tres,
297 1228 323 1256 et
345 1225 433 1256 bases
454 1235 563 1256 earum
586 1228 655 1255 tres.
703 1225 751 1256 16.
783 1225 826 1256 Et
842 1228 952 1264 portae
975 1225 1050 1256 atrii
1073 1225 1174 1264 (lispo-

202 1271 292 1300 netur
314 1268 460 1299 aulaeum
481 1269 592 1308 viqinti
615 1268 784 1299 cubitorum
803 1279 839 1299 er
862 1267 1030 1308 hyacintho,
1054 1270 1080 1299 et
1091 1278 1172 1306 pur-

197 1323 301 1353 pura,
325 1314 351 1342 et
373 1311 536 1343 vermiculo
559 1312 650 1345 cocci,
673 1314 701 1342 et
719 1311 807 1352 bysso
829 1314 957 1347 retorta,
990 1320 1077 1349 opere
1102 1320 1171 1341 acu-

196 1355 343 1396 pictoris.-
360 1354 517 1385 columnae
529 1364 636 1385 earum
649 1357 789 1393 quatuor,
807 1354 954 1393 basesque
972 1363 1078 1384 earum
1096 1363 1171 1393 qua-

201 1402 279 1429 tuor.
327 1398 374 1428 17.
409 1397 521 1429 Omnes
549 1397 706 1428 columnae
735 1397 812 1428 atrii
842 1397 876 1428 in
904 1396 1036 1428 circuitu
1058 1397 1171 1427 cinctae

201 1444 290 1473 erunt
313 1443 453 1481 arqento:
475 1440 620 1479 capitella
643 1450 712 1471 vero
734 1450 842 1471 earum
865 1441 952 1470 erunt
970 1441 1120 1479 arqentea,
1144 1441 1172 1469 et

202 1484 290 1516 bases
312 1494 419 1514 earum
442 1493 557 1514 aereae.
605 1483 653 1514 18.
680 1483 853 1523 Lonqitudo
876 1482 951 1513 atrii
976 1483 1033 1513 erit
1054 1484 1169 1513 eentum

203 1527 388 1565 cubitorum,
420 1529 445 1557 et
467 1526 597 1557 latitudo
619 1526 848 1566 quinquaqinta
871 1526 905 1556 in
934 1525 1170 1565 quinquaqinta:

203 1570 333 1602 altitudo
357 1572 457 1601 autem
480 1570 613 1609 quinque
635 1569 822 1600 cubitorum:
844 1579 881 1600 ex
899 1568 987 1608 bysso
1009 1570 1121 1599 retorta
1145 1569 1171 1597 et

201 1613 289 1644 bases
312 1623 420 1643 earum
444 1622 562 1644 aereae.
616 1612 664 1643 19.
693 1612 807 1643 Omnia
829 1621 907 1643 vasa
929 1610 1116 1642 tabernaculi
1137 1610 1170 1641 in

201 1656 283 1687 omni
306 1656 479 1686 ministerio
501 1656 584 1691 eius,
619 1658 645 1686 et
667 1664 770 1686 omnes
789 1655 909 1694 paxilli
932 1655 999 1685 eius
1022 1656 1048 1685 et
1070 1662 1172 1685 omnes

194 1699 315 1739 parilii
336 1699 426 1734 atrii,
456 1709 493 1729 er
516 1709 595 1729 aere.

287 1784 315 1816 9.
342 1784 453 1815 Facies
483 1785 611 1823 insuper
639 1784 764 1815 atrium.
818 1784 891 1814 Duo
920 1788 1013 1814 erant
1044 1782 1126 1813 atria
1154 1793 1172 1813 a

203 1828 389 1859 sanctuario
402 1827 515 1865 divisa,
539 1837 639 1857 unum
660 1827 867 1865 sacerdotale,
880 1826 1018 1857 alterum
1030 1835 1171 1856 commu-

203 1882 243 1901 ne
267 1871 365 1901 totius
389 1870 507 1910 populi.
554 1870 662 1901 Priori
686 1880 815 1900 annexa
838 1873 933 1900 erant
956 1868 1112 1903 cubicula,
1137 1868 1170 1898 in

202 1914 318 1954 quibus
342 1913 502 1953 degebant
517 1913 653 1944 Levitae
673 1912 873 1943 tabernaculi
892 1912 1048 1943 custodes.
1093 1910 1170 1941 Ideo

202 1957 372 1996 aliquoties
393 1956 475 1986 atria
495 1961 662 1996 ponuntur
681 1966 817 1986 numero
830 1955 957 1995 plurali,
981 1959 1012 1985 et
1030 1954 1170 1984 maxime

202 1999 234 2030 in
260 1999 399 2030 Psalmis
422 1998 522 2040 (Psal.
548 1999 597 2035 65,
618 1999 646 2030 5.
683 1999 732 2037 84,
752 1999 780 2029 2.
815 1998 865 2036 92,
888 1998 935 2029 14.
971 1997 1020 2034 96,
1041 1996 1081 2038 8).
1106 1996 1170 2027 Hic

204 2043 242 2073 de
272 2042 353 2073 atrio
385 2043 492 2082 populi
524 2043 648 2082 agitur,
681 2042 735 2073 ubi
759 2042 908 2072 victimas
930 2040 1169 2076 consecrabant,

203 2085 428 2125 concipiebant
458 2090 550 2121 vota,
586 2090 618 2115 et
652 2085 722 2116 Deo
753 2084 1054 2116 reconciliabantur.
1100 2082 1170 2113 Hoc

202 2128 330 2168 quidem
355 2128 448 2158 modo
472 2128 628 2159 Israelitis
653 2135 780 2159 ostensa
810 2127 871 2158 fuit
899 2127 1065 2157 hominum
1094 2135 1169 2156 eonâ€”

203 2171 290 2209 ditio,
310 2182 407 2211 quum
428 2171 467 2202 ab
487 2172 634 2211 ingressu
655 2171 767 2211 templi
787 2169 1049 2210 prohiberentur:
1073 2168 1168 2199 simul

203 2219 311 2245 tamen
336 2214 492 2244 admoniti
523 2215 670 2251 fuerunt,
701 2214 849 2244 homines
880 2211 1089 2253 quantumvis
1119 2211 1167 2241 in-

203 2256 317 2296 dignos
349 2262 380 2287 et
411 2257 591 2294 reiectitios,
623 2267 640 2287 a
671 2257 740 2288 Deo
763 2256 901 2294 admitti,
933 2255 1026 2286 modo
1049 2253 1169 2293 suppli-

202 2300 282 2330 citer
305 2305 335 2330 et
359 2310 422 2340 qua
446 2300 537 2331 decet
571 2300 755 2330 humilitate
784 2300 889 2340 ipsum
918 2301 1088 2338 quaerant,
1118 2297 1168 2326 in-

203 2343 370 2382 dignitatis
405 2354 480 2374 suae
516 2353 682 2373 memores.
729 2343 815 2373 Hine
845 2342 994 2373 solatium
1020 2339 1099 2370 illud
1130 2339 1169 2370 de

203 2396 263 2424 quo
293 2386 450 2425 gloriatur
483 2385 588 2416 David
619 2386 718 2426 (Psal.
757 2385 806 2421 84,
839 2384 907 2426 11):
944 2383 1025 2414 Mihi
1059 2382 1195 2422 potius.

202 2436 249 2459 est
280 2429 426 2458 habitare
457 2429 489 2459 in
519 2429 608 2459 atriis
640 2428 773 2458 Domini
803 2438 899 2467 quam
929 2427 961 2457 in
992 2424 1169 2465 splendidis

202 2472 347 2502 tentoriis
372 2471 552 2511 impiorum.
594 2472 693 2502 Porro
718 2471 932 2511 compositum
957 2474 1026 2499 erat
1050 2467 1167 2498 atrium

202 2524 239 2544 ex
265 2520 402 2553 quatuor
425 2515 573 2545 cortinis:
607 2525 741 2554 quarum
767 2514 849 2544 duae
882 2524 899 2543 a
922 2510 1077 2543 lateribus
1101 2521 1168 2540 ver-

201 2567 255 2586 sus
287 2557 454 2587 meridiem
480 2563 508 2587 et
535 2558 733 2597 aquilonem,
766 2562 920 2588 centenos
948 2554 1069 2586 cubitos
1101 2553 1167 2583 lon-

201 2610 258 2637 gae
283 2607 384 2635 erant,
410 2607 441 2630 ct
463 2601 620 2630 volumnis
642 2601 762 2631 vicenis
783 2598 1006 2633 fulciebantur,
1031 2606 1168 2635 quarum

201 2642 293 2672 bases
318 2647 410 2672 erant
434 2653 567 2680 aeneae,
599 2643 746 2683 capitella
778 2652 850 2673 eum
874 2640 1028 2672 cincturis
1052 2649 1168 2679 argen-

910 190 1161 224 SECUNDUM
1184 192 1504 225 PRAECEPTUM.

2136 193 2201 225 420

1236 290 1299 317 tea:
1332 286 1370 317 ad
1400 287 1556 318 orientem
1593 296 1670 317 vero
1704 290 1736 317 et
1768 295 1916 317 occasum
1947 286 2095 327 singulae
2128 298 2198 319 cor-

1234 329 1319 360 tinae
1343 329 1578 370 quinquaginta
1608 330 1789 360 cubitorum
1821 331 1929 366 erant,
1960 333 1991 359 et
2015 329 2123 361 decem
2146 340 2198 362 co-

1233 372 1353 404 lumnis
1375 372 1535 403 suffultae.
1578 371 1833 412 Longitudinem
1857 381 1932 401 vero
1955 371 2108 413 intellige,
2131 384 2196 404 non

1232 425 1250 445 a
1274 420 1360 445 terra
1383 426 1528 453 sursum,
1561 415 1615 446 sed
1644 415 1730 445 inter
1759 413 1838 444 duos
1868 414 2003 454 angulos
2025 416 2195 454 oppositos.

1233 458 1360 488 Atrium
1398 458 1483 488 enini
1522 457 1654 488 dimidio
1689 457 1816 497 longius
1849 466 1945 496 quam
1974 456 2075 488 latum
2109 462 2193 490 erat:

1231 501 1324 531 sicuti
1348 500 1466 531 dicitur
1491 511 1585 531 versu
1609 500 1659 531 28.
1684 499 1778 538 Quod
1802 503 1912 539 postea
1935 499 1998 530 duo
2021 499 2125 531 latera
2147 511 2196 532 re-

1231 552 1340 574 censet
1370 543 1492 580 Moses,
1522 547 1554 574 et
1583 543 1698 582 cuique
1729 542 1873 582 assignat
1896 541 2077 582 quindecim
2108 542 2195 574 eubi-

1230 589 1293 623 tos,
1328 587 1467 626 speciem
1502 586 1633 616 haberet
1667 584 1916 625 repugnantiae,
1946 584 2009 616 nisi
2041 585 2195 618 continuo

1230 634 1302 667 post
1324 628 1494 660 subiiceret
1519 628 1676 665 aulaeum,
1701 627 1750 659 vel
1775 627 1942 664 cortinam,
1967 637 2047 667 quae
2066 628 2196 669 tegebat

1229 676 1354 711 portam
1379 671 1468 709 atrii,
1502 671 1554 702 eui
1578 671 1725 701 attribuit
1749 670 1862 710 viginti
1886 669 2017 702 cubitos.
2062 671 2114 702 Ita
2145 681 2194 702 re-

1230 713 1368 754 spondet
1389 714 1474 745 iusta.
1497 723 1656 744 mensura.
1681 712 1814 752 Optime
1837 720 1945 744 autem
1968 713 2103 752 quadrat
2120 723 2195 745 con-

1228 761 1350 788 textus:
1382 762 1549 796 postquam
1584 756 1669 787 enini
1704 755 1788 786 dixit
1820 766 1915 786 versu
1948 755 1997 793 13,
2035 757 2194 788 cortinam

1227 809 1307 839 quae
1330 800 1493 839 spectabat
1518 809 1632 829 versus
1656 798 1831 836 orientem,
1862 802 2009 829 constare
2039 800 2194 839 quinqua-

1227 842 1317 883 ginta
1341 842 1472 879 cubitis,
1508 842 1671 882 exegetice
1695 840 1841 882 adiungit
1867 841 1946 872 duas
1968 841 2067 873 fuisse
2096 842 2192 874 corti-

1227 895 1284 916 nas
1315 895 1334 915 a
1357 885 1510 915 lateribus
1534 891 1659 924 portae,
1688 884 1817 914 tertiam
1847 883 1946 915 fuisse
1968 884 2108 915 mediam
2132 895 2194 925 qua

1227 927 1397 967 tegebatur
1417 932 1518 967 porta,
1543 931 1578 957 ut
1604 932 1669 958 tres
1696 927 1862 958 efficerent
1880 927 2115 967 quinquaginta
2137 938 2193 959 cu-

1227 971 1317 1001 bitos.
1353 971 1453 1001 Porta
1473 978 1578 1000 autem
1600 980 1657 1000 suo
1678 969 1791 1000 aulaeo
1810 969 1935 1000 obtecta
1954 975 2033 1008 erat,
2052 973 2088 1001 ut
2106 970 2192 1010 apud

1225 1024 1259 1043 se
1278 1017 1467 1053 reputarent
1490 1012 1664 1047 Israelitae,
1689 1013 1812 1052 quoties
1835 1013 2055 1043 sanctuarium
2081 1013 2189 1054 ingre-

1225 1055 1410 1093 diebantur,
1446 1066 1507 1086 non
1540 1066 1608 1086 esse
1632 1055 1801 1095 profanum
1825 1055 1876 1086 vel
1902 1055 2120 1095 promiscuum
2144 1055 2189 1087 lo-

1225 1109 1312 1129 cum:
1339 1099 1365 1129 si
1390 1109 1464 1129 vero
1488 1098 1559 1138 puri
1581 1103 1611 1128 et
1633 1098 1712 1128 casti
1733 1098 1809 1128 illuc
1830 1098 1986 1136 venirent,
2011 1102 2098 1130 certo
2116 1109 2190 1139 per-

1225 1141 1312 1172 suasi
1336 1146 1444 1172 essent
1468 1152 1500 1171 se
1524 1140 1587 1171 Dei
1611 1141 1807 1180 protectione
1831 1145 1917 1172 tutos
1935 1145 1967 1172 et
1985 1141 2090 1173 salvos
2109 1151 2190 1173 esse.

1225 1183 1374 1224 Denique
1398 1189 1429 1214 et
1451 1194 1614 1215 sacrorum
1639 1183 1788 1215 maiestas
1819 1184 1876 1215 sub
1906 1184 1965 1215 hac
1988 1184 2103 1215 umbra
2125 1184 2190 1216 illis

1225 1231 1354 1258 ostensa
1384 1227 1460 1263 fuit,
1497 1237 1557 1266 quo
1587 1232 1774 1257 reverenter
1807 1227 1846 1257 ad
1878 1226 1983 1257 Deum
2019 1226 2189 1258 colendum

1226 1270 1431 1301 accederent:
1455 1273 1487 1301 et
1510 1269 1548 1300 de
1571 1279 1628 1299 sua
1652 1269 1844 1310 indignitate
1868 1270 1999 1301 fuerunt
2022 1270 2188 1308 admoniti,

1224 1323 1286 1352 quo
1310 1313 1412 1353 magis
1435 1323 1469 1343 se
1492 1312 1702 1343 humiliarent
1724 1322 1830 1344 coram
1854 1313 1940 1350 Deo,
1970 1317 2001 1343 et
2024 1313 2190 1353 poeniten-

1224 1356 1300 1386 tiam
1325 1356 1471 1396 gigneret
1497 1360 1616 1393 metuS,
1648 1359 1679 1386 et
1711 1355 1937 1387 commendata
1966 1355 2031 1386 illis
2054 1356 2116 1386 fuit
2137 1365 2189 1386 sa-

1222 1398 1331 1438 piendi
1366 1397 1535 1435 sobrietas,
1570 1407 1611 1428 ne
1645 1397 1730 1429 ultra
1760 1399 1891 1429 modum
1922 1403 2031 1429 essent
2061 1398 2189 1430 curiosi.

1223 1441 1379 1472 Gentium
1409 1441 1506 1472 etiam
1536 1441 1635 1472 sacris
1663 1441 1798 1472 fuerunt
1827 1452 1885 1472 sua
1915 1440 2012 1482 adyta
2044 1440 2078 1472 in
2102 1440 2189 1472 hunc

1223 1485 1336 1515 finem:
1360 1483 1413 1515 sed
1438 1483 1532 1524 longe
1555 1482 1683 1514 diversa
1705 1484 1798 1515 ratio.
1823 1484 1927 1515 Bruta
1947 1484 2032 1515 enim
2055 1483 2119 1514 fuit
2139 1493 2190 1515 re-

1223 1527 1315 1567 ligio,
1345 1527 1395 1558 cui
1425 1537 1465 1557 ex
1495 1526 1637 1557 tenebris
1668 1531 1700 1557 et
1722 1527 1924 1568 ignorantiae
1954 1526 2188 1567 integumentis

1223 1570 1388 1601 veneratio
1411 1569 1555 1609 quaesita
1577 1569 1648 1600 fuit.
1684 1569 1775 1601 Deus
1792 1576 1899 1601 autem
1919 1569 2074 1610 populum
2093 1580 2188 1601 suum

1222 1613 1255 1643 in
1279 1611 1434 1643 modestia
1461 1616 1491 1642 et
1514 1612 1719 1652 simplicitate
1745 1613 1928 1650 continens,
1964 1613 2067 1652 legem
2091 1612 2188 1644 simul

1221 1656 1401 1696 proposuit,
1436 1665 1475 1686 ex
1507 1665 1569 1695 qua
1599 1654 1760 1687 discerent
1790 1660 1945 1697 quantum
1969 1655 2052 1687 scire
2078 1655 2127 1686 fas
2157 1658 2190 1686 et

1224 1698 1302 1729 utile
1326 1702 1404 1730 erat.

1512 1869 1575 1900 EX
1600 1869 1749 1901 EXODI
1767 1869 1899 1901 XXIX.

1307 1954 1356 1985 36.
1383 1954 1550 1986 Iuvencunz
1566 1964 1626 1994 pro
1645 1957 1769 1993 peccato
1790 1954 1889 1994 facies
1910 1955 1945 1985 in
1967 1954 2105 1995 sinqulos
2123 1955 2190 1987 dies

1215 2007 1276 2036 pro
1300 1997 1540 2036 expiationibus:
1569 2000 1596 2028 et
1618 1997 1760 2036 expiabis
1783 1998 1881 2028 altare
1898 1997 2053 2036 expiando
2075 1998 2190 2037 ipsurm

1220 2051 1371 2080 unqesque
1394 2040 1474 2071 illud
1497 2041 1538 2071 acl
1560 2041 1665 2078 ipsum
1687 2040 1949 2079 sanctificandum.
1991 2039 2041 2071 37.
2068 2040 2188 2080 Septem

1221 2083 1326 2114 (liebus
1354 2083 1495 2122 eoepiabis
1524 2082 1624 2114 altare
1653 2085 1680 2113 et
1709 2082 1917 2121 ,sanctificabis
1945 2082 2041 2113 illud:
2073 2083 2188 2123 eritque

1220 2127 1366 2156 sanctitas
1391 2126 1602 2157 sanctitatum:
1625 2125 1778 2165 quidquid
1796 2125 1925 2166 tetiqerit
1944 2126 2050 2163 altare,
2074 2127 2189 2158 sancti-

1217 2169 1367 2207 ficabitur.

1193 2246 1195 2287 l
1306 2254 1355 2285 36.
1384 2254 1548 2285 Iuvencuni
1565 2263 1626 2292 pro
1644 2256 1775 2292 peccato.
1821 2252 1930 2292 Quum
1962 2257 2055 2284 vetus
2086 2253 2188 2286 altare

1193 2291 1282 2327 'non
1318 2298 1425 2327 minus
1459 2296 1582 2328 Christi
1623 2296 1720 2327 fuerit
1761 2296 1865 2336 figura
1899 2306 1992 2335 quam
2028 2296 2187 2335 sacerdos,

1193 2347 1195 2362 â´
1221 2340 1330 2378 quaeri
1355 2340 1468 2370 merito
1492 2343 1604 2379 potest,
1629 2338 1702 2379 quid
1727 2338 1786 2369 sibi
1812 2338 1887 2369 velit
1911 2339 2064 2378 expiatio,
2101 2349 2137 2370 ac
2160 2340 2187 2371 si

1220 2382 1295 2421 quid
1321 2383 1351 2412 in
1375 2383 1506 2413 Christo
1530 2382 1693 2422 impurum
1725 2386 1809 2412 esset
1834 2381 1882 2411 vel
1906 2381 2073 2421 pollutum.
2122 2382 2188 2414 Sed

1221 2425 1398 2455 tenendum
1424 2431 1471 2456 est
1493 2424 1576 2464 quod
1600 2425 1690 2465 prius
1714 2424 1815 2465 attigi,
1840 2424 1964 2454 nullum
1990 2424 2094 2455 simile
2118 2436 2187 2457 esse

1220 2468 1314 2498 idem.
1357 2468 1467 2507 Neque
1491 2468 1578 2498 enim
1601 2473 1678 2498 tunc
1701 2467 1734 2497 in
1758 2478 1817 2498 sua
1840 2467 2036 2507 perfectione
2060 2478 2187 2507 reprae-

1193 2511 1195 2527 â€
1220 2511 1340 2541 sentari
1366 2511 1471 2550 potuit
1490 2511 1678 2541 umbrarum
1699 2509 1880 2541 substantia
1892 2515 1922 2539 ct
1943 2510 2073 2542 veritas.
2097 2510 2187 2542 Haeo

1194 2556 1195 2572 l
1221 2557 1330 2583 tamen
1355 2558 1430 2593 apta
1456 2553 1515 2584 fuit
1540 2553 1726 2590 similitudo,
1758 2564 1822 2583 non
1848 2552 1940 2583 aliter
1960 2552 2067 2584 Deum
2094 2563 2187 2593 posse

1194 2605 1195 2614 Â¹
1221 2598 1330 2635 generi
1357 2596 1498 2626 humano
1522 2596 1697 2636 propitiari,
1717 2606 1810 2635 quam
1837 2595 2017 2635 expiatione
2042 2606 2098 2635 per
2113 2607 2188 2627 san-

1194 2644 1196 2662 t
1221 2639 1352 2678 guinem
1377 2640 1467 2670 facta.
1501 2639 1570 2669 Hac
1596 2639 1719 2669 ratione
1743 2649 1805 2669 non
1833 2643 1960 2669 tantum
1984 2639 2116 2679 purgari
2141 2639 2189 2670 alÎ‡-
