2304 3034
140 190 198 220 117

139 282 308 314 dammodo
348 281 472 322 polluat
512 290 570 311 sua
608 277 842 309 incredulitate.
897 275 980 306 Nam
1016 275 1100 306 sicut

139 330 215 357 ante
238 324 348 356 docuit
371 335 434 355 non
459 333 551 363 posse
580 320 758 360 legitimum
790 319 914 350 cultum
940 328 958 348 a
981 317 1098 364 populo

137 368 296 409 praestari
315 367 375 398 nisi
394 371 485 397 extra
504 366 699 404 Aegyptum,
719 362 764 393 sie
783 371 869 392 nune
890 359 1097 391 solitudinem

138 410 265 450 quaerit
288 409 326 440 ad
351 407 559 449 precandum:
583 411 678 445 atque
700 404 745 435 ita
770 403 828 434 loci
849 403 1003 433 distantia
1026 412 1098 441 pro-

139 453 250 484 fanum
292 462 360 483 esse
400 451 503 482 locum
541 447 682 479 ostendit
715 446 770 476 ubi
803 445 927 476 habitat
960 445 1098 475 Pharao.

139 495 293 526 Diximus
316 498 422 525 autem
445 501 543 532 supra
556 490 667 520 Mosen
688 488 768 519 nihil
792 488 979 528 promittere
999 493 1099 517 teme-

138 538 223 569 rario
246 536 402 577 impulsu,
429 534 482 565 sed
507 533 557 564 vel
581 532 713 571 spiritus
737 531 911 568 instinctu,
937 530 985 560 vel
1011 534 1099 560 certo

139 580 267 611 oraculo
288 579 435 609 edoctum
458 575 674 617 pronunciare
696 573 869 604 autoritate
899 573 1097 612 prophetica,

139 622 213 663 quid
243 622 384 653 facturus
415 620 455 650 sit
478 617 575 648 Deus.
622 617 722 647 Porro
753 626 817 646 non
847 616 903 646 abs
934 626 967 645 re
991 615 1099 646 Moses

140 675 181 696 ex
222 674 341 704 poenae
380 661 566 692 remissione
606 659 809 689 Pharaonem
851 658 972 688 sentire
1012 657 1101 687 iubet

138 707 245 738 Deum
269 705 397 737 Israelis
420 713 488 734 esse
511 701 673 732 dominum
700 701 851 741 Aegypti.
884 700 968 731 Nam
992 706 1097 730 terrae

137 760 254 781 nomen
278 749 328 779 hic
351 746 477 778 videtur
502 744 654 783 restringi
678 743 718 773 ad
745 747 939 783 Aegyptum.
986 742 1098 781 Quan—

139 802 234 832 quam
268 801 330 821 non
364 789 485 819 infitior
519 786 557 817 de
591 792 656 817 toto
691 786 767 816 orbe
800 785 965 816 commode
1006 795 1098 824 posse

139 833 290 874 intelligi:
325 841 451 867 verum,
490 829 652 860 utrumvis
694 829 807 868 eligas,
848 833 935 859 recte
975 828 1099 867 colligit

139 877 258 913 Moses,
289 874 424 914 perfecte
449 872 509 903 Dei
537 872 671 911 gloriam
703 878 733 901 et
759 871 927 910 imperium
952 871 1097 910 patefieri

138 919 192 950 ubi
214 928 277 948 non
301 922 424 947 tantum
448 925 566 954 poenas
596 914 770 954 irrogando
800 913 919 944 vindex
956 918 1097 953 apparet,

138 961 191 992 sed
216 960 309 990 simul
334 970 372 990 ex
402 958 545 997 opposito
570 956 784 994 demonstrat,
808 956 966 987 elementa
990 956 1098 986 onmia

137 1014 215 1034 suae
239 1002 462 1033 beneficentiae
481 999 613 1030 servire.
657 999 705 1030 Ad
727 999 813 1034 haee,
834 999 887 1029 ubi
909 998 1098 1029 vulneribus

137 1056 217 1085 quae
240 1044 357 1075 inflixit
380 1043 461 1073 idem
476 1042 565 1072 Deus
585 1041 739 1077 medetur,
764 1042 882 1072 clarius
906 1041 980 1072 inde
1004 1042 1098 1071 inno-

137 1088 230 1119 tescit
248 1087 316 1117 eius
336 1085 485 1126 potentia.
516 1084 655 1124 Ideoque
668 1084 752 1124 apud
768 1084 880 1115 isaiam
896 1083 970 1124 (Isa.
984 1085 1034 1121 41,
1047 1084 1096 1115 23.

137 1134 170 1161 et
190 1130 240 1167 45,
272 1128 312 1170 7),
343 1127 525 1168 probandae
556 1138 632 1158 suae
663 1127 840 1157 divinitatis
874 1137 986 1163 causa,
1019 1128 1097 1158 haec

136 1172 198 1203 duo
220 1171 413 1204 coniunctim
437 1171 536 1210 ponit,
560 1170 640 1201 iuris
663 1171 712 1201 sui
736 1180 805 1200 esse
828 1174 859 1200 et
881 1170 1005 1200 arbitrii
1031 1176 1094 1200 tam

134 1215 214 1246 bene
237 1224 332 1253 quam
356 1213 438 1243 male
462 1213 574 1243 faeere.

218 1257 267 1287 30.
298 1256 397 1295 Atqui
428 1255 463 1285 de
492 1257 518 1285 te
547 1258 574 1285 et
602 1255 700 1285 serris
729 1255 791 1285 tuis
820 1265 967 1294 cognosco.
1014 1255 1093 1285 Tam

135 1300 233 1331 libera
267 1298 447 1338 obiurgatio
481 1298 565 1328 clare
599 1297 799 1328 demonstrat.
835 1303 954 1337 quanta
995 1298 1094 1328 animi

135 1341 359 1382 magnitudine
381 1339 545 1380 praeditus
569 1340 666 1370 fuerit
689 1346 820 1371 sanctus
842 1340 1015 1380 propheta:
1040 1341 1093 1380 qui

134 1384 298 1424 imperiosi
331 1388 363 1414 et
395 1383 533 1414 crudelis
567 1383 696 1422 tyranni
730 1383 869 1413 furorem
906 1394 961 1422 pro
993 1383 1093 1414 nihilo

135 1427 254 1459 ducens
275 1426 448 1466 impietatis
471 1436 545 1456 eum
569 1436 641 1456 cum
667 1431 731 1455 10111
755 1425 827 1456 1111111
852 1425 1004 1456 damnare
1027 1436 1092 1456 non

135 1469 268 1501 dubitat.
313 1469 379 1500 Nec
409 1478 485 1499 sane
515 1468 648 1499 dubium
679 1472 727 1499 est
758 1468 865 1499 Deum
900 1468 1093 1499 mirabiliter

134 1512 366 1552 compescuisse
388 1514 435 1541 tot
458 1521 572 1542 saevas
596 1511 724 1548 bestias,
749 1510 825 1541 dum
848 1521 965 1542 manus
994 1511 1092 1542 absti-

134 1561 213 1586 nent
246 1566 264 1586 a
294 1555 399 1585 Mose:
434 1554 508 1594 quia
541 1554 776 1593 temperantiae
810 1553 862 1584 vel
897 1553 1091 1584 humanitati

134 1597 232 1628 tribui
253 1607 317 1628 non
340 1601 445 1636 potest
467 1596 549 1636 quod
573 1607 637 1627 non
658 1597 778 1627 centies
797 1597 904 1637 ipsum
924 1597 1092 1627 interfece-

133 1641 200 1671 rint
222 1640 368 1671 homines
390 1639 506 1678 alioqui
532 1639 603 1678 plus
627 1650 722 1679 quam
747 1639 964 1679 sanguinarii,
995 1650 1092 1679 quum

133 1693 187 1714 eos
206 1687 271 1713 tam
295 1682 406 1713 acerbe
433 1682 612 1713 lacesseret.
660 1681 833 1713 Caeterum
866 1693 905 1713 ex
936 1682 994 1713 hac
1019 1693 1092 1713 eon-

134 1726 254 1757 stantia
287 1725 381 1756 etiam
417 1729 505 1765 patet
539 1730 736 1764 quantopere
771 1724 957 1764 profecisset
990 1725 1092 1764 posito

134 1768 294 1799 tirocinio:
324 1768 396 1807 quia
417 1772 491 1798 ante
510 1767 606 1807 longe
626 1778 643 1797 a
663 1768 800 1798 telorum
821 1768 906 1798 iaetu
928 1768 959 1797 in
978 1767 1093 1798 umbra

133 1811 284 1850 trepidus,
308 1821 395 1841 nunc
416 1810 449 1840 in
474 1811 629 1840 acerrimo
653 1811 802 1841 conflictu
828 1810 906 1840 nihil
932 1810 1093 1841 formidat.

133 1853 252 1884 Merito
275 1858 381 1883 autem
405 1860 502 1893 negat
526 1853 630 1883 Deum
660 1854 774 1884 timere
798 1853 993 1893 Aegyptios:
1019 1854 1093 1892 quia

132 1895 267 1926 formido
291 1900 323 1925 et
345 1895 458 1925 horror
481 1905 544 1926 non
569 1906 697 1936 semper
728 1896 853 1926 animos
887 1895 1029 1926 formant
1052 1896 1090 1926 ad

132 1938 346 1969 reverentiam
366 1938 550 1977 iustumque
568 1938 766 1977 obsequium.
802 1939 882 1969 Nam
905 1939 943 1968 de
967 1939 1092 1969 sincero

131 1982 246 2012 timore
270 1980 411 2020 loquitur
423 1981 541 2018 Moses,
563 1981 616 2020 qui
642 1992 698 2011 nos
718 1981 787 2011 Deo
811 1982 939 2020 penitus
963 1981 1091 2012 addicit.

132 2023 205 2062 Qua
228 2023 352 2054 ratione
377 2029 509 2054 vocatur
532 2024 705 2063 sapientia,
740 2030 773 2054 et.
796 2029 891 2063 caput
915 2024 1092 2063 sapientiae

133 2065 239 2107 (Prov.
269 2067 296 2102 1,
328 2066 356 2096 Τ.
388 2066 505 2096 Ρ5111111.
540 2066 608 2101 111,
643 2066 703 2107 10).
750 2067 951 2106 Hypocritae
982 2072 1090 2097 autom

132 2108 279 2148 quamvis
312 2114 531 2148 expavescant
563 2109 601 2139 ad
639 2108 699 2139 Dei
734 2120 868 2145 nomen,
903 2109 1091 2149 longissime

133 2156 239 2182 tamen
280 2151 397 2181 absunt
430 2161 448 2181 11
482 2152 664 2182 voluntario
704 2154 772 2182 eius
812 2152 935 2183 colendi
973 2151 1089 2183 studio.

133 2192 256 2232 Quare,
287 2204 325 2223 ne
354 2194 459 2224 inanis
482 2194 671 2234 imaginatio
702 2205 758 2224 nos
789 2195 895 2232 sallat,
927 2195 1089 2226 discamus

133 2245 245 2266 sensus
285 2246 394 2266 omnes
426 2242 552 2267 nostros
583 2237 681 2276 probe
714 2242 879 2274 excutere,
914 2244 946 2267 et
979 2237 1089 2268 sedulo

134 2278 294 2316 inquirere
307 2278 340 2308 in
352 2288 463 2310 omnes
482 2280 643 2310 flexuosos
657 2290 809 2315 recessus,
823 2280 939 2320 quibus
952 2281 1088 2311 refertae

134 2324 208 2351 sunt
226 2330 260 2350 ae
278 2320 456 2351 incredibili
475 2322 569 2353 modo
588 2323 760 2362 implicitae
780 2323 940 2353 humanae
954 2328 1087 2354 mentes.

135 2362 309 2400 Quaeritur
331 2369 436 2394 tamen
460 2365 616 2404 quomodo
639 2364 855 2404 deprecatoris
879 2376 998 2395 munus
1018 2377 1087 2395 sus-
1112 2382 1114 2392 1

135 2405 239 2443 cipiat,
263 2404 316 2434 ubi
340 2406 458 2436 nullam
482 2407 565 2437 videt
584 2408 849 2447 resipiscentiam.
885 2407 1086 2447 Respondco,

135 2458 198 2477 non
222 2447 266 2476 ita
290 2447 386 2477 fuisse
408 2448 531 2479 facilem
563 2455 599 2480 ut
630 2457 774 2489 parceret
803 2451 893 2490 quasi
925 2456 1087 2487 exoratus,

136 2488 190 2519 sed
232 2488 384 2519 modicam
424 2490 692 2523 intermissionem
735 2493 876 2530 dedisse,
918 2492 1017 2523 donec
1054 2504 1087 2524 50

136 2542 247 2561 rursus
270 2531 418 2570 proderet
440 2534 522 2573 regis
545 2535 702 2574 impietas⁷
727 2542 821 2575 atque
844 2536 889 2566 ita
913 2536 1088 2575 compleret

135 2574 225 2604 Deus
248 2573 329 2612 quod
354 2575 553 2613 praedixerat
576 2577 613 2607 de
636 2578 784 2608 omnibus
808 2578 919 2618 plagis.
969 2578 1088 2609 Absur-

136 2615 212 2646 dum
236 2615 335 2655 igitur
358 2624 405 2647 est
426 2617 506 2657 quod
530 2619 656 2658 quidam
687 2620 745 2651 hoe
772 2626 942 2660 praetextu
976 2622 1087 2651 volunt

727 180 1093 215 COMMENTARIUS
1118 180 1163 211 IN
1189 181 1336 212 EXODI
1360 181 1457 212 CAP.
1482 181 1524 212 X.

2059 183 2121 214 118

1153 275 1316 306 ministros
1351 275 1442 306 verbi
1476 282 1508 307 et
1541 280 1686 316 pastores
1718 276 1803 307 nuda
1838 275 2010 307 verborum
2041 287 2116 308 eon-

1152 316 1289 348 fessione
1313 328 1383 349 esse
1405 323 1587 349 contentos:
1617 318 1744 358 quando
1768 329 1831 350 non
1856 323 1921 350 tam
1945 318 1984 349 ad
2008 318 2117 359 ignos-

1151 359 1288 390 cendum
1313 371 1490 400 propensus
1514 366 1563 392 est
1585 361 1694 392 Moses
1725 372 1820 402 quam
1851 362 1939 393 viam
1963 361 2117 402 patefacit

1152 402 1285 442 reliquis
1309 402 1371 433 Dei
1396 403 1530 435 iudiciis.

1237 444 1287 476 33.
1308 445 1424 476 Linum
1442 449 1469 476 et
1488 446 1643 477 hordeum.
1677 447 1800 477 Narrat
1821 446 1897 486 quid
1920 446 2116 478 calamitatis

1150 487 1297 517 intulerit
1329 488 1467 528 grando:
1503 496 1535 520 et
1568 489 1658 520 docet
1693 494 1820 529 partem
1850 489 1980 529 frugum
2015 489 2115 521 fuisse

1152 535 1385 569 consumptam,
1408 541 1487 570 quae
1511 531 1633 563 seilicet-
1655 532 1719 562 iam
1744 536 1968 563 assurrexerat
1990 531 2023 562 in
2047 532 2115 563 cul-

1151 582 1236 615 mos:
1258 573 1380 604 semina
1401 584 1476 604 vero
1495 584 1575 613 quae
1595 574 1718 605 tardius
1737 582 1874 615 surgunt
1895 575 1995 605 fuisse
2015 575 2115 607 salva.

1154 614 1252 654 Spem
1276 616 1361 646 enim
1385 616 1546 647 residuam
1571 616 1646 647 dare
1670 617 1771 648 voluit
1794 618 1898 653 Deus,
1926 627 2007 657 quae
2030 617 2116 648 invi-

1152 662 1235 687 taret
1266 668 1373 698 regem
1404 669 1477 689 cum
1511 659 1577 690 suis
1612 659 1651 690 ad
1682 660 1931 699 poenitentiam,
1964 660 1990 690 51
2020 659 2114 692 1110ᾶο

1152 700 1306 731 sanabilis
1329 701 1442 731 fuisset
1465 712 1575 732 eorum
1599 702 1732 733 malitia.

1237 743 1286 774 34.
1327 743 1439 774 Videas
1463 747 1563 774 autem
1596 744 1728 776 Pharao.
1783 744 1907 775 Iterum
1938 754 1995 774 suo
2025 754 2114 775 more

1152 785 1280 816 Pharao
1314 785 1480 817 audaciam
1515 787 1636 827 colligit
1669 798 1708 818 ex
1743 797 1863 827 poenae
1901 786 2114 827 mitigatione,

1151 828 1245 859 sicuti
1269 828 1419 868 reprobos
1442 834 1546 859 armat
1564 831 1719 861 securitas
1739 830 1892 860 adversus
1912 830 2033 860 Deum:
2053 829 2114 869 ipsi

1151 881 1236 908 vero,
1261 871 1396 902 simulac
1419 871 1582 911 paulisper
1606 873 1775 912 quiescunt
1799 872 1860 903 Dei
1884 871 2027 912 flagella,
2051 872 2112 902 im-

1150 914 1308 952 punitatis
1322 914 1470 945 fiduciam
1493 915 1683 954 concipiunt,
1699 920 1781 946 etex
1803 914 1951 945 brevibus
1972 914 2113 946 induciis

1151 963 1314 987 aeternam
1345 967 1453 996 pact-m
1489 958 1717 998 imaginantur.
1771 958 1900 988 Pharao
1930 957 2029 997 igitur
2059 967 2114 988 cor

1150 1009 1254 1035 suum,
1268 1000 1352 1038 quod
1364 1000 1492 1030 flexisse
1506 1001 1592 1031 visus
1605 1001 1718 1036 fuerat,
1733 1000 1771 1031 de
1784 1001 1909 1040 integro
1929 999 2113 1037 obduravit,

1149 1041 1238 1072 clade
1263 1041 1321 1072 hac
1345 1042 1551 1081 perfunctus:
1581 1054 1616 1074 ac
1648 1044 1673 1073 si
1698 1054 1759 1073 non
1784 1043 1968 1073 admonitus
1998 1042 2112 1073 fuisset

1150 1084 1229 1114 alias
1252 1090 1390 1121 restare,
1422 1085 1486 1115 imo
1516 1096 1647 1115 manum
1672 1085 1732 1116 Dei
1755 1086 1819 1116 iam
1844 1096 1913 1116 0550
1936 1088 2114 1116 extentam.

1150 1127 1264 1166 Itaque
1287 1127 1320 1157 in
1346 1128 1407 1158 fine
1430 1128 1544 1167 capitis
1568 1128 1693 1167 culpam
1718 1128 1892 1167 amplificat
1915 1128 2033 1165 Moses,
2059 1128 2112 1159 ubi

1149 1169 1238 1200 addit
1258 1170 1317 1200 hoc
1337 1170 1435 1201 fuisso
1456 1170 1653 1209 praedictum
1674 1181 1730 1210 per
1749 1181 1881 1201 manum
1906 1180 2006 1201 suam.
2042 1170 2112 1201 Ali-

1149 1213 1274 1251 quoties
1308 1218 1383 1243 ante
1419 1213 1560 1243 vidimus
1597 1212 1785 1244 obduruisse
1818 1213 1954 1252 impium
1989 1223 2110 1253 regem,

1148 1256 1231 1285 sieut
1254 1256 1344 1286 Deus
1373 1255 1412 1286 ad
1444 1256 1555 1286 Mosen
1585 1256 1737 1296 loquutus
1764 1255 1886 1286 fuerat:
1921 1266 2007 1286 nunc
2039 1256 2113 1295 plus

1149 1298 1358 1337 exprimitur,
1388 1309 1501 1337 nempe
1526 1299 1636 1329 Mosen
1672 1299 1770 1329 fuisse
1800 1308 1991 1338 praeconem
2016 1299 2113 1329 huius

1149 1341 1324 1372 indomitae
1348 1347 1379 1372 et
1402 1341 1544 1381 perditae
1567 1342 1797 1372 contumaciae.

1521 1510 1669 1542 CAPUT
1695 1511 1738 1542 X.

1233 1597 1259 1626 1.
1286 1596 1327 1626 Et
1348 1596 1430 1627 elficit
1454 1596 1564 1626 Isthmia
1587 1597 1628 1627 ad
1651 1595 1772 1627 Maon.-
1801 1596 1884 1627 Vade
1907 1597 1948 1628 ad
1970 1596 2112 1628 Pharao-

1148 1650 1230 1670 nem.-
1260 1640 1334 1678 quia
1358 1650 1409 1679 eqo
1431 1639 1600 1678 «aymo-miz?
1629 1649 1678 1670 cor
1708 1640 1787 1675 ems,
1818 1642 1846 1669 et
1873 1649 1923 1671 cor
1952 1650 2110 1670 servornm

1145 1683 1220 1718 eius,
1244 1685 1276 1712 m‘
1294 1692 1437 1720 ponerem
1459 1683 1549 1721 sigma
1567 1692 1632 1711 mea
1652 1682 1723 1711 haee
1743 1683 1774 1711 iaz
1792 1682 1889 1711 medio
1908 1683 1983 1713 eius.
2020 1683 2049 1714 2.
2070 1681 2112 1713 Et

1147 1728 1177 1755 ut
1212 1736 1321 1755 narres
1354 1725 1384 1755 in
1420 1725 1551 1755 auribus
1579 1724 1641 1762 filii
1675 1725 1720 1755 11ιί
1754 1727 1779 1755 et
1810 1725 1929 1762 nepotis
1957 1725 2002 1755 tm
2033 1735 2111 1764 quac

1143 1768 1267 1807 fecerim
1291 1768 1321 1797 iii
1346 1768 1495 1807 Aeyglplo,
1528 1770 1554 1797 et
1577 1768 1667 1806 sigma
1690 1777 1756 1797 mea
1779 1777 1857 1805 (sicae
1874 1777 2006 1805 posuero
2030 1769 2109 1799 iuter

1145 1821 1208 1841 eos:
1237 1813 1263 1840 et
1292 1811 1399 1841 sciatis
1426 1810 1504 1849 (μιυᾱ
1532 1820 1582 1849 eqo
1609 1819 1677 1839 511111
1701 1809 1819 1839 Iehova.
1866 1809 1894 1840 3.
1927 1809 2015 1840 Venit
2037 1821 2106 1850 erqo

1146 1853 1251 1884 1110565
1273 1855 1297 1883 el
1322 1853 1453 1883 Aharon
1477 1853 1517 1882 ad
1542 1852 1748 1887 Pharaonem,
1772 1855 1798 1882 et
1819 1852 1963 1883 ‹idi-erant
1986 1853 2029 1883 ei:
2055 1853 2107 1885 Sic

1144 1896 1217 1926 dicit
1240 1896 1352 1926 Iehora
1377 1895 1462 1925 Deus
1486 1894 1709 1925 Hebraeormn:
1742 1895 1901 1933 Quousque
1923 1896 2030 1926 renuis
2053 1895 2108 1926 hu—

1144 1939 1266 1969 miliari
1289 1948 1390 1968 eoram
1410 1938 1490 1977 faeie
1512 1937 1604 1967 mea?
1631 1937 1761 1968 Dimum*
1779 1937 1928 1975 populum
1952 1948 2050 1968 oleum
2074 1940 2106 1968 ut

1143 1982 1279 2011 serviant
1297 1980 1382 2011 mihi.
1418 1981 1446 2011 4.
1469 1980 1554 2019 (guod
1571 1979 1598 2009 .ςί
1616 1982 1647 2009 tn
1667 1980 1772 2010 remiis
1789 1980 1940 2010 dimittere
1953 1980 2105 2019 populum

1143 2034 1252 2058 meum.
1277 2034 1353 2057 ecee,
1378 2034 1427 2063 esso
1456 2023 1601 2053 ‘inducam
1625 2032 1695 2052 (fras
1722 2022 1866 2052 locustam
1897 2022 1929 2052 in.
1958 2024 2104 2054 terminos

1142 2070 1218 2097 tuos.
1264 2067 1292 2097 ε’).
1319 2065 1360 2096 Et
1383 2066 1494 2104 operiet
1516 2065 1706 2104 superficiem
1729 2068 1842 2100 serrae,
1873 2067 1906 2094 ut
1928 2075 1986 2095 non
2003 2067 2104 2104 possit

1142 2110 1241 2140 videri
1253 2112 1351 2139 terra:
1369 2112 1394 2139 et
1413 2108 1541 2138 canumet
1557 2108 1637 2146 quod
1654 2107 1812 2137 residuam
1830 2109 1880 2143 est,
1899 2108 1979 2145 quod
1997 2109 2102 2146 evasit,

1142 2153 1221 2191 quod
1239 2152 1377 2183 relietum
1400 2154 1442 2181 est
1464 2151 1546 2181 vohis
1565 2162 1581 2180 1(
1603 2151 1770 2189 mandam.-
1791 2152 1816 2179 e(
1838 2150 1965 2180 comedet
1984 2160 2103 2181 omnem

1142 2195 1280 2226 arborem
1304 2205 1381 2234 qnae
1403 2193 1568 2233 fruetificat
1590 2192 1672 2223 robis
1689 2203 1726 2223 er
1749 2202 1830 2231 cyro.
1876 2192 1904 2222 6.
1929 2192 1971 2222 Et
1993 2193 2100 2232 imple-

1141 2238 1214 2267 bunt
1234 2238 1338 2268 domos>
1360 2240 1438 2274 sitas,
1462 2240 1487 2266 et
1510 2236 1610 2266 (lomos-
1634 2236 1769 2265 amnium
1791 2244 1945 2265 sorvorum
1970 2237 2101 2273 tuorum,

1140 2284 1165 2311 et
1193 2281 1295 2311 domos·
1324 2280 1459 2310 omnium
1490 2278 1726 2317 Aeqyptiorum:
1758 2287 1835 2315 quas
1868 2287 1926 2307 non
1960 2278 2103 2309 viderunt

1135 2326 1243 2362 patres
1273 2323 1334 2359 tui,
1368 2325 1393 2351 et
1418 2325 1524 2361 patres
1542 2323 1668 2359 patrum
1691 2323 1824 2356 (norma,
1848 2330 1866 2349 (ι
1889 2319 1938 2350 die
1957 2330 2013 2358 quo
2037 2321 2102 2360 ipsi

1138 2366 1368 2405 fnerzmtsaper
1380 2368 1492 2395 terram
1512 2374 1607 2401 usque
1625 2363 1666 2393 ad
1684 2363 1762 2393 diem
1781 2362 1868 2392 hunc.
1900 2361 1944 2392 Et
1963 2373 2101 2401 aversus⁷

1139 2419 1278 2448 eyressus
1301 2410 1344 2437 est
1365 2419 1384 2437 a
1410 2407 1582 2438 Pharaone.

1226 2495 1253 2524 1.
1284 2493 1326 2523 Εἰ
1358 2493 1438 2523 diri!
1468 2491 1587 2521 [elmar.
1633 2490 1763 2519 Transit
1792 2489 1900 2519 Moses
1930 2488 1969 2519 ad
2001 2489 2097 2521 aliam

1139 2536 1277 2576 plagam,
1303 2546 1365 2575 qua
1389 2535 1552 2574 perfidiam
1577 2533 1666 2572 impii
1691 2532 1775 2571 regis
1795 2536 1828 2561 et
1849 2531 2098 2564 obstinationem

1140 2579 1227 2609 ultus
1258 2584 1306 2609 est
1330 2578 1434 2609 Deus:
1464 2586 1579 2615 nempe
1609 2574 1691 2614 quod
1722 2573 1884 2605 residuum
1917 2575 1992 2604 anni
2023 2585 2097 2614 pro-

1140 2628 1283 2659 ventum,
1306 2622 1355 2651 cui
1380 2625 1581 2660 pepercerat,
1606 2617 1735 2647 locustis
1755 2616 1933 2647 vorandum
1962 2622 1994 2647 et
2021 2628 2098 2648 exe-

1863 2666 1895 2693 8*
