<?xml version="1.0" encoding="UTF-8"?>
<!DOCTYPE html PUBLIC "-//W3C//DTD XHTML 1.0 Transitional//EN"
    "http://www.w3.org/TR/xhtml1/DTD/xhtml1-transitional.dtd">
<html xmlns="http://www.w3.org/1999/xhtml" xml:lang="en" lang="en">
 <head>
  <title>
</title>
<meta http-equiv="Content-Type" content="text/html;charset=utf-8" />
  <meta name='ocr-system' content='tesseract 3.04.00' />
  <meta name='ocr-capabilities' content='ocr_page ocr_carea ocr_par ocr_line ocrx_word'/>
</head>
<body>
  <div class='ocr_page' id='page_1' title='image "./ioanniscalviniop24calv_0148.png"; bbox 0 0 2304 3034; ppageno 0'>
   <div class='ocr_carea' id='block_1_1' title="bbox 175 182 1436 217">
    <p class='ocr_par' dir='ltr' id='par_1_1' title="bbox 175 182 1436 217">
     <span class='ocr_line' id='line_1_1' title="bbox 175 182 1436 217; baseline 0.01 -14"><span class='ocrx_word' id='word_1_1' title='bbox 175 186 239 217; x_wconf 71' lang='lat'>275</span> <span class='ocrx_word' id='word_1_2' title='bbox 906 182 1092 214; x_wconf 81' lang='lat' dir='ltr'>PRIMUM</span> <span class='ocrx_word' id='word_1_3' title='bbox 1116 183 1436 215; x_wconf 77' lang='lat' dir='ltr'>PRAECEPTUM.</span> 
     </span>
    </p>
   </div>
   <div class='ocr_carea' id='block_1_2' title="bbox 172 275 1146 2030">
    <p class='ocr_par' dir='ltr' id='par_1_2' title="bbox 172 275 1146 1464">
     <span class='ocr_line' id='line_1_2' title="bbox 176 275 1146 310; baseline -0.003 0"><span class='ocrx_word' id='word_1_4' title='bbox 176 279 272 310; x_wconf 84' lang='lat' dir='ltr'>fldem</span> <span class='ocrx_word' id='word_1_5' title='bbox 297 289 359 308; x_wconf 87' lang='lat' dir='ltr'>non</span> <span class='ocrx_word' id='word_1_6' title='bbox 384 284 508 307; x_wconf 87' lang='lat' dir='ltr'>tantum</span> <span class='ocrx_word' id='word_1_7' title='bbox 540 276 631 306; x_wconf 83' lang='lat' dir='ltr'>verbi</span> <span class='ocrx_word' id='word_1_8' title='bbox 663 275 813 306; x_wconf 76' lang='lat' dir='ltr'>claustris</span> <span class='ocrx_word' id='word_1_9' title='bbox 845 279 939 306; x_wconf 78' lang='lat' dir='ltr'>extra</span> <span class='ocrx_word' id='word_1_10' title='bbox 970 276 1091 306; x_wconf 88' lang='lat' dir='ltr'>muniri</span> <span class='ocrx_word' id='word_1_11' title='bbox 1115 281 1146 308; x_wconf 89' lang='lat' dir='ltr'>et</span> 
     </span>
     <span class='ocr_line' id='line_1_3' title="bbox 177 317 1145 359; baseline -0.003 -6"><span class='ocrx_word' id='word_1_12' title='bbox 177 320 371 353; x_wconf 65' lang='lat' dir='ltr'>circumdari</span> <span class='ocrx_word' id='word_1_13' title='bbox 395 324 537 359; x_wconf 84' lang='lat' dir='ltr'>oportet,</span> <span class='ocrx_word' id='word_1_14' title='bbox 574 329 614 348; x_wconf 90' lang='lat' dir='ltr'>ne</span> <span class='ocrx_word' id='word_1_15' title='bbox 637 328 699 358; x_wconf 88' lang='lat' dir='ltr'>qua</span> <span class='ocrx_word' id='word_1_16' title='bbox 723 317 854 348; x_wconf 88' lang='lat' dir='ltr'>aliunde</span> <span class='ocrx_word' id='word_1_17' title='bbox 884 318 1068 358; x_wconf 82' lang='lat' dir='ltr'><strong>corruptela</strong></span> <span class='ocrx_word' id='word_1_18' title='bbox 1091 320 1145 350; x_wconf 89' lang='lat' dir='ltr'>ob-</span> 
     </span>
     <span class='ocr_line' id='line_1_4' title="bbox 177 360 1146 404; baseline -0.003 -9"><span class='ocrx_word' id='word_1_19' title='bbox 177 372 282 404; x_wconf 86' lang='lat' dir='ltr'>repat:</span> <span class='ocrx_word' id='word_1_20' title='bbox 318 362 373 392; x_wconf 82' lang='lat' dir='ltr'>sed</span> <span class='ocrx_word' id='word_1_21' title='bbox 405 363 491 392; x_wconf 84' lang='lat' dir='ltr'>intus</span> <span class='ocrx_word' id='word_1_22' title='bbox 527 371 653 401; x_wconf 89' lang='lat' dir='ltr'>quoque</span> <span class='ocrx_word' id='word_1_23' title='bbox 685 360 827 391; x_wconf 86' lang='lat' dir='ltr'>eiusdem</span> <span class='ocrx_word' id='word_1_24' title='bbox 860 361 948 391; x_wconf 86' lang='lat' dir='ltr'>verbi</span> <span class='ocrx_word' id='word_1_25' title='bbox 984 361 1146 400; x_wconf 84' lang='lat' dir='ltr'>praesidio</span> 
     </span>
     <span class='ocr_line' id='line_1_5' title="bbox 178 403 1144 441; baseline -0.002 -4"><span class='ocrx_word' id='word_1_26' title='bbox 178 406 316 441; x_wconf 89' lang='lat' dir='ltr'>firmari,</span> <span class='ocrx_word' id='word_1_27' title='bbox 352 415 391 434; x_wconf 89' lang='lat' dir='ltr'>ne</span> <span class='ocrx_word' id='word_1_28' title='bbox 426 414 459 434; x_wconf 89' lang='lat' dir='ltr'>se</span> <span class='ocrx_word' id='word_1_29' title='bbox 489 403 601 434; x_wconf 88' lang='lat' dir='ltr'>furtim</span> <span class='ocrx_word' id='word_1_30' title='bbox 636 404 803 434; x_wconf 83' lang='lat' dir='ltr'>insinuent</span> <span class='ocrx_word' id='word_1_31' title='bbox 837 414 921 433; x_wconf 87' lang='lat' dir='ltr'>nova</span> <span class='ocrx_word' id='word_1_32' title='bbox 956 410 1144 441; x_wconf 84' lang='lat' dir='ltr'>commenta,</span> 
     </span>
     <span class='ocr_line' id='line_1_6' title="bbox 178 446 1146 489; baseline 0 -10"><span class='ocrx_word' id='word_1_33' title='bbox 178 450 294 489; x_wconf 90' lang='lat' dir='ltr'>quibus</span> <span class='ocrx_word' id='word_1_34' title='bbox 328 447 464 477; x_wconf 80' lang='lat' dir='ltr'>vitietur</span> <span class='ocrx_word' id='word_1_35' title='bbox 498 447 660 477; x_wconf 89' lang='lat' dir='ltr'>doctrinae</span> <span class='ocrx_word' id='word_1_36' title='bbox 696 446 831 486; x_wconf 87' lang='lat' dir='ltr'>puritas.</span> <span class='ocrx_word' id='word_1_37' title='bbox 886 446 987 476; x_wconf 90' lang='lat' dir='ltr'>Porro</span> <span class='ocrx_word' id='word_1_38' title='bbox 1018 457 1056 477; x_wconf 83' lang='lat' dir='ltr'>ex</span> <span class='ocrx_word' id='word_1_39' title='bbox 1086 447 1146 479; x_wconf 85' lang='lat' dir='ltr'>hac</span> 
     </span>
     <span class='ocr_line' id='line_1_7' title="bbox 178 488 1144 532; baseline -0.001 -11"><span class='ocrx_word' id='word_1_40' title='bbox 178 490 393 532; x_wconf 88' lang='lat' dir='ltr'>prohibitione</span> <span class='ocrx_word' id='word_1_41' title='bbox 423 489 621 529; x_wconf 79' lang='lat' dir='ltr'>colligimus,</span> <span class='ocrx_word' id='word_1_42' title='bbox 654 500 725 520; x_wconf 89' lang='lat' dir='ltr'>eam</span> <span class='ocrx_word' id='word_1_43' title='bbox 756 499 826 519; x_wconf 87' lang='lat' dir='ltr'>esse</span> <span class='ocrx_word' id='word_1_44' title='bbox 857 488 1082 520; x_wconf 80' lang='lat' dir='ltr'>certitudinem</span> <span class='ocrx_word' id='word_1_45' title='bbox 1111 490 1144 520; x_wconf 91' lang='lat' dir='ltr'>in</span> 
     </span>
     <span class='ocr_line' id='line_1_8' title="bbox 178 531 1145 571; baseline -0.001 -7"><span class='ocrx_word' id='word_1_46' title='bbox 178 533 305 566; x_wconf 80' lang='lat' dir='ltr'>coelesti</span> <span class='ocrx_word' id='word_1_47' title='bbox 330 532 475 563; x_wconf 88' lang='lat' dir='ltr'>doctrina</span> <span class='ocrx_word' id='word_1_48' title='bbox 499 543 579 571; x_wconf 87' lang='lat' dir='ltr'>quae</span> <span class='ocrx_word' id='word_1_49' title='bbox 603 531 700 563; x_wconf 88' lang='lat' dir='ltr'><strong>fidem</strong></span> <span class='ocrx_word' id='word_1_50' title='bbox 725 537 869 562; x_wconf 88' lang='lat' dir='ltr'>nostram</span> <span class='ocrx_word' id='word_1_51' title='bbox 890 531 1074 563; x_wconf 86' lang='lat' dir='ltr'>labefactari</span> <span class='ocrx_word' id='word_1_52' title='bbox 1095 532 1145 563; x_wconf 88' lang='lat' dir='ltr'>vel</span> 
     </span>
     <span class='ocr_line' id='line_1_9' title="bbox 178 575 1145 614; baseline -0.001 -7"><span class='ocrx_word' id='word_1_53' title='bbox 178 576 302 608; x_wconf 84' lang='lat' dir='ltr'>concuti</span> <span class='ocrx_word' id='word_1_54' title='bbox 328 586 392 605; x_wconf 89' lang='lat' dir='ltr'>non</span> <span class='ocrx_word' id='word_1_55' title='bbox 417 575 519 611; x_wconf 87' lang='lat' dir='ltr'>sinat,</span> <span class='ocrx_word' id='word_1_56' title='bbox 544 575 638 605; x_wconf 90' lang='lat' dir='ltr'>modo</span> <span class='ocrx_word' id='word_1_57' title='bbox 662 575 695 605; x_wconf 92' lang='lat' dir='ltr'>in</span> <span class='ocrx_word' id='word_1_58' title='bbox 721 585 757 605; x_wconf 90' lang='lat' dir='ltr'>ea</span> <span class='ocrx_word' id='word_1_59' title='bbox 782 575 873 605; x_wconf 85' lang='lat' dir='ltr'>vivas</span> <span class='ocrx_word' id='word_1_60' title='bbox 896 576 1000 614; x_wconf 82' lang='lat' dir='ltr'>coerit</span> <span class='ocrx_word' id='word_1_61' title='bbox 1023 575 1145 606; x_wconf 81' lang='lat' dir='ltr'>radices</span> 
     </span>
     <span class='ocr_line' id='line_1_10' title="bbox 179 617 1145 658; baseline -0.001 -8"><span class='ocrx_word' id='word_1_62' title='bbox 179 630 213 650; x_wconf 82' lang='lat' dir='ltr'>ac</span> <span class='ocrx_word' id='word_1_63' title='bbox 245 617 342 658; x_wconf 82' lang='lat' dir='ltr'>probe</span> <span class='ocrx_word' id='word_1_64' title='bbox 373 617 507 648; x_wconf 82' lang='lat' dir='ltr'>fundata</span> <span class='ocrx_word' id='word_1_65' title='bbox 535 618 584 648; x_wconf 90' lang='lat' dir='ltr'>sit.</span> <span class='ocrx_word' id='word_1_66' title='bbox 637 617 722 648; x_wconf 87' lang='lat' dir='ltr'>Nam</span> <span class='ocrx_word' id='word_1_67' title='bbox 751 619 870 648; x_wconf 81' lang='lat' dir='ltr'>frustra</span> <span class='ocrx_word' id='word_1_68' title='bbox 900 624 1023 648; x_wconf 78' lang='lat' dir='ltr'>vetaret</span> <span class='ocrx_word' id='word_1_69' title='bbox 1056 617 1145 649; x_wconf 87' lang='lat' dir='ltr'>Deus</span> 
     </span>
     <span class='ocr_line' id='line_1_11' title="bbox 178 660 1145 696; baseline 0 -4"><span class='ocrx_word' id='word_1_70' title='bbox 178 662 273 693; x_wconf 87' lang='lat' dir='ltr'>falsos</span> <span class='ocrx_word' id='word_1_71' title='bbox 287 663 431 691; x_wconf 87' lang='lat' dir='ltr'>doctores</span> <span class='ocrx_word' id='word_1_72' title='bbox 444 660 622 696; x_wconf 81' lang='lat' dir='ltr'>admittere,</span> <span class='ocrx_word' id='word_1_73' title='bbox 644 661 704 691; x_wconf 87' lang='lat' dir='ltr'>nisi</span> <span class='ocrx_word' id='word_1_74' title='bbox 725 660 860 691; x_wconf 84' lang='lat' dir='ltr'>cavendi</span> <span class='ocrx_word' id='word_1_75' title='bbox 874 661 1031 691; x_wconf 83' lang='lat' dir='ltr'>rationem</span> <span class='ocrx_word' id='word_1_76' title='bbox 1048 661 1145 692; x_wconf 88' lang='lat' dir='ltr'>simul</span> 
     </span>
     <span class='ocr_line' id='line_1_12' title="bbox 177 703 1144 735; baseline -0.002 0"><span class='ocrx_word' id='word_1_77' title='bbox 177 703 372 735; x_wconf 80' lang='lat' dir='ltr'>ostenderet.</span> <span class='ocrx_word' id='word_1_78' title='bbox 427 704 470 733; x_wconf 84' lang='lat' dir='ltr'>Et</span> <span class='ocrx_word' id='word_1_79' title='bbox 503 709 589 734; x_wconf 85' lang='lat' dir='ltr'>certe</span> <span class='ocrx_word' id='word_1_80' title='bbox 628 703 707 733; x_wconf 89' lang='lat' dir='ltr'>nihil</span> <span class='ocrx_word' id='word_1_81' title='bbox 744 705 850 733; x_wconf 88' lang='lat' dir='ltr'>minus</span> <span class='ocrx_word' id='word_1_82' title='bbox 891 710 1144 734; x_wconf 85' lang='lat' dir='ltr'>consentaneum</span> 
     </span>
     <span class='ocr_line' id='line_1_13' title="bbox 178 746 1145 787; baseline 0 -10"><span class='ocrx_word' id='word_1_83' title='bbox 178 758 273 787; x_wconf 91' lang='lat' dir='ltr'>quam</span> <span class='ocrx_word' id='word_1_84' title='bbox 300 754 334 777; x_wconf 91' lang='lat' dir='ltr'>ut</span> <span class='ocrx_word' id='word_1_85' title='bbox 364 746 516 785; x_wconf 74' lang='lat' dir='ltr'>ambigua</span> <span class='ocrx_word' id='word_1_86' title='bbox 547 746 589 776; x_wconf 86' lang='lat' dir='ltr'>sit·</span> <span class='ocrx_word' id='word_1_87' title='bbox 620 746 747 786; x_wconf 79' lang='lat' dir='ltr'>religio,</span> <span class='ocrx_word' id='word_1_88' title='bbox 783 747 874 777; x_wconf 88' lang='lat' dir='ltr'>cuius</span> <span class='ocrx_word' id='word_1_89' title='bbox 906 746 1020 786; x_wconf 84' lang='lat' dir='ltr'>regula</span> <span class='ocrx_word' id='word_1_90' title='bbox 1047 757 1145 786; x_wconf 90' lang='lat' dir='ltr'>quum</span> 
     </span>
     <span class='ocr_line' id='line_1_14' title="bbox 177 788 1144 829; baseline -0.001 -8"><span class='ocrx_word' id='word_1_91' title='bbox 177 789 315 821; x_wconf 87' lang='lat' dir='ltr'>fideliter</span> <span class='ocrx_word' id='word_1_92' title='bbox 339 789 538 829; x_wconf 84' lang='lat' dir='ltr'>praescripta</span> <span class='ocrx_word' id='word_1_93' title='bbox 561 790 602 819; x_wconf 88' lang='lat' dir='ltr'>sit</span> <span class='ocrx_word' id='word_1_94' title='bbox 624 790 655 819; x_wconf 92' lang='lat' dir='ltr'>in</span> <span class='ocrx_word' id='word_1_95' title='bbox 679 790 749 829; x_wconf 84' lang='lat' dir='ltr'>lege</span> <span class='ocrx_word' id='word_1_96' title='bbox 769 794 801 819; x_wconf 89' lang='lat' dir='ltr'>et</span> <span class='ocrx_word' id='word_1_97' title='bbox 821 789 967 828; x_wconf 76' lang='lat' dir='ltr'>exposita</span> <span class='ocrx_word' id='word_1_98' title='bbox 991 788 1144 826; x_wconf 87' lang='lat' dir='ltr'>definitio,</span> 
     </span>
     <span class='ocr_line' id='line_1_15' title="bbox 178 832 1145 872; baseline -0.001 -9"><span class='ocrx_word' id='word_1_99' title='bbox 178 833 295 863; x_wconf 88' lang='lat' dir='ltr'>merito</span> <span class='ocrx_word' id='word_1_100' title='bbox 315 833 416 872; x_wconf 77' lang='lat' dir='ltr'>exigit</span> <span class='ocrx_word' id='word_1_101' title='bbox 436 842 453 862; x_wconf 88' lang='lat' dir='ltr'>a</span> <span class='ocrx_word' id='word_1_102' title='bbox 466 833 533 862; x_wconf 84' lang='lat' dir='ltr'>suis</span> <span class='ocrx_word' id='word_1_103' title='bbox 549 832 636 863; x_wconf 88' lang='lat' dir='ltr'>Deus</span> <span class='ocrx_word' id='word_1_104' title='bbox 649 843 690 862; x_wconf 93' lang='lat' dir='ltr'>ne</span> <span class='ocrx_word' id='word_1_105' title='bbox 705 832 868 869; x_wconf 86' lang='lat' dir='ltr'>vacillent⁷</span> <span class='ocrx_word' id='word_1_106' title='bbox 885 832 939 862; x_wconf 85' lang='lat' dir='ltr'>sed</span> <span class='ocrx_word' id='word_1_107' title='bbox 960 838 1145 862; x_wconf 82' lang='lat' dir='ltr'>constanter</span> 
     </span>
     <span class='ocr_line' id='line_1_16' title="bbox 178 874 1145 916; baseline -0.001 -9"><span class='ocrx_word' id='word_1_108' title='bbox 178 876 353 916; x_wconf 79' lang='lat' dir='ltr'>persistant</span> <span class='ocrx_word' id='word_1_109' title='bbox 384 876 415 904; x_wconf 93' lang='lat' dir='ltr'>in</span> <span class='ocrx_word' id='word_1_110' title='bbox 448 875 585 905; x_wconf 87' lang='lat' dir='ltr'>veritate</span> <span class='ocrx_word' id='word_1_111' title='bbox 621 875 681 905; x_wconf 86' lang='lat' dir='ltr'>sibi</span> <span class='ocrx_word' id='word_1_112' title='bbox 713 875 841 905; x_wconf 80' lang='lat' dir='ltr'>tradita.</span> <span class='ocrx_word' id='word_1_113' title='bbox 888 875 975 904; x_wconf 84' lang='lat' dir='ltr'>Vere</span> <span class='ocrx_word' id='word_1_114' title='bbox 997 875 1082 905; x_wconf 90' lang='lat' dir='ltr'>enim</span> <span class='ocrx_word' id='word_1_115' title='bbox 1107 874 1145 906; x_wconf 89' lang='lat' dir='ltr'>de</span> 
     </span>
     <span class='ocr_line' id='line_1_17' title="bbox 179 917 1144 959; baseline -0.002 -9"><span class='ocrx_word' id='word_1_116' title='bbox 179 920 249 959; x_wconf 80' lang='lat' dir='ltr'>lege</span> <span class='ocrx_word' id='word_1_117' title='bbox 270 918 435 958; x_wconf 80' lang='lat' dir='ltr'>praedicat</span> <span class='ocrx_word' id='word_1_118' title='bbox 454 918 555 948; x_wconf 83' lang='lat' dir='ltr'>Isaias</span> <span class='ocrx_word' id='word_1_119' title='bbox 579 918 630 957; x_wconf 79' lang='lat'>45,</span> <span class='ocrx_word' id='word_1_120' title='bbox 655 918 693 949; x_wconf 83' lang='lat'>19</span> <span class='ocrx_word' id='word_1_121' title='bbox 714 929 775 948; x_wconf 90' lang='lat' dir='ltr'>non</span> <span class='ocrx_word' id='word_1_122' title='bbox 796 918 917 948; x_wconf 83' lang='lat' dir='ltr'>frustra</span> <span class='ocrx_word' id='word_1_123' title='bbox 937 918 1002 947; x_wconf 86' lang='lat' dir='ltr'>illie</span> <span class='ocrx_word' id='word_1_124' title='bbox 1022 917 1144 948; x_wconf 81' lang='lat' dir='ltr'>(lictum</span> 
     </span>
     <span class='ocr_line' id='line_1_18' title="bbox 176 960 1143 1000; baseline -0.002 -8"><span class='ocrx_word' id='word_1_125' title='bbox 176 972 246 993; x_wconf 87' lang='lat' dir='ltr'>esse</span> <span class='ocrx_word' id='word_1_126' title='bbox 277 961 391 991; x_wconf 83' lang='lat' dir='ltr'>semini</span> <span class='ocrx_word' id='word_1_127' title='bbox 420 960 516 990; x_wconf 84' lang='lat' dir='ltr'>Iacob</span> <span class='ocrx_word' id='word_1_128' title='bbox 546 968 579 991; x_wconf 90' lang='lat' dir='ltr'>ut</span> <span class='ocrx_word' id='word_1_129' title='bbox 610 962 716 991; x_wconf 88' lang='lat' dir='ltr'>Deum</span> <span class='ocrx_word' id='word_1_130' title='bbox 748 966 928 1000; x_wconf 85' lang='lat' dir='ltr'>quaereret.</span> <span class='ocrx_word' id='word_1_131' title='bbox 983 961 1081 1000; x_wconf 87' lang='lat' dir='ltr'>Atqui</span> <span class='ocrx_word' id='word_1_132' title='bbox 1110 961 1143 991; x_wconf 93' lang='lat' dir='ltr'>in</span> 
     </span>
     <span class='ocr_line' id='line_1_19' title="bbox 176 1003 1143 1043; baseline -0.001 -8"><span class='ocrx_word' id='word_1_133' title='bbox 176 1004 246 1035; x_wconf 81' lang='lat' dir='ltr'>Deo</span> <span class='ocrx_word' id='word_1_134' title='bbox 275 1003 459 1043; x_wconf 82' lang='lat' dir='ltr'>quaerendo</span> <span class='ocrx_word' id='word_1_135' title='bbox 492 1014 555 1033; x_wconf 92' lang='lat' dir='ltr'>non</span> <span class='ocrx_word' id='word_1_136' title='bbox 587 1005 751 1034; x_wconf 78' lang='lat' dir='ltr'>sufficeret</span> <span class='ocrx_word' id='word_1_137' title='bbox 781 1004 893 1034; x_wconf 86' lang='lat' dir='ltr'>docere</span> <span class='ocrx_word' id='word_1_138' title='bbox 921 1003 996 1042; x_wconf 87' lang='lat' dir='ltr'>quid</span> <span class='ocrx_word' id='word_1_139' title='bbox 1021 1009 1143 1034; x_wconf 89' lang='lat' dir='ltr'>rectum</span> 
     </span>
     <span class='ocr_line' id='line_1_20' title="bbox 174 1046 1145 1086; baseline -0.002 -8"><span class='ocrx_word' id='word_1_140' title='bbox 174 1048 231 1084; x_wconf 88' lang='lat' dir='ltr'>sit,</span> <span class='ocrx_word' id='word_1_141' title='bbox 263 1047 324 1076; x_wconf 91' lang='lat' dir='ltr'>nisi</span> <span class='ocrx_word' id='word_1_142' title='bbox 348 1046 380 1076; x_wconf 92' lang='lat' dir='ltr'>in</span> <span class='ocrx_word' id='word_1_143' title='bbox 406 1057 442 1076; x_wconf 91' lang='lat' dir='ltr'>eo</span> <span class='ocrx_word' id='word_1_144' title='bbox 472 1046 679 1077; x_wconf 78' lang='lat' dir='ltr'>stabiliantur</span> <span class='ocrx_word' id='word_1_145' title='bbox 709 1048 818 1077; x_wconf 83' lang='lat' dir='ltr'>animi.</span> <span class='ocrx_word' id='word_1_146' title='bbox 866 1046 963 1077; x_wconf 89' lang='lat' dir='ltr'>Certa</span> <span class='ocrx_word' id='word_1_147' title='bbox 991 1047 1090 1086; x_wconf 79' lang='lat' dir='ltr'>igitur</span> <span class='ocrx_word' id='word_1_148' title='bbox 1113 1052 1145 1076; x_wconf 88' lang='lat' dir='ltr'>et</span> 
     </span>
     <span class='ocr_line' id='line_1_21' title="bbox 174 1089 1144 1129; baseline -0.002 -8"><span class='ocrx_word' id='word_1_149' title='bbox 174 1091 268 1121; x_wconf 86' lang='lat' dir='ltr'>firma</span> <span class='ocrx_word' id='word_1_150' title='bbox 292 1090 333 1120; x_wconf 87' lang='lat' dir='ltr'>sit</span> <span class='ocrx_word' id='word_1_151' title='bbox 357 1089 470 1129; x_wconf 81' lang='lat' dir='ltr'>religio</span> <span class='ocrx_word' id='word_1_152' title='bbox 495 1100 624 1120; x_wconf 84' lang='grc'>11888558</span> <span class='ocrx_word' id='word_1_153' title='bbox 648 1094 706 1125; x_wconf 89' lang='lat' dir='ltr'>est,</span> <span class='ocrx_word' id='word_1_154' title='bbox 731 1096 786 1119; x_wconf 88' lang='grc'>11111</span> <span class='ocrx_word' id='word_1_155' title='bbox 810 1100 873 1119; x_wconf 91' lang='lat' dir='ltr'>non</span> <span class='ocrx_word' id='word_1_156' title='bbox 899 1090 958 1119; x_wconf 87' lang='lat' dir='ltr'>erit</span> <span class='ocrx_word' id='word_1_157' title='bbox 984 1089 1043 1119; x_wconf 92' lang='lat' dir='ltr'>rite</span> <span class='ocrx_word' id='word_1_158' title='bbox 1063 1099 1144 1119; x_wconf 89' lang='lat' dir='ltr'>com-</span> 
     </span>
     <span class='ocr_line' id='line_1_22' title="bbox 174 1132 1144 1172; baseline -0.001 -9"><span class='ocrx_word' id='word_1_159' title='bbox 174 1133 289 1172; x_wconf 88' lang='lat' dir='ltr'>posita.</span> <span class='ocrx_word' id='word_1_160' title='bbox 336 1132 403 1162; x_wconf 85' lang='lat' dir='ltr'>Nec</span> <span class='ocrx_word' id='word_1_161' title='bbox 435 1143 510 1162; x_wconf 85' lang='lat' dir='ltr'>vero</span> <span class='ocrx_word' id='word_1_162' title='bbox 538 1132 670 1163; x_wconf 90' lang='lat' dir='ltr'>dubium</span> <span class='ocrx_word' id='word_1_163' title='bbox 703 1140 766 1169; x_wconf 79' lang='grc'>851,</span> <span class='ocrx_word' id='word_1_164' title='bbox 799 1132 883 1172; x_wconf 89' lang='lat' dir='ltr'>quod</span> <span class='ocrx_word' id='word_1_165' title='bbox 915 1132 953 1162; x_wconf 90' lang='lat' dir='ltr'>de</span> <span class='ocrx_word' id='word_1_166' title='bbox 977 1132 1144 1171; x_wconf 72' lang='lat' dir='ltr'>evangelio</span> 
     </span>
     <span class='ocr_line' id='line_1_23' title="bbox 174 1174 1144 1216; baseline -0.001 -10"><span class='ocrx_word' id='word_1_167' title='bbox 174 1181 313 1206; x_wconf 85' lang='lat' dir='ltr'>testatur</span> <span class='ocrx_word' id='word_1_168' title='bbox 337 1175 458 1205; x_wconf 79' lang='lat' dir='ltr'>Paulus</span> <span class='ocrx_word' id='word_1_169' title='bbox 489 1174 623 1216; x_wconf 80' lang='lat' dir='ltr'>(Eplies.</span> <span class='ocrx_word' id='word_1_170' title='bbox 648 1175 676 1209; x_wconf 76' lang='lat'>4,</span> <span class='ocrx_word' id='word_1_171' title='bbox 702 1174 768 1215; x_wconf 75' lang='lat'>14),</span> <span class='ocrx_word' id='word_1_172' title='bbox 800 1175 862 1215; x_wconf 79' lang='lat' dir='ltr'>legi</span> <span class='ocrx_word' id='word_1_173' title='bbox 892 1185 1016 1214; x_wconf 84' lang='lat' dir='ltr'>quoque</span> <span class='ocrx_word' id='word_1_174' title='bbox 1046 1175 1144 1205; x_wconf 82' lang='lat' dir='ltr'>fuisse</span> 
     </span>
     <span class='ocr_line' id='line_1_24' title="bbox 174 1218 1144 1258; baseline -0.001 -9"><span class='ocrx_word' id='word_1_175' title='bbox 174 1229 364 1253; x_wconf 69' lang='lat' dir='ltr'>commune,</span> <span class='ocrx_word' id='word_1_176' title='bbox 406 1224 439 1248; x_wconf 90' lang='grc'>111</span> <span class='ocrx_word' id='word_1_177' title='bbox 484 1218 659 1258; x_wconf 79' lang='lat' dir='ltr'>discipulos</span> <span class='ocrx_word' id='word_1_178' title='bbox 699 1229 774 1249; x_wconf 85' lang='lat' dir='ltr'>suos</span> <span class='ocrx_word' id='word_1_179' title='bbox 816 1219 991 1248; x_wconf 89' lang='lat' dir='ltr'>instrueret</span> <span class='ocrx_word' id='word_1_180' title='bbox 1032 1224 1144 1249; x_wconf 87' lang='lat' dir='ltr'>contra</span> 
     </span>
     <span class='ocr_line' id='line_1_25' title="bbox 174 1261 1143 1300; baseline -0.001 -8"><span class='ocrx_word' id='word_1_181' title='bbox 174 1263 319 1292; x_wconf 87' lang='lat' dir='ltr'>omnium</span> <span class='ocrx_word' id='word_1_182' title='bbox 350 1261 567 1291; x_wconf 82' lang='lat' dir='ltr'>tentationum</span> <span class='ocrx_word' id='word_1_183' title='bbox 605 1261 797 1297; x_wconf 84' lang='lat' dir='ltr'>certamina,</span> <span class='ocrx_word' id='word_1_184' title='bbox 836 1272 876 1291; x_wconf 87' lang='lat' dir='ltr'>nc</span> <span class='ocrx_word' id='word_1_185' title='bbox 915 1267 1022 1292; x_wconf 81' lang='grc'>8558111</span> <span class='ocrx_word' id='word_1_186' title='bbox 1053 1261 1143 1300; x_wconf 87' lang='lat' dir='ltr'>pueri</span> 
     </span>
     <span class='ocr_line' id='line_1_26' title="bbox 175 1303 1144 1344; baseline -0.002 -9"><span class='ocrx_word' id='word_1_187' title='bbox 175 1305 368 1335; x_wconf 86' lang='lat' dir='ltr'>fluctuantes</span> <span class='ocrx_word' id='word_1_188' title='bbox 400 1310 430 1333; x_wconf 89' lang='lat' dir='ltr'>et</span> <span class='ocrx_word' id='word_1_189' title='bbox 462 1304 515 1343; x_wconf 91' lang='lat' dir='ltr'>qui</span> <span class='ocrx_word' id='word_1_190' title='bbox 545 1305 845 1344; x_wconf 73' lang='lat' dir='ltr'>circumagerentur</span> <span class='ocrx_word' id='word_1_191' title='bbox 874 1303 1017 1343; x_wconf 87' lang='lat' dir='ltr'>quolibet</span> <span class='ocrx_word' id='word_1_192' title='bbox 1048 1309 1144 1334; x_wconf 88' lang='lat' dir='ltr'>vento</span> 
     </span>
     <span class='ocr_line' id='line_1_27' title="bbox 174 1345 1145 1386; baseline 0 -9"><span class='ocrx_word' id='word_1_193' title='bbox 174 1347 341 1378; x_wconf 89' lang='lat' dir='ltr'>doetrinae</span> <span class='ocrx_word' id='word_1_194' title='bbox 364 1357 422 1386; x_wconf 88' lang='lat' dir='ltr'>per</span> <span class='ocrx_word' id='word_1_195' title='bbox 446 1347 622 1377; x_wconf 84' lang='lat' dir='ltr'>versutiam</span> <span class='ocrx_word' id='word_1_196' title='bbox 651 1347 828 1385; x_wconf 86' lang='lat' dir='ltr'>hominum,</span> <span class='ocrx_word' id='word_1_197' title='bbox 853 1352 911 1377; x_wconf 88' lang='lat' dir='ltr'>etc.</span> <span class='ocrx_word' id='word_1_198' title='bbox 958 1345 1023 1377; x_wconf 83' lang='lat' dir='ltr'>Sed</span> <span class='ocrx_word' id='word_1_199' title='bbox 1046 1347 1145 1378; x_wconf 86' lang='lat' dir='ltr'>verba</span> 
     </span>
     <span class='ocr_line' id='line_1_28' title="bbox 174 1389 1144 1430; baseline 0 -10"><span class='ocrx_word' id='word_1_200' title='bbox 174 1392 308 1430; x_wconf 84' lang='lat' dir='ltr'>propius</span> <span class='ocrx_word' id='word_1_201' title='bbox 350 1395 382 1420; x_wconf 89' lang='lat' dir='ltr'>et</span> <span class='ocrx_word' id='word_1_202' title='bbox 422 1389 535 1420; x_wconf 86' lang='lat' dir='ltr'>ordine</span> <span class='ocrx_word' id='word_1_203' title='bbox 577 1400 720 1429; x_wconf 82' lang='lat' dir='ltr'>expensa</span> <span class='ocrx_word' id='word_1_204' title='bbox 754 1400 913 1421; x_wconf 87' lang='lat' dir='ltr'>summam</span> <span class='ocrx_word' id='word_1_205' title='bbox 949 1389 996 1420; x_wconf 92' lang='lat' dir='ltr'>rei</span> <span class='ocrx_word' id='word_1_206' title='bbox 1026 1389 1144 1420; x_wconf 88' lang='lat' dir='ltr'>clarius</span> 
     </span>
     <span class='ocr_line' id='line_1_29' title="bbox 172 1433 354 1464; baseline -0.005 0"><span class='ocrx_word' id='word_1_207' title='bbox 172 1433 354 1464; x_wconf 85' lang='lat' dir='ltr'>ostendent.</span> 
     </span>
    </p>

    <p class='ocr_par' dir='ltr' id='par_1_3' title="bbox 174 1475 1143 2030">
     <span class='ocr_line' id='line_1_30' title="bbox 262 1475 1142 1514; baseline -0.001 -8"><span class='ocrx_word' id='word_1_208' title='bbox 262 1477 357 1506; x_wconf 76' lang='lat' dir='ltr'>Dent.</span> <span class='ocrx_word' id='word_1_209' title='bbox 381 1475 429 1511; x_wconf 80' lang='lat'>13,</span> <span class='ocrx_word' id='word_1_210' title='bbox 456 1476 482 1506; x_wconf 90' lang='lat'>1.</span> <span class='ocrx_word' id='word_1_211' title='bbox 512 1475 614 1514; x_wconf 68' lang='lat' dir='ltr'>Quum</span> <span class='ocrx_word' id='word_1_212' title='bbox 632 1476 803 1506; x_wconf 57' lang='lat' dir='ltr'>sur-raverit</span> <span class='ocrx_word' id='word_1_213' title='bbox 824 1476 855 1506; x_wconf 75' lang='lat' dir='ltr'>in</span> <span class='ocrx_word' id='word_1_214' title='bbox 873 1475 972 1506; x_wconf 77' lang='lat' dir='ltr'>medio</span> <span class='ocrx_word' id='word_1_215' title='bbox 990 1476 1044 1506; x_wconf 70' lang='lat' dir='ltr'>tui.</span> <span class='ocrx_word' id='word_1_216' title='bbox 1074 1476 1142 1505; x_wconf 89' lang='lat' dir='ltr'>Iam</span> 
     </span>
     <span class='ocr_line' id='line_1_31' title="bbox 175 1518 1141 1558; baseline 0 -9"><span class='ocrx_word' id='word_1_217' title='bbox 175 1519 322 1549; x_wconf 83' lang='lat' dir='ltr'>videmus</span> <span class='ocrx_word' id='word_1_218' title='bbox 347 1529 411 1549; x_wconf 92' lang='lat' dir='ltr'>non</span> <span class='ocrx_word' id='word_1_219' title='bbox 436 1518 474 1549; x_wconf 89' lang='grc'>(18</span> <span class='ocrx_word' id='word_1_220' title='bbox 497 1529 645 1549; x_wconf 87' lang='lat' dir='ltr'>errorum</span> <span class='ocrx_word' id='word_1_221' title='bbox 676 1518 809 1549; x_wconf 82' lang='lat' dir='ltr'>fallaciis</span> <span class='ocrx_word' id='word_1_222' title='bbox 840 1519 907 1558; x_wconf 76' lang='lat' dir='ltr'>agi,</span> <span class='ocrx_word' id='word_1_223' title='bbox 938 1529 1017 1558; x_wconf 84' lang='lat' dir='ltr'>quas</span> <span class='ocrx_word' id='word_1_224' title='bbox 1041 1518 1141 1550; x_wconf 82' lang='lat' dir='ltr'>Satan</span> 
     </span>
     <span class='ocr_line' id='line_1_32' title="bbox 174 1561 1143 1601; baseline -0.001 -9"><span class='ocrx_word' id='word_1_225' title='bbox 174 1572 234 1601; x_wconf 88' lang='lat' dir='ltr'>per</span> <span class='ocrx_word' id='word_1_226' title='bbox 263 1568 364 1592; x_wconf 87' lang='lat' dir='ltr'>totum</span> <span class='ocrx_word' id='word_1_227' title='bbox 401 1562 511 1592; x_wconf 87' lang='lat' dir='ltr'>orbem</span> <span class='ocrx_word' id='word_1_228' title='bbox 541 1566 719 1600; x_wconf 80' lang='lat' dir='ltr'>sparserat,</span> <span class='ocrx_word' id='word_1_229' title='bbox 755 1561 810 1592; x_wconf 85' lang='lat' dir='ltr'>sed</span> <span class='ocrx_word' id='word_1_230' title='bbox 845 1571 925 1601; x_wconf 87' lang='lat' dir='ltr'>quae</span> <span class='ocrx_word' id='word_1_231' title='bbox 959 1562 1143 1601; x_wconf 82' lang='lat' dir='ltr'>proditurae</span> 
     </span>
     <span class='ocr_line' id='line_1_33' title="bbox 175 1604 1142 1644; baseline -0.001 -9"><span class='ocrx_word' id='word_1_232' title='bbox 175 1610 266 1635; x_wconf 86' lang='lat' dir='ltr'>erant</span> <span class='ocrx_word' id='word_1_233' title='bbox 292 1616 331 1635; x_wconf 79' lang='lat' dir='ltr'>ex</span> <span class='ocrx_word' id='word_1_234' title='bbox 356 1605 424 1644; x_wconf 83' lang='lat' dir='ltr'>ipso</span> <span class='ocrx_word' id='word_1_235' title='bbox 448 1604 600 1635; x_wconf 90' lang='lat' dir='ltr'>ecclesiae</span> <span class='ocrx_word' id='word_1_236' title='bbox 624 1605 706 1634; x_wconf 86' lang='lat' dir='ltr'>sinu.</span> <span class='ocrx_word' id='word_1_237' title='bbox 753 1605 801 1635; x_wconf 85' lang='lat' dir='ltr'>Ac</span> <span class='ocrx_word' id='word_1_238' title='bbox 825 1604 852 1634; x_wconf 92' lang='grc'>51</span> <span class='ocrx_word' id='word_1_239' title='bbox 876 1604 1010 1640; x_wconf 87' lang='lat' dir='ltr'>diceret,</span> <span class='ocrx_word' id='word_1_240' title='bbox 1038 1604 1142 1644; x_wconf 78' lang='lat' dir='ltr'>legem</span> 
     </span>
     <span class='ocr_line' id='line_1_34' title="bbox 174 1647 1142 1687; baseline -0.001 -9"><span class='ocrx_word' id='word_1_241' title='bbox 174 1658 238 1678; x_wconf 93' lang='lat' dir='ltr'>non</span> <span class='ocrx_word' id='word_1_242' title='bbox 253 1647 323 1678; x_wconf 87' lang='lat' dir='ltr'>ideo</span> <span class='ocrx_word' id='word_1_243' title='bbox 343 1648 444 1678; x_wconf 87' lang='lat' dir='ltr'>solum</span> <span class='ocrx_word' id='word_1_244' title='bbox 466 1647 574 1678; x_wconf 88' lang='lat' dir='ltr'>datam</span> <span class='ocrx_word' id='word_1_245' title='bbox 594 1658 663 1677; x_wconf 89' lang='lat' dir='ltr'>esse</span> <span class='ocrx_word' id='word_1_246' title='bbox 683 1657 765 1686; x_wconf 89' lang='lat' dir='ltr'>quae</span> <span class='ocrx_word' id='word_1_247' title='bbox 779 1647 944 1678; x_wconf 88' lang='lat' dir='ltr'>Israelitas</span> <span class='ocrx_word' id='word_1_248' title='bbox 963 1658 981 1677; x_wconf 85' lang='lat' dir='ltr'>a</span> <span class='ocrx_word' id='word_1_249' title='bbox 1000 1647 1142 1687; x_wconf 78' lang='lat' dir='ltr'>profanis</span> 
     </span>
     <span class='ocr_line' id='line_1_35' title="bbox 175 1689 1141 1730; baseline 0 -10"><span class='ocrx_word' id='word_1_250' title='bbox 175 1691 326 1730; x_wconf 87' lang='lat' dir='ltr'>gentibus</span> <span class='ocrx_word' id='word_1_251' title='bbox 360 1696 503 1730; x_wconf 82' lang='lat' dir='ltr'>separet.</span> <span class='ocrx_word' id='word_1_252' title='bbox 539 1689 595 1721; x_wconf 88' lang='lat' dir='ltr'>sed</span> <span class='ocrx_word' id='word_1_253' title='bbox 630 1700 710 1729; x_wconf 85' lang='lat' dir='ltr'>quae</span> <span class='ocrx_word' id='word_1_254' title='bbox 745 1691 890 1730; x_wconf 80' lang='lat' dir='ltr'>integros</span> <span class='ocrx_word' id='word_1_255' title='bbox 920 1690 1078 1721; x_wconf 86' lang='lat' dir='ltr'>custodiat</span> <span class='ocrx_word' id='word_1_256' title='bbox 1110 1690 1141 1720; x_wconf 91' lang='lat' dir='ltr'>in</span> 
     </span>
     <span class='ocr_line' id='line_1_36' title="bbox 174 1733 571 1773; baseline 0 -10"><span class='ocrx_word' id='word_1_257' title='bbox 174 1744 256 1773; x_wconf 89' lang='lat' dir='ltr'>pura</span> <span class='ocrx_word' id='word_1_258' title='bbox 299 1733 372 1763; x_wconf 87' lang='lat' dir='ltr'>fidei</span> <span class='ocrx_word' id='word_1_259' title='bbox 413 1734 571 1764; x_wconf 81' lang='lat' dir='ltr'>castitate.</span> 
     </span>
     <span class='ocr_line' id='line_1_37' title="bbox 175 1776 1142 1816; baseline -0.001 -9"><span class='ocrx_word' id='word_1_260' title='bbox 175 1776 328 1807; x_wconf 85' lang='lat' dir='ltr'>Christus</span> <span class='ocrx_word' id='word_1_261' title='bbox 352 1776 410 1807; x_wconf 88' lang='lat' dir='ltr'>sibi</span> <span class='ocrx_word' id='word_1_262' title='bbox 435 1776 609 1815; x_wconf 79' lang='lat' dir='ltr'>desponsat</span> <span class='ocrx_word' id='word_1_263' title='bbox 633 1786 691 1815; x_wconf 88' lang='lat' dir='ltr'>per</span> <span class='ocrx_word' id='word_1_264' title='bbox 715 1776 875 1816; x_wconf 76' lang='lat' dir='ltr'>evangelii</span> <span class='ocrx_word' id='word_1_265' title='bbox 900 1786 1081 1815; x_wconf 77' lang='lat' dir='ltr'>praecones,</span> <span class='ocrx_word' id='word_1_266' title='bbox 1107 1782 1142 1806; x_wconf 88' lang='lat' dir='ltr'>ut</span> 
     </span>
     <span class='ocr_line' id='line_1_38' title="bbox 174 1818 1139 1859; baseline 0 -10"><span class='ocrx_word' id='word_1_267' title='bbox 174 1820 278 1850; x_wconf 85' lang='lat' dir='ltr'>instar</span> <span class='ocrx_word' id='word_1_268' title='bbox 301 1819 436 1859; x_wconf 84' lang='lat' dir='ltr'>pudicae</span> <span class='ocrx_word' id='word_1_269' title='bbox 467 1819 602 1859; x_wconf 79' lang='lat' dir='ltr'>virginis</span> <span class='ocrx_word' id='word_1_270' title='bbox 631 1830 665 1849; x_wconf 87' lang='grc'>58</span> <span class='ocrx_word' id='word_1_271' title='bbox 690 1819 781 1849; x_wconf 82' lang='grc'>515181</span> <span class='ocrx_word' id='word_1_272' title='bbox 804 1820 838 1849; x_wconf 84' lang='grc'>111</span> <span class='ocrx_word' id='word_1_273' title='bbox 862 1819 931 1849; x_wconf 84' lang='grc'>81115</span> <span class='ocrx_word' id='word_1_274' title='bbox 954 1818 1139 1858; x_wconf 80' lang='lat' dir='ltr'>obsequium</span> 
     </span>
     <span class='ocr_line' id='line_1_39' title="bbox 175 1862 1141 1903; baseline -0.002 -10"><span class='ocrx_word' id='word_1_275' title='bbox 175 1862 216 1903; x_wconf 66' lang='lat'>(2.</span> <span class='ocrx_word' id='word_1_276' title='bbox 241 1863 314 1893; x_wconf 79' lang='lat' dir='ltr'>Cor.</span> <span class='ocrx_word' id='word_1_277' title='bbox 342 1863 390 1897; x_wconf 87' lang='lat'>11,</span> <span class='ocrx_word' id='word_1_278' title='bbox 415 1862 461 1903; x_wconf 70' lang='lat'>2).</span> <span class='ocrx_word' id='word_1_279' title='bbox 486 1873 544 1892; x_wconf 86' lang='lat' dir='ltr'>nee</span> <span class='ocrx_word' id='word_1_280' title='bbox 568 1862 643 1892; x_wconf 89' lang='lat' dir='ltr'>ullis</span> <span class='ocrx_word' id='word_1_281' title='bbox 668 1862 837 1892; x_wconf 81' lang='lat' dir='ltr'>lenociniis</span> <span class='ocrx_word' id='word_1_282' title='bbox 861 1873 893 1892; x_wconf 91' lang='lat' dir='ltr'>se</span> <span class='ocrx_word' id='word_1_283' title='bbox 918 1862 1031 1892; x_wconf 86' lang='lat' dir='ltr'>abduc1</span> <span class='ocrx_word' id='word_1_284' title='bbox 1056 1862 1141 1891; x_wconf 90' lang='lat' dir='ltr'>sinat</span> 
     </span>
     <span class='ocr_line' id='line_1_40' title="bbox 175 1904 1140 1945; baseline -0.001 -10"><span class='ocrx_word' id='word_1_285' title='bbox 175 1916 193 1935; x_wconf 86' lang='lat' dir='ltr'>a</span> <span class='ocrx_word' id='word_1_286' title='bbox 224 1905 298 1936; x_wconf 80' lang='lat' dir='ltr'>fidei</span> <span class='ocrx_word' id='word_1_287' title='bbox 339 1905 562 1945; x_wconf 82' lang='lat' dir='ltr'>simplicitate:</span> <span class='ocrx_word' id='word_1_288' title='bbox 606 1905 649 1934; x_wconf 83' lang='lat' dir='ltr'>ita</span> <span class='ocrx_word' id='word_1_289' title='bbox 686 1905 762 1935; x_wconf 89' lang='lat' dir='ltr'>olim</span> <span class='ocrx_word' id='word_1_290' title='bbox 801 1909 942 1935; x_wconf 89' lang='lat' dir='ltr'>veterem</span> <span class='ocrx_word' id='word_1_291' title='bbox 985 1904 1140 1944; x_wconf 89' lang='lat' dir='ltr'>populum</span> 
     </span>
     <span class='ocr_line' id='line_1_41' title="bbox 175 1947 1140 1987; baseline -0.001 -8"><span class='ocrx_word' id='word_1_292' title='bbox 175 1948 372 1987; x_wconf 76' lang='lat' dir='ltr'>desponsans</span> <span class='ocrx_word' id='word_1_293' title='bbox 397 1948 456 1978; x_wconf 86' lang='lat' dir='ltr'>sibi</span> <span class='ocrx_word' id='word_1_294' title='bbox 476 1947 584 1985; x_wconf 80' lang='lat' dir='ltr'>Deus,</span> <span class='ocrx_word' id='word_1_295' title='bbox 616 1948 710 1978; x_wconf 90' lang='lat' dir='ltr'>iussit</span> <span class='ocrx_word' id='word_1_296' title='bbox 732 1958 827 1978; x_wconf 89' lang='lat' dir='ltr'>aures</span> <span class='ocrx_word' id='word_1_297' title='bbox 850 1947 999 1978; x_wconf 83' lang='lat' dir='ltr'>claudere</span> <span class='ocrx_word' id='word_1_298' title='bbox 1022 1948 1140 1987; x_wconf 85' lang='lat' dir='ltr'>impos-</span> 
     </span>
     <span class='ocr_line' id='line_1_42' title="bbox 174 1990 1141 2030; baseline -0.001 -9"><span class='ocrx_word' id='word_1_299' title='bbox 174 1992 311 2022; x_wconf 85' lang='lat' dir='ltr'>toribus:</span> <span class='ocrx_word' id='word_1_300' title='bbox 348 1992 402 2030; x_wconf 91' lang='lat' dir='ltr'>qui</span> <span class='ocrx_word' id='word_1_301' title='bbox 434 1996 511 2021; x_wconf 84' lang='lat' dir='ltr'>sunt</span> <span class='ocrx_word' id='word_1_302' title='bbox 542 1990 642 2021; x_wconf 88' lang='lat' dir='ltr'>veluti</span> <span class='ocrx_word' id='word_1_303' title='bbox 672 1990 813 2021; x_wconf 85' lang='lat' dir='ltr'>Satanae</span> <span class='ocrx_word' id='word_1_304' title='bbox 844 1991 975 2021; x_wconf 89' lang='lat' dir='ltr'>lenones</span> <span class='ocrx_word' id='word_1_305' title='bbox 1004 1990 1043 2020; x_wconf 86' lang='lat' dir='ltr'>ad</span> <span class='ocrx_word' id='word_1_306' title='bbox 1073 1991 1141 2020; x_wconf 90' lang='lat' dir='ltr'>vio-</span> 
     </span>
    </p>
   </div>
   <div class='ocr_carea' id='block_1_3' title="bbox 174 2033 1169 2074">
    <p class='ocr_par' dir='ltr' id='par_1_4' title="bbox 174 2033 1169 2074">
     <span class='ocr_line' id='line_1_43' title="bbox 174 2033 1169 2074; baseline -0.001 -10"><span class='ocrx_word' id='word_1_307' title='bbox 174 2034 304 2064; x_wconf 85' lang='lat' dir='ltr'>landum</span> <span class='ocrx_word' id='word_1_308' title='bbox 329 2044 455 2065; x_wconf 83' lang='lat' dir='ltr'>sacrum</span> <span class='ocrx_word' id='word_1_309' title='bbox 480 2033 561 2063; x_wconf 91' lang='lat' dir='ltr'>illud</span> <span class='ocrx_word' id='word_1_310' title='bbox 584 2039 616 2063; x_wconf 85' lang='lat' dir='ltr'>et</span> <span class='ocrx_word' id='word_1_311' title='bbox 640 2033 778 2072; x_wconf 85' lang='lat' dir='ltr'>speciale</span> <span class='ocrx_word' id='word_1_312' title='bbox 801 2033 940 2074; x_wconf 82' lang='lat' dir='ltr'>coniugii</span> <span class='ocrx_word' id='word_1_313' title='bbox 967 2033 1140 2068; x_wconf 86' lang='lat' dir='ltr'>vinculum,</span> <span class='ocrx_word' id='word_1_314' title='bbox 1167 2056 1169 2063; x_wconf 97' lang='grc'>,</span> 
     </span>
    </p>
   </div>
   <div class='ocr_carea' id='block_1_4' title="bbox 172 2076 1141 2673">
    <p class='ocr_par' dir='ltr' id='par_1_5' title="bbox 172 2076 1141 2673">
     <span class='ocr_line' id='line_1_44' title="bbox 174 2076 1141 2117; baseline -0.002 -9"><span class='ocrx_word' id='word_1_315' title='bbox 174 2087 236 2117; x_wconf 87' lang='grc'>(1110</span> <span class='ocrx_word' id='word_1_316' title='bbox 268 2077 359 2107; x_wconf 86' lang='grc'>1)8115</span> <span class='ocrx_word' id='word_1_317' title='bbox 391 2077 461 2107; x_wconf 74' lang='lat' dir='ltr'>vult</span> <span class='ocrx_word' id='word_1_318' title='bbox 490 2077 558 2106; x_wconf 82' lang='lat' dir='ltr'>suis</span> <span class='ocrx_word' id='word_1_319' title='bbox 588 2077 780 2107; x_wconf 88' lang='lat' dir='ltr'>coniunctus</span> <span class='ocrx_word' id='word_1_320' title='bbox 810 2087 888 2107; x_wconf 87' lang='lat' dir='ltr'>esse.</span> <span class='ocrx_word' id='word_1_321' title='bbox 940 2076 1028 2106; x_wconf 90' lang='lat' dir='ltr'>Huic</span> <span class='ocrx_word' id='word_1_322' title='bbox 1057 2076 1141 2106; x_wconf 89' lang='lat' dir='ltr'>malo</span> 
     </span>
     <span class='ocr_line' id='line_1_45' title="bbox 173 2119 1141 2159; baseline -0.002 -9"><span class='ocrx_word' id='word_1_323' title='bbox 173 2130 231 2150; x_wconf 91' lang='lat' dir='ltr'>cur</span> <span class='ocrx_word' id='word_1_324' title='bbox 251 2120 330 2150; x_wconf 77' lang='lat' dir='ltr'>velit</span> <span class='ocrx_word' id='word_1_325' title='bbox 346 2120 434 2150; x_wconf 88' lang='lat' dir='ltr'>Dens</span> <span class='ocrx_word' id='word_1_326' title='bbox 459 2119 632 2149; x_wconf 78' lang='lat' dir='ltr'>obnoxiam</span> <span class='ocrx_word' id='word_1_327' title='bbox 656 2130 724 2150; x_wconf 84' lang='lat' dir='ltr'>esse</span> <span class='ocrx_word' id='word_1_328' title='bbox 748 2119 925 2155; x_wconf 85' lang='lat' dir='ltr'>ecclesiam,</span> <span class='ocrx_word' id='word_1_329' title='bbox 950 2119 1046 2158; x_wconf 82' lang='lat' dir='ltr'>paulo</span> <span class='ocrx_word' id='word_1_330' title='bbox 1070 2124 1141 2159; x_wconf 88' lang='lat' dir='ltr'>post</span> 
     </span>
     <span class='ocr_line' id='line_1_46' title="bbox 174 2162 1140 2202; baseline -0.001 -9"><span class='ocrx_word' id='word_1_331' title='bbox 174 2163 365 2193; x_wconf 77' lang='lat' dir='ltr'>videbimus.</span> <span class='ocrx_word' id='word_1_332' title='bbox 406 2163 536 2193; x_wconf 78' lang='lat' dir='ltr'>Interea</span> <span class='ocrx_word' id='word_1_333' title='bbox 560 2162 638 2192; x_wconf 91' lang='lat' dir='ltr'>utile</span> <span class='ocrx_word' id='word_1_334' title='bbox 662 2168 711 2193; x_wconf 84' lang='lat' dir='ltr'>est</span> <span class='ocrx_word' id='word_1_335' title='bbox 735 2163 772 2193; x_wconf 88' lang='lat' dir='ltr'>de</span> <span class='ocrx_word' id='word_1_336' title='bbox 795 2162 936 2202; x_wconf 85' lang='lat' dir='ltr'>periculo</span> <span class='ocrx_word' id='word_1_337' title='bbox 959 2163 1140 2192; x_wconf 80' lang='lat' dir='ltr'>admonitos</span> 
     </span>
     <span class='ocr_line' id='line_1_47' title="bbox 174 2205 1140 2242; baseline -0.002 -6"><span class='ocrx_word' id='word_1_338' title='bbox 174 2217 242 2236; x_wconf 83' lang='lat' dir='ltr'>esse</span> <span class='ocrx_word' id='word_1_339' title='bbox 264 2206 382 2242; x_wconf 79' lang='grc'>11118185,</span> <span class='ocrx_word' id='word_1_340' title='bbox 407 2212 441 2235; x_wconf 87' lang='grc'>111</span> <span class='ocrx_word' id='word_1_341' title='bbox 463 2206 527 2235; x_wconf 83' lang='grc'>51111</span> <span class='ocrx_word' id='word_1_342' title='bbox 548 2206 579 2235; x_wconf 90' lang='grc'>111</span> <span class='ocrx_word' id='word_1_343' title='bbox 601 2205 739 2236; x_wconf 80' lang='lat' dir='ltr'>assiduis</span> <span class='ocrx_word' id='word_1_344' title='bbox 759 2205 903 2236; x_wconf 79' lang='lat' dir='ltr'>excubiis</span> <span class='ocrx_word' id='word_1_345' title='bbox 921 2205 960 2235; x_wconf 85' lang='lat' dir='ltr'>ad</span> <span class='ocrx_word' id='word_1_346' title='bbox 980 2205 1140 2236; x_wconf 83' lang='lat' dir='ltr'>cavendas</span> 
     </span>
     <span class='ocr_line' id='line_1_48' title="bbox 175 2247 1140 2287; baseline -0.001 -9"><span class='ocrx_word' id='word_1_347' title='bbox 175 2249 316 2279; x_wconf 72' lang='lat' dir='ltr'>Satanae</span> <span class='ocrx_word' id='word_1_348' title='bbox 340 2248 481 2278; x_wconf 86' lang='lat' dir='ltr'>insidias.</span> <span class='ocrx_word' id='word_1_349' title='bbox 529 2248 641 2287; x_wconf 83' lang='lat' dir='ltr'>Neque</span> <span class='ocrx_word' id='word_1_350' title='bbox 665 2249 750 2279; x_wconf 88' lang='lat' dir='ltr'>enim</span> <span class='ocrx_word' id='word_1_351' title='bbox 776 2259 840 2278; x_wconf 91' lang='lat' dir='ltr'>uno</span> <span class='ocrx_word' id='word_1_352' title='bbox 864 2254 990 2278; x_wconf 88' lang='lat' dir='ltr'>tantum</span> <span class='ocrx_word' id='word_1_353' title='bbox 1015 2247 1140 2278; x_wconf 87' lang='grc'>58881110</span> 
     </span>
     <span class='ocr_line' id='line_1_49' title="bbox 175 2289 1139 2331; baseline -0.001 -10"><span class='ocrx_word' id='word_1_354' title='bbox 175 2292 325 2331; x_wconf 77' lang='lat' dir='ltr'>regnavit</span> <span class='ocrx_word' id='word_1_355' title='bbox 339 2291 418 2321; x_wconf 78' lang='lat' dir='ltr'>haec</span> <span class='ocrx_word' id='word_1_356' title='bbox 437 2291 546 2330; x_wconf 72' lang='lat' dir='ltr'>pestis,</span> <span class='ocrx_word' id='word_1_357' title='bbox 568 2291 622 2321; x_wconf 81' lang='lat' dir='ltr'>sed</span> <span class='ocrx_word' id='word_1_358' title='bbox 643 2291 847 2331; x_wconf 78' lang='lat' dir='ltr'>grassabitur</span> <span class='ocrx_word' id='word_1_359' title='bbox 865 2301 966 2330; x_wconf 87' lang='lat' dir='ltr'>usque</span> <span class='ocrx_word' id='word_1_360' title='bbox 985 2289 1024 2320; x_wconf 86' lang='lat' dir='ltr'>ad</span> <span class='ocrx_word' id='word_1_361' title='bbox 1044 2291 1139 2321; x_wconf 84' lang='lat' dir='ltr'>finem</span> 
     </span>
     <span class='ocr_line' id='line_1_50' title="bbox 175 2333 1139 2364; baseline -0.002 0"><span class='ocrx_word' id='word_1_362' title='bbox 175 2334 304 2364; x_wconf 84' lang='lat' dir='ltr'>mundi:</span> <span class='ocrx_word' id='word_1_363' title='bbox 340 2344 376 2364; x_wconf 89' lang='lat' dir='ltr'>ac</span> <span class='ocrx_word' id='word_1_364' title='bbox 412 2334 587 2364; x_wconf 86' lang='lat' dir='ltr'>tenendum</span> <span class='ocrx_word' id='word_1_365' title='bbox 619 2339 668 2364; x_wconf 91' lang='lat' dir='ltr'>est</span> <span class='ocrx_word' id='word_1_366' title='bbox 695 2333 775 2364; x_wconf 89' lang='lat' dir='ltr'>illud</span> <span class='ocrx_word' id='word_1_367' title='bbox 808 2334 911 2364; x_wconf 87' lang='lat' dir='ltr'>Petri:</span> <span class='ocrx_word' id='word_1_368' title='bbox 944 2333 1035 2364; x_wconf 77' lang='lat' dir='ltr'>Sicut</span> <span class='ocrx_word' id='word_1_369' title='bbox 1065 2334 1139 2363; x_wconf 90' lang='lat' dir='ltr'>olim</span> 
     </span>
     <span class='ocr_line' id='line_1_51' title="bbox 175 2376 961 2416; baseline 0 -9"><span class='ocrx_word' id='word_1_370' title='bbox 175 2378 307 2407; x_wconf 87' lang='lat' dir='ltr'>fuerunt</span> <span class='ocrx_word' id='word_1_371' title='bbox 349 2376 649 2416; x_wconf 83' lang='lat' dir='ltr'>pseudoprophetae</span> <span class='ocrx_word' id='word_1_372' title='bbox 689 2377 775 2416; x_wconf 83' lang='lat' dir='ltr'>apud</span> <span class='ocrx_word' id='word_1_373' title='bbox 811 2376 961 2413; x_wconf 85' lang='lat' dir='ltr'>Iudaeos,</span> 
     </span>
     <span class='ocr_line' id='line_1_52' title="bbox 175 2419 1141 2459; baseline -0.002 -9"><span class='ocrx_word' id='word_1_374' title='bbox 175 2431 273 2459; x_wconf 71' lang='lat' dir='ltr'>regno</span> <span class='ocrx_word' id='word_1_375' title='bbox 307 2420 432 2450; x_wconf 82' lang='grc'>(’1111511</span> <span class='ocrx_word' id='word_1_376' title='bbox 467 2421 533 2450; x_wconf 77' lang='lat' dir='ltr'>fore</span> <span class='ocrx_word' id='word_1_377' title='bbox 568 2419 666 2450; x_wconf 88' lang='lat' dir='ltr'>falsos</span> <span class='ocrx_word' id='word_1_378' title='bbox 699 2420 861 2454; x_wconf 84' lang='grc'>(10810185,</span> <span class='ocrx_word' id='word_1_379' title='bbox 895 2420 948 2458; x_wconf 90' lang='lat' dir='ltr'>qui</span> <span class='ocrx_word' id='word_1_380' title='bbox 984 2419 1141 2449; x_wconf 79' lang='lat' dir='ltr'>inducant</span> 
     </span>
     <span class='ocr_line' id='line_1_53' title="bbox 175 2462 1137 2503; baseline -0.001 -11"><span class='ocrx_word' id='word_1_381' title='bbox 175 2462 321 2493; x_wconf 80' lang='lat' dir='ltr'>exitiales</span> <span class='ocrx_word' id='word_1_382' title='bbox 362 2470 466 2493; x_wconf 77' lang='lat' dir='ltr'>sectas</span> <span class='ocrx_word' id='word_1_383' title='bbox 500 2462 541 2503; x_wconf 75' lang='lat'>(2.</span> <span class='ocrx_word' id='word_1_384' title='bbox 578 2462 664 2493; x_wconf 80' lang='lat' dir='ltr'>I&#39;etr.</span> <span class='ocrx_word' id='word_1_385' title='bbox 701 2463 729 2496; x_wconf 73' lang='lat'>2,</span> <span class='ocrx_word' id='word_1_386' title='bbox 767 2462 806 2503; x_wconf 90' lang='grc'>1).</span> <span class='ocrx_word' id='word_1_387' title='bbox 858 2462 1033 2492; x_wconf 82' lang='lat' dir='ltr'>Caeterum</span> <span class='ocrx_word' id='word_1_388' title='bbox 1075 2472 1137 2491; x_wconf 91' lang='lat' dir='ltr'>non</span> 
     </span>
     <span class='ocr_line' id='line_1_54' title="bbox 176 2503 1139 2543; baseline -0.002 -8"><span class='ocrx_word' id='word_1_389' title='bbox 176 2505 365 2536; x_wconf 71' lang='lat' dir='ltr'>domesticos</span> <span class='ocrx_word' id='word_1_390' title='bbox 389 2512 515 2536; x_wconf 83' lang='lat' dir='ltr'>tantum</span> <span class='ocrx_word' id='word_1_391' title='bbox 540 2505 649 2535; x_wconf 88' lang='grc'>1105185</span> <span class='ocrx_word' id='word_1_392' title='bbox 672 2505 782 2536; x_wconf 81' lang='lat' dir='ltr'>Moses</span> <span class='ocrx_word' id='word_1_393' title='bbox 805 2504 970 2543; x_wconf 77' lang='lat' dir='ltr'>desi&lt;rnat</span> <span class='ocrx_word' id='word_1_394' title='bbox 1002 2503 1056 2534; x_wconf 88' lang='lat' dir='ltr'>sed</span> <span class='ocrx_word' id='word_1_395' title='bbox 1086 2505 1139 2543; x_wconf 88' lang='lat' dir='ltr'>qui</span> 
     </span>
     <span class='ocr_line' id='line_1_55' title="bbox 176 2547 1140 2587; baseline 0 -11"><span class='ocrx_word' id='word_1_396' title='bbox 176 2548 363 2587; x_wconf 80' lang='lat' dir='ltr'>prophetico</span> <span class='ocrx_word' id='word_1_397' title='bbox 387 2548 480 2578; x_wconf 90' lang='lat' dir='ltr'>titulo</span> <span class='ocrx_word' id='word_1_398' title='bbox 505 2559 537 2578; x_wconf 86' lang='grc'>58</span> <span class='ocrx_word' id='word_1_399' title='bbox 562 2548 757 2587; x_wconf 64' lang='lat' dir='ltr'>insionient,</span> <span class='ocrx_word' id='word_1_400' title='bbox 779 2558 840 2587; x_wconf 90' lang='lat' dir='ltr'>quo</span> <span class='ocrx_word' id='word_1_401' title='bbox 864 2548 986 2577; x_wconf 84' lang='lat' dir='ltr'>maiole</span> <span class='ocrx_word' id='word_1_402' title='bbox 1011 2547 1140 2577; x_wconf 80' lang='lat' dir='ltr'>licentia</span> 
     </span>
     <span class='ocr_line' id='line_1_56' title="bbox 174 2573 1138 2630; baseline -0.002 -10"><span class='ocrx_word' id='word_1_403' title='bbox 174 2591 339 2629; x_wconf 68' lang='lat' dir='ltr'>nimisque</span> <span class='ocrx_word' id='word_1_404' title='bbox 364 2591 496 2630; x_wconf 70' lang='lat' dir='ltr'>inipnnz</span> <span class='ocrx_word' id='word_1_405' title='bbox 520 2591 693 2630; x_wconf 77' lang='grc'>(1881111181</span> <span class='ocrx_word' id='word_1_406' title='bbox 740 2573 835 2622; x_wconf 85' lang='lat' dir='ltr'>Unde</span> <span class='ocrx_word' id='word_1_407' title='bbox 858 2590 1049 2629; x_wconf 67' lang='lat' dir='ltr'>colliaimus,</span> <span class='ocrx_word' id='word_1_408' title='bbox 1074 2600 1138 2619; x_wconf 84' lang='lat' dir='ltr'>non</span> 
     </span>
     <span class='ocr_line' id='line_1_57' title="bbox 172 2628 1138 2673; baseline -0.001 -10"><span class='ocrx_word' id='word_1_409' title='bbox 172 2628 319 2664; x_wconf 79' lang='grc'>5111118818</span> <span class='ocrx_word' id='word_1_410' title='bbox 332 2634 468 2671; x_wconf 68' lang='grc'>(1181111111</span> <span class='ocrx_word' id='word_1_411' title='bbox 484 2633 622 2671; x_wconf 82' lang='lat' dir='ltr'>honoris,</span> <span class='ocrx_word' id='word_1_412' title='bbox 644 2634 693 2664; x_wconf 89' lang='lat' dir='ltr'>vel</span> <span class='ocrx_word' id='word_1_413' title='bbox 713 2633 882 2673; x_wconf 83' lang='lat' dir='ltr'>plausibile</span> <span class='ocrx_word' id='word_1_414' title='bbox 902 2631 988 2663; x_wconf 87' lang='lat' dir='ltr'>allud</span> <span class='ocrx_word' id='word_1_415' title='bbox 1010 2642 1138 2669; x_wconf 87' lang='lat' dir='ltr'>nomen,</span> 
     </span>
    </p>
   </div>
   <div class='ocr_carea' id='block_1_5' title="bbox 636 1732 1170 1776">
    <p class='ocr_par' dir='ltr' id='par_1_6' title="bbox 636 1732 1170 1776">
     <span class='ocr_line' id='line_1_58' title="bbox 636 1732 1170 1776; baseline 0 -13"><span class='ocrx_word' id='word_1_416' title='bbox 636 1733 720 1763; x_wconf 86' lang='lat' dir='ltr'>Nam</span> <span class='ocrx_word' id='word_1_417' title='bbox 762 1739 795 1763; x_wconf 86' lang='lat' dir='ltr'>ut</span> <span class='ocrx_word' id='word_1_418' title='bbox 837 1732 932 1763; x_wconf 90' lang='lat' dir='ltr'>hodie</span> <span class='ocrx_word' id='word_1_419' title='bbox 975 1733 1170 1776; x_wconf 50' lang='lat' dir='ltr'>eeclesiam¹</span> 
     </span>
    </p>
   </div>
   <div class='ocr_carea' id='block_1_6' title="bbox 1168 2204 1365 2243">
    <p class='ocr_par' dir='ltr' id='par_1_7' title="bbox 1168 2204 1365 2243">
     <span class='ocr_line' id='line_1_59' title="bbox 1168 2204 1365 2243; baseline 0.01 -10"><span class='ocrx_word' id='word_1_420' title='bbox 1168 2215 1169 2219; x_wconf 59' lang='lat'>¹</span> <span class='ocrx_word' id='word_1_421' title='bbox 1194 2204 1262 2243; x_wconf 85' lang='lat' dir='ltr'>ipso</span> <span class='ocrx_word' id='word_1_422' title='bbox 1288 2204 1365 2235; x_wconf 88' lang='lat' dir='ltr'>Deo.</span> 
     </span>
    </p>
   </div>
   <div class='ocr_carea' id='block_1_7' title="bbox 1167 2246 1467 2278">
    <p class='ocr_par' dir='ltr' id='par_1_8' title="bbox 1167 2246 1467 2278">
     <span class='ocr_line' id='line_1_60' title="bbox 1167 2246 1467 2278; baseline 0.007 -3"><span class='ocrx_word' id='word_1_423' title='bbox 1167 2250 1168 2270; x_wconf 64' lang='grc' dir='ltr'>ἒ</span> <span class='ocrx_word' id='word_1_424' title='bbox 1195 2246 1234 2276; x_wconf 85' lang='grc'>811</span> <span class='ocrx_word' id='word_1_425' title='bbox 1266 2247 1467 2278; x_wconf 82' lang='lat' dir='ltr'>Hananiam:</span> 
     </span>
    </p>
   </div>
   <div class='ocr_carea' id='block_1_8' title="bbox 1003 2376 1168 2420">
    <p class='ocr_par' dir='ltr' id='par_1_9' title="bbox 1003 2376 1168 2420">
     <span class='ocr_line' id='line_1_61' title="bbox 1003 2376 1168 2420; baseline 0 -15"><span class='ocrx_word' id='word_1_426' title='bbox 1003 2377 1047 2406; x_wconf 89' lang='lat' dir='ltr'>ita</span> <span class='ocrx_word' id='word_1_427' title='bbox 1080 2376 1140 2406; x_wconf 88' lang='lat' dir='ltr'>sub</span> <span class='ocrx_word' id='word_1_428' title='bbox 1167 2410 1168 2420; x_wconf 24' lang='lat'>¹</span> 
     </span>
    </p>
   </div>
   <div class='ocr_carea' id='block_1_9' title="bbox 1166 287 1175 2665">
    <p class='ocr_par' dir='ltr' id='par_1_10' title="bbox 1166 287 1175 2665">
     <span class='ocr_line' id='line_1_62' title="bbox 1166 287 1175 2665; baseline 0 0"><span class='ocrx_word' id='word_1_429' title='bbox 1166 287 1175 2665; x_wconf 95' lang='lat' dir='ltr'> </span> 
     </span>
    </p>
   </div>
   <div class='ocr_carea' id='block_1_10' title="bbox 2103 186 2166 217">
    <p class='ocr_par' dir='ltr' id='par_1_11' title="bbox 2103 186 2166 217">
     <span class='ocr_line' id='line_1_63' title="bbox 2103 186 2166 217; baseline 0 0"><span class='ocrx_word' id='word_1_430' title='bbox 2103 186 2166 217; x_wconf 81' lang='lat'>276</span> 
     </span>
    </p>
   </div>
   <div class='ocr_carea' id='block_1_11' title="bbox 1194 277 2166 2117">
    <p class='ocr_par' dir='ltr' id='par_1_12' title="bbox 1194 277 2166 2117">
     <span class='ocr_line' id='line_1_64' title="bbox 1200 277 2165 318; baseline 0.003 -10"><span class='ocrx_word' id='word_1_431' title='bbox 1200 278 1268 308; x_wconf 90' lang='lat' dir='ltr'>sive</span> <span class='ocrx_word' id='word_1_432' title='bbox 1292 280 1446 317; x_wconf 87' lang='lat' dir='ltr'>pastoris,</span> <span class='ocrx_word' id='word_1_433' title='bbox 1480 279 1547 310; x_wconf 89' lang='lat' dir='ltr'>sive</span> <span class='ocrx_word' id='word_1_434' title='bbox 1570 278 1764 318; x_wconf 86' lang='lat' dir='ltr'>prophetae,</span> <span class='ocrx_word' id='word_1_435' title='bbox 1788 277 1857 307; x_wconf 91' lang='lat' dir='ltr'>sive</span> <span class='ocrx_word' id='word_1_436' title='bbox 1880 278 2071 317; x_wconf 83' lang='lat' dir='ltr'>sacerdotis,</span> <span class='ocrx_word' id='word_1_437' title='bbox 2100 280 2165 311; x_wconf 90' lang='lat' dir='ltr'>nisi</span> 
     </span>
     <span class='ocr_line' id='line_1_65' title="bbox 1199 320 2164 361; baseline 0.003 -10"><span class='ocrx_word' id='word_1_438' title='bbox 1199 320 1372 352; x_wconf 89' lang='lat' dir='ltr'>coniuncta</span> <span class='ocrx_word' id='word_1_439' title='bbox 1396 322 1436 352; x_wconf 91' lang='lat' dir='ltr'>sit</span> <span class='ocrx_word' id='word_1_440' title='bbox 1464 322 1633 353; x_wconf 83' lang='lat' dir='ltr'>sinceritas</span> <span class='ocrx_word' id='word_1_441' title='bbox 1663 330 1744 360; x_wconf 86' lang='lat' dir='ltr'>quae</span> <span class='ocrx_word' id='word_1_442' title='bbox 1774 320 1932 350; x_wconf 88' lang='lat' dir='ltr'>vocationi</span> <span class='ocrx_word' id='word_1_443' title='bbox 1963 322 2164 361; x_wconf 82' lang='lat' dir='ltr'>respondeat.</span> 
     </span>
     <span class='ocr_line' id='line_1_66' title="bbox 1199 362 2164 402; baseline 0.004 -9"><span class='ocrx_word' id='word_1_444' title='bbox 1199 362 1290 401; x_wconf 83' lang='lat' dir='ltr'>Quos</span> <span class='ocrx_word' id='word_1_445' title='bbox 1325 364 1410 394; x_wconf 89' lang='lat' dir='ltr'>enim</span> <span class='ocrx_word' id='word_1_446' title='bbox 1446 364 1498 395; x_wconf 90' lang='lat' dir='ltr'>hie</span> <span class='ocrx_word' id='word_1_447' title='bbox 1530 365 1619 395; x_wconf 87' lang='lat' dir='ltr'>Deus</span> <span class='ocrx_word' id='word_1_448' title='bbox 1649 365 1761 402; x_wconf 77' lang='lat' dir='ltr'>fugere</span> <span class='ocrx_word' id='word_1_449' title='bbox 1789 367 1822 392; x_wconf 87' lang='lat' dir='ltr'>et</span> <span class='ocrx_word' id='word_1_450' title='bbox 1850 363 2030 394; x_wconf 86' lang='lat' dir='ltr'>abominari</span> <span class='ocrx_word' id='word_1_451' title='bbox 2051 364 2164 396; x_wconf 80' lang='lat' dir='ltr'>iubet?</span> 
     </span>
     <span class='ocr_line' id='line_1_67' title="bbox 1199 405 2166 455; baseline 0.003 -19"><span class='ocrx_word' id='word_1_452' title='bbox 1199 416 1315 446; x_wconf 84' lang='lat' dir='ltr'>nempe</span> <span class='ocrx_word' id='word_1_453' title='bbox 1340 407 1393 455; x_wconf 81' lang='lat' dir='ltr'>qui</span> <span class='ocrx_word' id='word_1_454' title='bbox 1418 407 1592 447; x_wconf 86' lang='lat' dir='ltr'>prophetas</span> <span class='ocrx_word' id='word_1_455' title='bbox 1622 417 1655 436; x_wconf 86' lang='lat' dir='ltr'>se</span> <span class='ocrx_word' id='word_1_456' title='bbox 1686 405 1866 436; x_wconf 68' lang='lat' dir='ltr'>iactabant·</span> <span class='ocrx_word' id='word_1_457' title='bbox 1897 405 1952 436; x_wconf 84' lang='lat' dir='ltr'>sed</span> <span class='ocrx_word' id='word_1_458' title='bbox 1983 406 2037 437; x_wconf 88' lang='lat' dir='ltr'>ubi</span> <span class='ocrx_word' id='word_1_459' title='bbox 2067 407 2166 447; x_wconf 86' lang='lat' dir='ltr'>probe</span> 
     </span>
     <span class='ocr_line' id='line_1_68' title="bbox 1199 448 2165 489; baseline 0.003 -10"><span class='ocrx_word' id='word_1_460' title='bbox 1199 450 1375 480; x_wconf 79' lang='lat' dir='ltr'>examinati</span> <span class='ocrx_word' id='word_1_461' title='bbox 1400 450 1529 486; x_wconf 78' lang='lat' dir='ltr'>fueiint,</span> <span class='ocrx_word' id='word_1_462' title='bbox 1550 449 1694 479; x_wconf 86' lang='lat' dir='ltr'>detracta</span> <span class='ocrx_word' id='word_1_463' title='bbox 1713 448 1804 478; x_wconf 69' lang='lat' dir='ltr'>larva</span> <span class='ocrx_word' id='word_1_464' title='bbox 1823 448 1997 487; x_wconf 86' lang='lat' dir='ltr'>pudefient.</span> <span class='ocrx_word' id='word_1_465' title='bbox 2032 448 2165 489; x_wconf 82' lang='lat' dir='ltr'>Species</span> 
     </span>
     <span class='ocr_line' id='line_1_69' title="bbox 1198 490 2165 531; baseline 0.003 -10.003"><span class='ocrx_word' id='word_1_466' title='bbox 1198 492 1310 531; x_wconf 82' lang='lat' dir='ltr'>generi</span> <span class='ocrx_word' id='word_1_467' title='bbox 1345 492 1527 523; x_wconf 86' lang='lat' dir='ltr'>subiicitur:</span> <span class='ocrx_word' id='word_1_468' title='bbox 1571 501 1668 531; x_wconf 89' lang='lat' dir='ltr'>quum</span> <span class='ocrx_word' id='word_1_469' title='bbox 1706 490 1791 520; x_wconf 90' lang='lat' dir='ltr'>idem</span> <span class='ocrx_word' id='word_1_470' title='bbox 1825 490 1880 521; x_wconf 88' lang='grc'>1118</span> <span class='ocrx_word' id='word_1_471' title='bbox 1914 496 2048 522; x_wconf 85' lang='lat' dir='ltr'>vocatur</span> <span class='ocrx_word' id='word_1_472' title='bbox 2081 503 2165 524; x_wconf 88' lang='lat' dir='ltr'>som-</span> 
     </span>
     <span class='ocr_line' id='line_1_70' title="bbox 1199 534 2165 574; baseline 0.003 -10"><span class='ocrx_word' id='word_1_473' title='bbox 1199 534 1312 567; x_wconf 80' lang='lat' dir='ltr'>niator,</span> <span class='ocrx_word' id='word_1_474' title='bbox 1337 536 1411 574; x_wconf 85' lang='lat' dir='ltr'>quia</span> <span class='ocrx_word' id='word_1_475' title='bbox 1433 545 1466 566; x_wconf 91' lang='lat' dir='ltr'>se</span> <span class='ocrx_word' id='word_1_476' title='bbox 1486 536 1575 565; x_wconf 79' lang='lat' dir='ltr'>Deus</span> <span class='ocrx_word' id='word_1_477' title='bbox 1595 534 1671 564; x_wconf 90' lang='lat' dir='ltr'>olim</span> <span class='ocrx_word' id='word_1_478' title='bbox 1692 534 1858 573; x_wconf 86' lang='lat' dir='ltr'>prophetis</span> <span class='ocrx_word' id='word_1_479' title='bbox 1877 545 1963 565; x_wconf 89' lang='lat' dir='ltr'>nunc</span> <span class='ocrx_word' id='word_1_480' title='bbox 1986 545 2044 574; x_wconf 91' lang='lat' dir='ltr'>per</span> <span class='ocrx_word' id='word_1_481' title='bbox 2067 536 2165 567; x_wconf 87' lang='lat' dir='ltr'>visio-</span> 
     </span>
     <span class='ocr_line' id='line_1_71' title="bbox 1200 576 2165 618; baseline 0.004 -12"><span class='ocrx_word' id='word_1_482' title='bbox 1200 588 1265 614; x_wconf 81' lang='lat' dir='ltr'>nes,</span> <span class='ocrx_word' id='word_1_483' title='bbox 1291 588 1375 608; x_wconf 88' lang='lat' dir='ltr'>nune</span> <span class='ocrx_word' id='word_1_484' title='bbox 1396 589 1451 617; x_wconf 85' lang='lat' dir='ltr'>per</span> <span class='ocrx_word' id='word_1_485' title='bbox 1470 578 1595 608; x_wconf 84' lang='lat' dir='ltr'>somnia</span> <span class='ocrx_word' id='word_1_486' title='bbox 1614 576 1773 616; x_wconf 67' lang='lat' dir='ltr'>patefecit</span> <span class='ocrx_word' id='word_1_487' title='bbox 1808 576 1951 616; x_wconf 86' lang='lat' dir='ltr'>Uterque</span> <span class='ocrx_word' id='word_1_488' title='bbox 1969 587 2046 618; x_wconf 84' lang='lat' dir='ltr'>ergo</span> <span class='ocrx_word' id='word_1_489' title='bbox 2066 577 2165 610; x_wconf 88' lang='lat' dir='ltr'>hono-</span> 
     </span>
     <span class='ocr_line' id='line_1_72' title="bbox 1199 618 2164 660; baseline 0.003 -10"><span class='ocrx_word' id='word_1_490' title='bbox 1199 621 1308 651; x_wconf 77' lang='lat' dir='ltr'>rificus</span> <span class='ocrx_word' id='word_1_491' title='bbox 1348 626 1535 660; x_wconf 73' lang='lat' dir='ltr'>praetextus</span> <span class='ocrx_word' id='word_1_492' title='bbox 1570 619 1630 649; x_wconf 86' lang='lat' dir='ltr'>fuit</span> <span class='ocrx_word' id='word_1_493' title='bbox 1665 618 1705 649; x_wconf 92' lang='lat' dir='ltr'>ad</span> <span class='ocrx_word' id='word_1_494' title='bbox 1739 619 1976 650; x_wconf 88' lang='lat' dir='ltr'>conciliandum</span> <span class='ocrx_word' id='word_1_495' title='bbox 2009 620 2164 653; x_wconf 89' lang='lat' dir='ltr'>favorem.</span> 
     </span>
     <span class='ocr_line' id='line_1_73' title="bbox 1199 662 2166 702; baseline 0.002 -9"><span class='ocrx_word' id='word_1_496' title='bbox 1199 663 1341 694; x_wconf 81' lang='lat' dir='ltr'>Gravior</span> <span class='ocrx_word' id='word_1_497' title='bbox 1355 669 1461 693; x_wconf 85' lang='lat' dir='ltr'>tamen</span> <span class='ocrx_word' id='word_1_498' title='bbox 1475 672 1555 702; x_wconf 88' lang='lat' dir='ltr'>quae</span> <span class='ocrx_word' id='word_1_499' title='bbox 1569 662 1715 701; x_wconf 89' lang='lat' dir='ltr'>sequitur</span> <span class='ocrx_word' id='word_1_500' title='bbox 1733 662 1881 699; x_wconf 86' lang='lat' dir='ltr'>tentatio,</span> <span class='ocrx_word' id='word_1_501' title='bbox 1902 662 1929 693; x_wconf 86' lang='lat' dir='ltr'>si</span> <span class='ocrx_word' id='word_1_502' title='bbox 1948 662 2166 702; x_wconf 83' lang='lat' dir='ltr'>praedictione</span> 
     </span>
     <span class='ocr_line' id='line_1_74' title="bbox 1199 704 2164 745; baseline 0.003 -10"><span class='ocrx_word' id='word_1_503' title='bbox 1199 705 1305 745; x_wconf 85' lang='lat' dir='ltr'>aliqua</span> <span class='ocrx_word' id='word_1_504' title='bbox 1335 717 1369 737; x_wconf 90' lang='lat' dir='ltr'>se</span> <span class='ocrx_word' id='word_1_505' title='bbox 1399 705 1683 736; x_wconf 83' lang='lat' dir='ltr'>commendaverit.</span> <span class='ocrx_word' id='word_1_506' title='bbox 1736 704 1818 743; x_wconf 80' lang='lat' dir='ltr'>Quis</span> <span class='ocrx_word' id='word_1_507' title='bbox 1853 705 1939 736; x_wconf 89' lang='lat' dir='ltr'>enim</span> <span class='ocrx_word' id='word_1_508' title='bbox 1976 706 2164 738; x_wconf 81' lang='lat' dir='ltr'>vaticinium</span> 
     </span>
     <span class='ocr_line' id='line_1_75' title="bbox 1198 747 2166 789; baseline 0.002 -11"><span class='ocrx_word' id='word_1_509' title='bbox 1198 755 1318 779; x_wconf 90' lang='lat' dir='ltr'>eventu</span> <span class='ocrx_word' id='word_1_510' title='bbox 1353 749 1522 788; x_wconf 87' lang='lat' dir='ltr'>probatum</span> <span class='ocrx_word' id='word_1_511' title='bbox 1557 747 1802 778; x_wconf 81' lang='lat' dir='ltr'>contemneret?</span> <span class='ocrx_word' id='word_1_512' title='bbox 1844 748 2033 787; x_wconf 89' lang='lat' dir='ltr'>praesertim</span> <span class='ocrx_word' id='word_1_513' title='bbox 2067 759 2166 789; x_wconf 89' lang='lat' dir='ltr'>quum</span> 
     </span>
     <span class='ocr_line' id='line_1_76' title="bbox 1198 790 2164 831; baseline 0.002 -10"><span class='ocrx_word' id='word_1_514' title='bbox 1198 792 1390 830; x_wconf 85' lang='lat' dir='ltr'>pronunciet</span> <span class='ocrx_word' id='word_1_515' title='bbox 1409 791 1510 822; x_wconf 87' lang='lat' dir='ltr'>Isaias</span> <span class='ocrx_word' id='word_1_516' title='bbox 1529 790 1579 823; x_wconf 73' lang='lat'>41,</span> <span class='ocrx_word' id='word_1_517' title='bbox 1600 790 1638 821; x_wconf 81' lang='lat'>21</span> <span class='ocrx_word' id='word_1_518' title='bbox 1660 790 1715 820; x_wconf 90' lang='lat' dir='ltr'>uni</span> <span class='ocrx_word' id='word_1_519' title='bbox 1736 790 1795 821; x_wconf 91' lang='lat' dir='ltr'>hoc</span> <span class='ocrx_word' id='word_1_520' title='bbox 1813 791 1882 821; x_wconf 93' lang='lat' dir='ltr'>Deo</span> <span class='ocrx_word' id='word_1_521' title='bbox 1901 801 1970 822; x_wconf 86' lang='lat' dir='ltr'>esse</span> <span class='ocrx_word' id='word_1_522' title='bbox 1989 792 2164 831; x_wconf 87' lang='lat' dir='ltr'>proprium.</span> 
     </span>
     <span class='ocr_line' id='line_1_77' title="bbox 1201 833 2166 874; baseline 0.002 -10"><span class='ocrx_word' id='word_1_523' title='bbox 1201 836 1346 874; x_wconf 74' lang='lat' dir='ltr'>Augetur</span> <span class='ocrx_word' id='word_1_524' title='bbox 1376 835 1470 864; x_wconf 89' lang='lat' dir='ltr'>etiam</span> <span class='ocrx_word' id='word_1_525' title='bbox 1497 834 1599 873; x_wconf 83' lang='lat' dir='ltr'>magis</span> <span class='ocrx_word' id='word_1_526' title='bbox 1626 833 1798 872; x_wconf 87' lang='lat' dir='ltr'>pubitatio‚</span> <span class='ocrx_word' id='word_1_527' title='bbox 1829 833 1911 873; x_wconf 87' lang='lat' dir='ltr'>quod</span> <span class='ocrx_word' id='word_1_528' title='bbox 1935 833 2026 865; x_wconf 89' lang='lat' dir='ltr'>Deus</span> <span class='ocrx_word' id='word_1_529' title='bbox 2056 841 2166 874; x_wconf 83' lang='lat' dir='ltr'>postea</span> 
     </span>
     <span class='ocr_line' id='line_1_78' title="bbox 1200 876 2165 916; baseline 0.003 -9"><span class='ocrx_word' id='word_1_530' title='bbox 1200 877 1247 908; x_wconf 83' lang='lat'>18.</span> <span class='ocrx_word' id='word_1_531' title='bbox 1278 877 1381 916; x_wconf 78' lang='lat' dir='ltr'>capite</span> <span class='ocrx_word' id='word_1_532' title='bbox 1415 877 1474 907; x_wconf 86' lang='lat' dir='ltr'>hoc</span> <span class='ocrx_word' id='word_1_533' title='bbox 1507 876 1655 916; x_wconf 81' lang='lat' dir='ltr'>symbolo</span> <span class='ocrx_word' id='word_1_534' title='bbox 1690 876 1873 907; x_wconf 87' lang='lat' dir='ltr'>discernere</span> <span class='ocrx_word' id='word_1_535' title='bbox 1908 876 2038 907; x_wconf 88' lang='lat' dir='ltr'>videtur</span> <span class='ocrx_word' id='word_1_536' title='bbox 2072 888 2165 910; x_wconf 85' lang='lat' dir='ltr'>veros</span> 
     </span>
     <span class='ocr_line' id='line_1_79' title="bbox 1198 918 2165 959; baseline 0.002 -9"><span class='ocrx_word' id='word_1_537' title='bbox 1198 920 1371 959; x_wconf 79' lang='lat' dir='ltr'>prophetas</span> <span class='ocrx_word' id='word_1_538' title='bbox 1399 930 1416 949; x_wconf 87' lang='lat' dir='ltr'>a</span> <span class='ocrx_word' id='word_1_539' title='bbox 1450 919 1547 949; x_wconf 84' lang='lat' dir='ltr'>falsis.</span> <span class='ocrx_word' id='word_1_540' title='bbox 1605 918 1815 958; x_wconf 86' lang='lat' dir='ltr'>Respondeo‚</span> <span class='ocrx_word' id='word_1_541' title='bbox 1850 918 1945 958; x_wconf 76' lang='lat' dir='ltr'>Quod</span> <span class='ocrx_word' id='word_1_542' title='bbox 1979 920 2038 951; x_wconf 88' lang='lat' dir='ltr'>sibi</span> <span class='ocrx_word' id='word_1_543' title='bbox 2075 919 2165 952; x_wconf 88' lang='lat' dir='ltr'>Deus</span> 
     </span>
     <span class='ocr_line' id='line_1_80' title="bbox 1199 961 2165 1002; baseline 0.003 -10"><span class='ocrx_word' id='word_1_544' title='bbox 1199 962 1349 993; x_wconf 83' lang='lat' dir='ltr'>vendicat</span> <span class='ocrx_word' id='word_1_545' title='bbox 1372 962 1601 1001; x_wconf 82' lang='lat' dir='ltr'>praedictionis</span> <span class='ocrx_word' id='word_1_546' title='bbox 1629 961 1782 1002; x_wconf 85' lang='lat' dir='ltr'>gloriam,</span> <span class='ocrx_word' id='word_1_547' title='bbox 1812 961 1843 992; x_wconf 94' lang='lat' dir='ltr'>id</span> <span class='ocrx_word' id='word_1_548' title='bbox 1874 963 2007 993; x_wconf 88' lang='lat' dir='ltr'>minime</span> <span class='ocrx_word' id='word_1_549' title='bbox 2036 963 2165 995; x_wconf 87' lang='lat' dir='ltr'>obstare</span> 
     </span>
     <span class='ocr_line' id='line_1_81' title="bbox 1197 1004 2166 1045; baseline 0.002 -10"><span class='ocrx_word' id='word_1_550' title='bbox 1197 1007 1273 1045; x_wconf 91' lang='lat' dir='ltr'>quin</span> <span class='ocrx_word' id='word_1_551' title='bbox 1296 1005 1458 1035; x_wconf 81' lang='lat' dir='ltr'>interdum</span> <span class='ocrx_word' id='word_1_552' title='bbox 1474 1004 1615 1036; x_wconf 80' lang='lat' dir='ltr'>Satanae</span> <span class='ocrx_word' id='word_1_553' title='bbox 1638 1015 1762 1044; x_wconf 92' lang='lat' dir='ltr'>quoque</span> <span class='ocrx_word' id='word_1_554' title='bbox 1787 1005 1943 1036; x_wconf 87' lang='lat' dir='ltr'>ministris</span> <span class='ocrx_word' id='word_1_555' title='bbox 1967 1005 2166 1037; x_wconf 87' lang='lat' dir='ltr'>vaticinandi</span> 
     </span>
     <span class='ocr_line' id='line_1_82' title="bbox 1196 1047 2165 1088; baseline 0.002 -10"><span class='ocrx_word' id='word_1_556' title='bbox 1196 1059 1316 1078; x_wconf 74' lang='lat' dir='ltr'>munus</span> <span class='ocrx_word' id='word_1_557' title='bbox 1349 1048 1382 1078; x_wconf 91' lang='lat' dir='ltr'>in</span> <span class='ocrx_word' id='word_1_558' title='bbox 1420 1059 1454 1078; x_wconf 92' lang='lat' dir='ltr'>re</span> <span class='ocrx_word' id='word_1_559' title='bbox 1495 1047 1601 1087; x_wconf 88' lang='lat' dir='ltr'>aliqua</span> <span class='ocrx_word' id='word_1_560' title='bbox 1642 1047 1805 1078; x_wconf 87' lang='lat' dir='ltr'>concedat.</span> <span class='ocrx_word' id='word_1_561' title='bbox 1862 1048 2012 1079; x_wconf 87' lang='lat' dir='ltr'>Deterior</span> <span class='ocrx_word' id='word_1_562' title='bbox 2051 1050 2165 1088; x_wconf 90' lang='lat' dir='ltr'>quovis</span> 
     </span>
     <span class='ocr_line' id='line_1_83' title="bbox 1196 1090 2165 1130; baseline 0.002 -9"><span class='ocrx_word' id='word_1_563' title='bbox 1196 1092 1393 1121; x_wconf 86' lang='lat' dir='ltr'>mercenario</span> <span class='ocrx_word' id='word_1_564' title='bbox 1417 1101 1575 1130; x_wconf 81' lang='lat' dir='ltr'>praecone</span> <span class='ocrx_word' id='word_1_565' title='bbox 1599 1090 1660 1120; x_wconf 89' lang='lat' dir='ltr'>fuit</span> <span class='ocrx_word' id='word_1_566' title='bbox 1684 1090 1835 1127; x_wconf 83' lang='lat' dir='ltr'>Balaam,</span> <span class='ocrx_word' id='word_1_567' title='bbox 1865 1091 1920 1130; x_wconf 88' lang='lat' dir='ltr'>qui</span> <span class='ocrx_word' id='word_1_568' title='bbox 1945 1096 2078 1122; x_wconf 85' lang='lat' dir='ltr'>aeterna</span> <span class='ocrx_word' id='word_1_569' title='bbox 2101 1091 2165 1123; x_wconf 88' lang='lat' dir='ltr'>Dei</span> 
     </span>
     <span class='ocr_line' id='line_1_84' title="bbox 1198 1133 2164 1175; baseline 0.003 -12"><span class='ocrx_word' id='word_1_570' title='bbox 1198 1134 1324 1163; x_wconf 82' lang='lat' dir='ltr'>decreta</span> <span class='ocrx_word' id='word_1_571' title='bbox 1358 1139 1503 1163; x_wconf 87' lang='lat' dir='ltr'>evertere</span> <span class='ocrx_word' id='word_1_572' title='bbox 1538 1138 1696 1173; x_wconf 83' lang='lat' dir='ltr'>optasset:</span> <span class='ocrx_word' id='word_1_573' title='bbox 1738 1133 1829 1164; x_wconf 87' lang='lat' dir='ltr'>cuins</span> <span class='ocrx_word' id='word_1_574' title='bbox 1870 1139 1978 1164; x_wconf 90' lang='lat' dir='ltr'>tamen</span> <span class='ocrx_word' id='word_1_575' title='bbox 2018 1133 2164 1175; x_wconf 84' lang='lat' dir='ltr'>linguam</span> 
     </span>
     <span class='ocr_line' id='line_1_85' title="bbox 1197 1175 2165 1216; baseline 0.003 -10"><span class='ocrx_word' id='word_1_576' title='bbox 1197 1176 1308 1207; x_wconf 89' lang='lat' dir='ltr'>divino</span> <span class='ocrx_word' id='word_1_577' title='bbox 1332 1177 1465 1216; x_wconf 89' lang='lat' dir='ltr'>spiritus</span> <span class='ocrx_word' id='word_1_578' title='bbox 1487 1177 1645 1207; x_wconf 87' lang='lat' dir='ltr'>instinctu</span> <span class='ocrx_word' id='word_1_579' title='bbox 1670 1175 1823 1207; x_wconf 86' lang='lat' dir='ltr'>directam</span> <span class='ocrx_word' id='word_1_580' title='bbox 1849 1176 1948 1207; x_wconf 84' lang='lat' dir='ltr'>fuisse</span> <span class='ocrx_word' id='word_1_581' title='bbox 1971 1177 2105 1216; x_wconf 87' lang='lat' dir='ltr'>scimus,</span> <span class='ocrx_word' id='word_1_582' title='bbox 2130 1182 2165 1209; x_wconf 77' lang='lat' dir='ltr'>ut</span> 
     </span>
     <span class='ocr_line' id='line_1_86' title="bbox 1197 1219 2164 1260; baseline 0.002 -11"><span class='ocrx_word' id='word_1_583' title='bbox 1197 1219 1265 1249; x_wconf 88' lang='lat' dir='ltr'>eius</span> <span class='ocrx_word' id='word_1_584' title='bbox 1289 1220 1411 1259; x_wconf 76' lang='lat' dir='ltr'>gratiae</span> <span class='ocrx_word' id='word_1_585' title='bbox 1440 1224 1525 1249; x_wconf 88' lang='lat' dir='ltr'>esset</span> <span class='ocrx_word' id='word_1_586' title='bbox 1554 1229 1667 1258; x_wconf 88' lang='lat' dir='ltr'>praeeo</span> <span class='ocrx_word' id='word_1_587' title='bbox 1697 1219 1737 1249; x_wconf 90' lang='lat' dir='ltr'>ad</span> <span class='ocrx_word' id='word_1_588' title='bbox 1767 1230 1862 1258; x_wconf 90' lang='lat' dir='ltr'>quam</span> <span class='ocrx_word' id='word_1_589' title='bbox 1893 1220 2164 1260; x_wconf 85' lang='lat' dir='ltr'>exstinguendam</span> 
     </span>
     <span class='ocr_line' id='line_1_87' title="bbox 1197 1261 2163 1303; baseline 0.002 -11"><span class='ocrx_word' id='word_1_590' title='bbox 1197 1261 1374 1293; x_wconf 77' lang='lat' dir='ltr'>conductus</span> <span class='ocrx_word' id='word_1_591' title='bbox 1395 1262 1507 1292; x_wconf 80' lang='lat' dir='ltr'>fuerat.</span> <span class='ocrx_word' id='word_1_592' title='bbox 1543 1262 1633 1293; x_wconf 85' lang='lat' dir='ltr'>Haec</span> <span class='ocrx_word' id='word_1_593' title='bbox 1651 1261 1752 1302; x_wconf 79' lang='lat' dir='ltr'>igitur</span> <span class='ocrx_word' id='word_1_594' title='bbox 1772 1262 1858 1292; x_wconf 85' lang='lat' dir='ltr'>inter</span> <span class='ocrx_word' id='word_1_595' title='bbox 1877 1273 1910 1293; x_wconf 85' lang='lat' dir='ltr'>se</span> <span class='ocrx_word' id='word_1_596' title='bbox 1930 1273 1992 1293; x_wconf 92' lang='lat' dir='ltr'>non</span> <span class='ocrx_word' id='word_1_597' title='bbox 2008 1269 2163 1303; x_wconf 83' lang='lat' dir='ltr'>pugnant,</span> 
     </span>
     <span class='ocr_line' id='line_1_88' title="bbox 1198 1304 2165 1346; baseline 0.003 -12"><span class='ocrx_word' id='word_1_598' title='bbox 1198 1305 1335 1344; x_wconf 87' lang='lat' dir='ltr'>aliquem</span> <span class='ocrx_word' id='word_1_599' title='bbox 1361 1316 1428 1335; x_wconf 76' lang='lat' dir='ltr'>csse</span> <span class='ocrx_word' id='word_1_600' title='bbox 1452 1304 1612 1344; x_wconf 87' lang='lat' dir='ltr'>perfidum</span> <span class='ocrx_word' id='word_1_601' title='bbox 1635 1305 1852 1344; x_wconf 87' lang='lat' dir='ltr'>impostorem,</span> <span class='ocrx_word' id='word_1_602' title='bbox 1878 1310 1909 1335; x_wconf 89' lang='lat' dir='ltr'>et</span> <span class='ocrx_word' id='word_1_603' title='bbox 1933 1310 2040 1336; x_wconf 90' lang='lat' dir='ltr'>tamen</span> <span class='ocrx_word' id='word_1_604' title='bbox 2063 1307 2165 1346; x_wconf 87' lang='lat' dir='ltr'>parti-</span> 
     </span>
     <span class='ocr_line' id='line_1_89' title="bbox 1197 1347 2164 1387; baseline 0.002 -9"><span class='ocrx_word' id='word_1_605' title='bbox 1197 1348 1255 1379; x_wconf 89' lang='lat' dir='ltr'>cul</span> <span class='ocrx_word' id='word_1_606' title='bbox 1251 1359 1297 1378; x_wconf 87' lang='lat'>111</span> <span class='ocrx_word' id='word_1_607' title='bbox 1322 1347 1519 1378; x_wconf 61' lang='grc' dir='ltr'>1111811181]ἀί</span> <span class='ocrx_word' id='word_1_608' title='bbox 1544 1347 1626 1378; x_wconf 88' lang='lat' dir='ltr'>douo</span> <span class='ocrx_word' id='word_1_609' title='bbox 1649 1347 1745 1378; x_wconf 91' lang='lat' dir='ltr'>simul</span> <span class='ocrx_word' id='word_1_610' title='bbox 1770 1358 1839 1378; x_wconf 90' lang='grc'>8558</span> <span class='ocrx_word' id='word_1_611' title='bbox 1868 1348 2064 1387; x_wconf 89' lang='lat' dir='ltr'>praeditum:</span> <span class='ocrx_word' id='word_1_612' title='bbox 2099 1359 2164 1380; x_wconf 91' lang='lat' dir='ltr'>non</span> 
     </span>
     <span class='ocr_line' id='line_1_90' title="bbox 1199 1390 2165 1431; baseline 0.003 -11"><span class='ocrx_word' id='word_1_613' title='bbox 1199 1396 1233 1421; x_wconf 90' lang='lat' dir='ltr'>ut</span> <span class='ocrx_word' id='word_1_614' title='bbox 1256 1401 1382 1430; x_wconf 82' lang='lat' dir='ltr'>semper</span> <span class='ocrx_word' id='word_1_615' title='bbox 1402 1401 1478 1421; x_wconf 84' lang='lat' dir='ltr'>vera</span> <span class='ocrx_word' id='word_1_616' title='bbox 1497 1390 1627 1420; x_wconf 88' lang='lat' dir='ltr'>oracula</span> <span class='ocrx_word' id='word_1_617' title='bbox 1647 1391 1787 1430; x_wconf 87' lang='lat' dir='ltr'>proferat</span> <span class='ocrx_word' id='word_1_618' title='bbox 1806 1390 1903 1431; x_wconf 90' lang='lat' dir='ltr'>(sicut</span> <span class='ocrx_word' id='word_1_619' title='bbox 1921 1401 1981 1422; x_wconf 90' lang='lat' dir='ltr'>nec</span> <span class='ocrx_word' id='word_1_620' title='bbox 1994 1390 2165 1431; x_wconf 83' lang='lat' dir='ltr'>Caiaphas,</span> 
     </span>
     <span class='ocr_line' id='line_1_91' title="bbox 1197 1433 2164 1475; baseline 0.002 -12"><span class='ocrx_word' id='word_1_621' title='bbox 1197 1434 1249 1473; x_wconf 88' lang='lat' dir='ltr'>qni</span> <span class='ocrx_word' id='word_1_622' title='bbox 1286 1433 1384 1464; x_wconf 83' lang='lat' dir='ltr'>semel</span> <span class='ocrx_word' id='word_1_623' title='bbox 1419 1433 1639 1473; x_wconf 72' lang='grc' dir='ltr'>11101111818ν11,</span> <span class='ocrx_word' id='word_1_624' title='bbox 1678 1439 1832 1473; x_wconf 86' lang='lat' dir='ltr'>perpetuo</span> <span class='ocrx_word' id='word_1_625' title='bbox 1866 1433 1927 1463; x_wconf 78' lang='lat' dir='ltr'>tuit</span> <span class='ocrx_word' id='word_1_626' title='bbox 1962 1433 2074 1475; x_wconf 80' lang='lat' dir='ltr'>verax)</span> <span class='ocrx_word' id='word_1_627' title='bbox 2108 1434 2164 1465; x_wconf 90' lang='lat' dir='ltr'>sed</span> 
     </span>
     <span class='ocr_line' id='line_1_92' title="bbox 1198 1475 2164 1516; baseline 0.003 -11"><span class='ocrx_word' id='word_1_628' title='bbox 1198 1481 1357 1515; x_wconf 85' lang='lat' dir='ltr'>quatenus</span> <span class='ocrx_word' id='word_1_629' title='bbox 1389 1476 1449 1507; x_wconf 89' lang='lat' dir='ltr'>Dei</span> <span class='ocrx_word' id='word_1_630' title='bbox 1477 1477 1636 1515; x_wconf 84' lang='lat' dir='ltr'>permissu</span> <span class='ocrx_word' id='word_1_631' title='bbox 1668 1476 1728 1507; x_wconf 90' lang='lat' dir='ltr'>hoc</span> <span class='ocrx_word' id='word_1_632' title='bbox 1758 1477 1807 1506; x_wconf 85' lang='lat' dir='ltr'>vel</span> <span class='ocrx_word' id='word_1_633' title='bbox 1838 1475 1918 1506; x_wconf 89' lang='lat' dir='ltr'>illud</span> <span class='ocrx_word' id='word_1_634' title='bbox 1953 1486 2164 1516; x_wconf 82' lang='lat' dir='ltr'>praenoscere</span> 
     </span>
     <span class='ocr_line' id='line_1_93' title="bbox 1198 1519 2163 1558; baseline 0.002 -9"><span class='ocrx_word' id='word_1_635' title='bbox 1198 1519 1334 1557; x_wconf 79' lang='lat' dir='ltr'>dabitur⁷</span> <span class='ocrx_word' id='word_1_636' title='bbox 1358 1525 1393 1549; x_wconf 89' lang='lat' dir='ltr'>ut.</span> <span class='ocrx_word' id='word_1_637' title='bbox 1416 1519 1539 1558; x_wconf 75' lang='lat' dir='ltr'>species</span> <span class='ocrx_word' id='word_1_638' title='bbox 1563 1530 1627 1549; x_wconf 90' lang='lat' dir='ltr'>una</span> <span class='ocrx_word' id='word_1_639' title='bbox 1651 1519 1799 1549; x_wconf 87' lang='lat' dir='ltr'>veritatis</span> <span class='ocrx_word' id='word_1_640' title='bbox 1818 1519 1992 1550; x_wconf 88' lang='lat' dir='ltr'>multorum</span> <span class='ocrx_word' id='word_1_641' title='bbox 2018 1530 2163 1551; x_wconf 90' lang='lat' dir='ltr'>errorum</span> 
     </span>
     <span class='ocr_line' id='line_1_94' title="bbox 1197 1562 2164 1603; baseline 0.003 -12"><span class='ocrx_word' id='word_1_642' title='bbox 1197 1563 1238 1592; x_wconf 85' lang='lat' dir='ltr'>sit</span> <span class='ocrx_word' id='word_1_643' title='bbox 1272 1563 1542 1599; x_wconf 62' lang='lat' dir='ltr'>integumentum.</span> <span class='ocrx_word' id='word_1_644' title='bbox 1590 1562 1691 1592; x_wconf 89' lang='lat' dir='ltr'>Recte</span> <span class='ocrx_word' id='word_1_645' title='bbox 1722 1567 1830 1592; x_wconf 86' lang='lat' dir='ltr'>tamen</span> <span class='ocrx_word' id='word_1_646' title='bbox 1854 1566 1886 1592; x_wconf 90' lang='lat' dir='ltr'>et</span> <span class='ocrx_word' id='word_1_647' title='bbox 1909 1567 1984 1601; x_wconf 83' lang='lat' dir='ltr'>apte</span> <span class='ocrx_word' id='word_1_648' title='bbox 2007 1562 2082 1593; x_wconf 91' lang='lat' dir='ltr'>alibi</span> <span class='ocrx_word' id='word_1_649' title='bbox 2105 1573 2164 1603; x_wconf 90' lang='lat' dir='ltr'>per</span> 
     </span>
     <span class='ocr_line' id='line_1_95' title="bbox 1198 1605 2162 1645; baseline 0.002 -10"><span class='ocrx_word' id='word_1_650' title='bbox 1198 1605 1311 1635; x_wconf 85' lang='lat' dir='ltr'>Mosen</span> <span class='ocrx_word' id='word_1_651' title='bbox 1339 1606 1385 1635; x_wconf 80' lang='grc'>1)(</span> <span class='ocrx_word' id='word_1_652' title='bbox 1378 1615 1425 1635; x_wconf 84' lang='lat' dir='ltr'>us</span> <span class='ocrx_word' id='word_1_653' title='bbox 1448 1605 1594 1644; x_wconf 68' lang='lat' dir='ltr'>eoarouit</span> <span class='ocrx_word' id='word_1_654' title='bbox 1619 1605 1775 1635; x_wconf 83' lang='lat' dir='ltr'>vanitatis</span> <span class='ocrx_word' id='word_1_655' title='bbox 1806 1605 1993 1636; x_wconf 88' lang='lat' dir='ltr'>temerarios</span> <span class='ocrx_word' id='word_1_656' title='bbox 2021 1606 2162 1645; x_wconf 86' lang='lat' dir='ltr'>spiritus,</span> 
     </span>
     <span class='ocr_line' id='line_1_96' title="bbox 1198 1631 2163 1695; baseline 0.002 -18"><span class='ocrx_word' id='word_1_657' title='bbox 1198 1648 1252 1686; x_wconf 91' lang='grc'>(1111</span> <span class='ocrx_word' id='word_1_658' title='bbox 1286 1648 1480 1695; x_wconf 61' lang='lat' dir='ltr'>promittunt</span> <span class='ocrx_word' id='word_1_659' title='bbox 1513 1631 1597 1687; x_wconf 84' lang='lat' dir='ltr'>quod</span> <span class='ocrx_word' id='word_1_660' title='bbox 1630 1659 1692 1678; x_wconf 89' lang='lat' dir='ltr'>non</span> <span class='ocrx_word' id='word_1_661' title='bbox 1723 1647 1886 1687; x_wconf 89' lang='lat' dir='ltr'>impletur.</span> <span class='ocrx_word' id='word_1_662' title='bbox 1939 1647 2163 1688; x_wconf 83' lang='lat' dir='ltr'>Spectandum</span> 
     </span>
     <span class='ocr_line' id='line_1_97' title="bbox 1198 1690 2163 1723; baseline 0.002 -3"><span class='ocrx_word' id='word_1_663' title='bbox 1198 1697 1245 1720; x_wconf 89' lang='lat' dir='ltr'>est</span> <span class='ocrx_word' id='word_1_664' title='bbox 1270 1691 1355 1720; x_wconf 85' lang='lat' dir='ltr'>euim</span> <span class='ocrx_word' id='word_1_665' title='bbox 1379 1691 1447 1721; x_wconf 87' lang='lat' dir='ltr'>eius</span> <span class='ocrx_word' id='word_1_666' title='bbox 1471 1690 1652 1721; x_wconf 88' lang='lat' dir='ltr'>consilium.</span> <span class='ocrx_word' id='word_1_667' title='bbox 1700 1690 1796 1721; x_wconf 90' lang='lat' dir='ltr'>Multi</span> <span class='ocrx_word' id='word_1_668' title='bbox 1821 1701 1854 1721; x_wconf 91' lang='grc'>58</span> <span class='ocrx_word' id='word_1_669' title='bbox 1884 1690 2052 1721; x_wconf 85' lang='lat' dir='ltr'>insinuant</span> <span class='ocrx_word' id='word_1_670' title='bbox 2074 1692 2163 1723; x_wconf 86' lang='lat' dir='ltr'>clan-</span> 
     </span>
     <span class='ocr_line' id='line_1_98' title="bbox 1197 1732 2164 1774; baseline 0.002 -11"><span class='ocrx_word' id='word_1_671' title='bbox 1197 1733 1331 1764; x_wconf 80' lang='lat' dir='ltr'>(lestinis</span> <span class='ocrx_word' id='word_1_672' title='bbox 1366 1733 1504 1769; x_wconf 79' lang='lat' dir='ltr'>artibus,</span> <span class='ocrx_word' id='word_1_673' title='bbox 1539 1738 1571 1763; x_wconf 86' lang='lat' dir='ltr'>et</span> <span class='ocrx_word' id='word_1_674' title='bbox 1605 1733 1735 1764; x_wconf 87' lang='lat' dir='ltr'>tandem</span> <span class='ocrx_word' id='word_1_675' title='bbox 1768 1732 1921 1764; x_wconf 84' lang='lat' dir='ltr'>audacter</span> <span class='ocrx_word' id='word_1_676' title='bbox 1947 1739 2164 1774; x_wconf 86' lang='lat' dir='ltr'>prorumpunt</span> 
     </span>
     <span class='ocr_line' id='line_1_99' title="bbox 1196 1776 2164 1817; baseline 0.002 -11"><span class='ocrx_word' id='word_1_677' title='bbox 1196 1776 1250 1815; x_wconf 91' lang='lat' dir='ltr'>qui</span> <span class='ocrx_word' id='word_1_678' title='bbox 1274 1776 1455 1816; x_wconf 74' lang='lat' dir='ltr'>gloriantur</span> <span class='ocrx_word' id='word_1_679' title='bbox 1485 1787 1518 1807; x_wconf 91' lang='lat' dir='ltr'>se</span> <span class='ocrx_word' id='word_1_680' title='bbox 1549 1776 1725 1816; x_wconf 87' lang='lat' dir='ltr'>prophetas</span> <span class='ocrx_word' id='word_1_681' title='bbox 1755 1786 1839 1807; x_wconf 87' lang='lat' dir='ltr'>esse:</span> <span class='ocrx_word' id='word_1_682' title='bbox 1870 1776 1998 1807; x_wconf 88' lang='lat' dir='ltr'>dubitat</span> <span class='ocrx_word' id='word_1_683' title='bbox 2025 1777 2164 1817; x_wconf 86' lang='lat' dir='ltr'>populus</span> 
     </span>
     <span class='ocr_line' id='line_1_100' title="bbox 1195 1818 2162 1859; baseline 0.003 -11"><span class='ocrx_word' id='word_1_684' title='bbox 1195 1829 1236 1848; x_wconf 87' lang='lat' dir='ltr'>au</span> <span class='ocrx_word' id='word_1_685' title='bbox 1260 1829 1312 1849; x_wconf 77' lang='lat' dir='ltr'>eos</span> <span class='ocrx_word' id='word_1_686' title='bbox 1336 1819 1505 1849; x_wconf 86' lang='lat' dir='ltr'>admittere</span> <span class='ocrx_word' id='word_1_687' title='bbox 1529 1819 1651 1850; x_wconf 88' lang='lat' dir='ltr'>debeat.</span> <span class='ocrx_word' id='word_1_688' title='bbox 1698 1818 1785 1858; x_wconf 78' lang='lat' dir='ltr'>Quia</span> <span class='ocrx_word' id='word_1_689' title='bbox 1816 1829 1893 1850; x_wconf 84' lang='lat' dir='ltr'>vero</span> <span class='ocrx_word' id='word_1_690' title='bbox 1924 1824 1961 1850; x_wconf 85' lang='lat' dir='ltr'>ut</span> <span class='ocrx_word' id='word_1_691' title='bbox 1984 1819 2162 1859; x_wconf 89' lang='lat' dir='ltr'>plurimum</span> 
     </span>
     <span class='ocr_line' id='line_1_101' title="bbox 1195 1862 2163 1896; baseline 0.003 -5"><span class='ocrx_word' id='word_1_692' title='bbox 1195 1862 1354 1896; x_wconf 59' lang='lat' dir='ltr'>contingit</span> <span class='ocrx_word' id='word_1_693' title='bbox 1385 1862 1497 1892; x_wconf 85' lang='lat' dir='ltr'>talium</span> <span class='ocrx_word' id='word_1_694' title='bbox 1527 1862 1695 1892; x_wconf 89' lang='lat' dir='ltr'>hominum</span> <span class='ocrx_word' id='word_1_695' title='bbox 1726 1862 1897 1892; x_wconf 85' lang='lat' dir='ltr'>stultitiam</span> <span class='ocrx_word' id='word_1_696' title='bbox 1929 1862 2086 1894; x_wconf 88' lang='lat' dir='ltr'>divinitus</span> <span class='ocrx_word' id='word_1_697' title='bbox 2112 1863 2163 1894; x_wconf 92' lang='lat' dir='ltr'>in-</span> 
     </span>
     <span class='ocr_line' id='line_1_102' title="bbox 1195 1904 2163 1945; baseline 0.002 -11"><span class='ocrx_word' id='word_1_698' title='bbox 1195 1904 1291 1934; x_wconf 84' lang='lat' dir='ltr'>famia</span> <span class='ocrx_word' id='word_1_699' title='bbox 1308 1904 1328 1945; x_wconf 86' lang='lat'>¹)</span> <span class='ocrx_word' id='word_1_700' title='bbox 1361 1910 1392 1935; x_wconf 86' lang='lat' dir='ltr'>et</span> <span class='ocrx_word' id='word_1_701' title='bbox 1426 1905 1582 1935; x_wconf 82' lang='lat' dir='ltr'>dedecore</span> <span class='ocrx_word' id='word_1_702' title='bbox 1624 1905 1746 1941; x_wconf 87' lang='lat' dir='ltr'>notari,</span> <span class='ocrx_word' id='word_1_703' title='bbox 1788 1905 1865 1935; x_wconf 87' lang='lat' dir='ltr'>dum</span> <span class='ocrx_word' id='word_1_704' title='bbox 1899 1905 1988 1936; x_wconf 89' lang='lat' dir='ltr'>videt</span> <span class='ocrx_word' id='word_1_705' title='bbox 2021 1905 2163 1937; x_wconf 90' lang='lat' dir='ltr'>mundus</span> 
     </span>
     <span class='ocr_line' id='line_1_103' title="bbox 1195 1947 2162 1987; baseline 0.002 -10"><span class='ocrx_word' id='word_1_706' title='bbox 1195 1947 1330 1977; x_wconf 87' lang='lat' dir='ltr'>futiliter</span> <span class='ocrx_word' id='word_1_707' title='bbox 1360 1948 1508 1987; x_wconf 88' lang='lat' dir='ltr'>loquutos</span> <span class='ocrx_word' id='word_1_708' title='bbox 1538 1958 1621 1978; x_wconf 87' lang='lat' dir='ltr'>esse:</span> <span class='ocrx_word' id='word_1_709' title='bbox 1654 1948 1770 1978; x_wconf 89' lang='lat' dir='ltr'>merito</span> <span class='ocrx_word' id='word_1_710' title='bbox 1794 1948 1969 1987; x_wconf 86' lang='lat' dir='ltr'>respondet</span> <span class='ocrx_word' id='word_1_711' title='bbox 1992 1948 2083 1979; x_wconf 91' lang='lat' dir='ltr'>Deus</span> <span class='ocrx_word' id='word_1_712' title='bbox 2106 1959 2162 1979; x_wconf 86' lang='lat' dir='ltr'>ex-</span> 
     </span>
     <span class='ocr_line' id='line_1_104' title="bbox 1195 1990 2162 2031; baseline 0.003 -12"><span class='ocrx_word' id='word_1_713' title='bbox 1195 1990 1404 2029; x_wconf 76' lang='lat' dir='ltr'>spectandum</span> <span class='ocrx_word' id='word_1_714' title='bbox 1429 2001 1499 2021; x_wconf 87' lang='lat' dir='ltr'>esse</span> <span class='ocrx_word' id='word_1_715' title='bbox 1522 1998 1691 2025; x_wconf 76' lang='lat' dir='ltr'>eventum,</span> <span class='ocrx_word' id='word_1_716' title='bbox 1719 2001 1760 2020; x_wconf 88' lang='lat' dir='ltr'>ne</span> <span class='ocrx_word' id='word_1_717' title='bbox 1783 1991 1964 2030; x_wconf 85' lang='lat' dir='ltr'>promiscue</span> <span class='ocrx_word' id='word_1_718' title='bbox 1987 1995 2020 2022; x_wconf 88' lang='lat' dir='ltr'>et</span> <span class='ocrx_word' id='word_1_719' title='bbox 2042 1990 2162 2031; x_wconf 87' lang='lat' dir='ltr'>absque</span> 
     </span>
     <span class='ocr_line' id='line_1_105' title="bbox 1194 2032 2162 2074; baseline 0.002 -12"><span class='ocrx_word' id='word_1_720' title='bbox 1194 2033 1312 2063; x_wconf 82' lang='lat' dir='ltr'>indicio</span> <span class='ocrx_word' id='word_1_721' title='bbox 1336 2033 1462 2073; x_wconf 78' lang='lat' dir='ltr'>quidvis</span> <span class='ocrx_word' id='word_1_722' title='bbox 1486 2033 1644 2073; x_wconf 85' lang='lat' dir='ltr'>recipiant</span> <span class='ocrx_word' id='word_1_723' title='bbox 1662 2033 1840 2064; x_wconf 86' lang='lat' dir='ltr'>Israelitae.</span> <span class='ocrx_word' id='word_1_724' title='bbox 1876 2032 1949 2065; x_wconf 83' lang='lat' dir='ltr'>Stat</span> <span class='ocrx_word' id='word_1_725' title='bbox 1972 2044 2048 2074; x_wconf 84' lang='lat' dir='ltr'>ergo</span> <span class='ocrx_word' id='word_1_726' title='bbox 2072 2035 2162 2073; x_wconf 87' lang='lat' dir='ltr'>prin-</span> 
     </span>
     <span class='ocr_line' id='line_1_106' title="bbox 1194 2076 2162 2117; baseline 0.002 -11"><span class='ocrx_word' id='word_1_727' title='bbox 1194 2076 1326 2115; x_wconf 81' lang='lat' dir='ltr'>cipium,</span> <span class='ocrx_word' id='word_1_728' title='bbox 1362 2076 1446 2116; x_wconf 87' lang='lat' dir='ltr'>loqui</span> <span class='ocrx_word' id='word_1_729' title='bbox 1475 2076 1509 2106; x_wconf 89' lang='lat' dir='ltr'>in</span> <span class='ocrx_word' id='word_1_730' title='bbox 1541 2076 1670 2106; x_wconf 87' lang='lat' dir='ltr'>nomine</span> <span class='ocrx_word' id='word_1_731' title='bbox 1696 2076 1755 2106; x_wconf 87' lang='lat' dir='ltr'>Dei</span> <span class='ocrx_word' id='word_1_732' title='bbox 1786 2076 1841 2115; x_wconf 90' lang='lat' dir='ltr'>qui</span> <span class='ocrx_word' id='word_1_733' title='bbox 1864 2076 2055 2115; x_wconf 85' lang='lat' dir='ltr'>praedicunt</span> <span class='ocrx_word' id='word_1_734' title='bbox 2078 2076 2162 2117; x_wconf 87' lang='lat' dir='ltr'>quod</span> 
     </span>
    </p>
   </div>
   <div class='ocr_carea' id='block_1_12' title="bbox 1167 2118 2162 2160">
    <p class='ocr_par' dir='ltr' id='par_1_13' title="bbox 1167 2118 2162 2160">
     <span class='ocr_line' id='line_1_107' title="bbox 1167 2118 2162 2160; baseline 0.004 -13"><span class='ocrx_word' id='word_1_735' title='bbox 1167 2133 1169 2136; x_wconf 92' lang='lat'>·</span> <span class='ocrx_word' id='word_1_736' title='bbox 1195 2129 1228 2148; x_wconf 89' lang='lat' dir='ltr'>re</span> <span class='ocrx_word' id='word_1_737' title='bbox 1252 2119 1319 2157; x_wconf 85' lang='lat' dir='ltr'>ipsa</span> <span class='ocrx_word' id='word_1_738' title='bbox 1343 2119 1461 2150; x_wconf 89' lang='lat' dir='ltr'>evenit.</span> <span class='ocrx_word' id='word_1_739' title='bbox 1497 2119 1608 2158; x_wconf 90' lang='lat' dir='ltr'>Neque</span> <span class='ocrx_word' id='word_1_740' title='bbox 1627 2119 1713 2149; x_wconf 90' lang='lat' dir='ltr'>enim</span> <span class='ocrx_word' id='word_1_741' title='bbox 1733 2118 1771 2149; x_wconf 91' lang='lat' dir='ltr'>de</span> <span class='ocrx_word' id='word_1_742' title='bbox 1792 2118 1888 2149; x_wconf 89' lang='lat' dir='ltr'>rebus</span> <span class='ocrx_word' id='word_1_743' title='bbox 1906 2119 2029 2150; x_wconf 89' lang='lat' dir='ltr'>homini</span> <span class='ocrx_word' id='word_1_744' title='bbox 2052 2119 2162 2160; x_wconf 82' lang='lat' dir='ltr'>incog-</span> 
     </span>
    </p>
   </div>
   <div class='ocr_carea' id='block_1_13' title="bbox 1194 2161 2164 2331">
    <p class='ocr_par' dir='ltr' id='par_1_14' title="bbox 1194 2161 2164 2331">
     <span class='ocr_line' id='line_1_108' title="bbox 1194 2161 2161 2201; baseline 0.001 -10"><span class='ocrx_word' id='word_1_745' title='bbox 1194 2161 1271 2192; x_wconf 85' lang='lat' dir='ltr'>nitis</span> <span class='ocrx_word' id='word_1_746' title='bbox 1301 2162 1383 2200; x_wconf 83' lang='lat' dir='ltr'>quod</span> <span class='ocrx_word' id='word_1_747' title='bbox 1414 2172 1528 2192; x_wconf 88' lang='lat' dir='ltr'>verum</span> <span class='ocrx_word' id='word_1_748' title='bbox 1559 2166 1608 2192; x_wconf 86' lang='lat' dir='ltr'>est</span> <span class='ocrx_word' id='word_1_749' title='bbox 1638 2162 1890 2201; x_wconf 87' lang='lat' dir='ltr'>pronunciarent</span> <span class='ocrx_word' id='word_1_750' title='bbox 1924 2162 1987 2193; x_wconf 89' lang='lat' dir='ltr'>nisi</span> <span class='ocrx_word' id='word_1_751' title='bbox 2018 2161 2161 2193; x_wconf 87' lang='lat' dir='ltr'>dictante</span> 
     </span>
     <span class='ocr_line' id='line_1_109' title="bbox 1407 2204 2162 2244; baseline 0.001 -9"><span class='ocrx_word' id='word_1_752' title='bbox 1407 2204 1479 2243; x_wconf 77' lang='lat' dir='ltr'>Quo</span> <span class='ocrx_word' id='word_1_753' title='bbox 1504 2205 1601 2235; x_wconf 90' lang='lat' dir='ltr'>etiam</span> <span class='ocrx_word' id='word_1_754' title='bbox 1625 2204 1765 2243; x_wconf 84' lang='lat' dir='ltr'>pertinet</span> <span class='ocrx_word' id='word_1_755' title='bbox 1790 2204 1946 2235; x_wconf 88' lang='lat' dir='ltr'>Ieremiae</span> <span class='ocrx_word' id='word_1_756' title='bbox 1970 2214 2162 2244; x_wconf 88' lang='lat' dir='ltr'>responsum</span> 
     </span>
     <span class='ocr_line' id='line_1_110' title="bbox 1511 2247 2163 2287; baseline 0.002 -10"><span class='ocrx_word' id='word_1_757' title='bbox 1511 2247 1694 2287; x_wconf 85' lang='lat' dir='ltr'>Prophetae</span> <span class='ocrx_word' id='word_1_758' title='bbox 1727 2247 1780 2286; x_wconf 89' lang='lat' dir='ltr'>qui</span> <span class='ocrx_word' id='word_1_759' title='bbox 1820 2247 1951 2277; x_wconf 88' lang='lat' dir='ltr'>fuerunt</span> <span class='ocrx_word' id='word_1_760' title='bbox 1984 2254 2060 2278; x_wconf 88' lang='lat' dir='ltr'>ante</span> <span class='ocrx_word' id='word_1_761' title='bbox 2095 2258 2163 2285; x_wconf 88' lang='lat' dir='ltr'>nos,</span> 
     </span>
     <span class='ocr_line' id='line_1_111' title="bbox 1196 2289 2164 2331; baseline 0.003 -12"><span class='ocrx_word' id='word_1_762' title='bbox 1196 2289 1317 2328; x_wconf 85' lang='lat' dir='ltr'>loquuti</span> <span class='ocrx_word' id='word_1_763' title='bbox 1338 2295 1414 2320; x_wconf 83' lang='lat' dir='ltr'>sunt</span> <span class='ocrx_word' id='word_1_764' title='bbox 1433 2289 1471 2321; x_wconf 89' lang='lat' dir='ltr'>de</span> <span class='ocrx_word' id='word_1_765' title='bbox 1491 2290 1582 2327; x_wconf 85' lang='lat' dir='ltr'>bello,</span> <span class='ocrx_word' id='word_1_766' title='bbox 1607 2290 1691 2320; x_wconf 87' lang='lat' dir='ltr'>fame</span> <span class='ocrx_word' id='word_1_767' title='bbox 1710 2295 1742 2320; x_wconf 88' lang='lat' dir='ltr'>et</span> <span class='ocrx_word' id='word_1_768' title='bbox 1761 2294 1865 2329; x_wconf 85' lang='lat' dir='ltr'>peste:</span> <span class='ocrx_word' id='word_1_769' title='bbox 1891 2290 1917 2320; x_wconf 90' lang='lat' dir='ltr'>si</span> <span class='ocrx_word' id='word_1_770' title='bbox 1936 2290 2009 2330; x_wconf 89' lang='lat' dir='ltr'>quis</span> <span class='ocrx_word' id='word_1_771' title='bbox 2028 2290 2067 2321; x_wconf 94' lang='lat' dir='ltr'>de</span> <span class='ocrx_word' id='word_1_772' title='bbox 2086 2300 2164 2331; x_wconf 84' lang='lat' dir='ltr'>pace</span> 
     </span>
    </p>
   </div>
   <div class='ocr_carea' id='block_1_14' title="bbox 1167 2331 2164 2372">
    <p class='ocr_par' dir='ltr' id='par_1_15' title="bbox 1167 2331 2164 2372">
     <span class='ocr_line' id='line_1_112' title="bbox 1167 2331 2164 2372; baseline 0.004 -11"><span class='ocrx_word' id='word_1_773' title='bbox 1167 2334 1168 2340; x_wconf 64' lang='lat'>¹</span> <span class='ocrx_word' id='word_1_774' title='bbox 1195 2331 1346 2370; x_wconf 87' lang='lat' dir='ltr'>loquutus</span> <span class='ocrx_word' id='word_1_775' title='bbox 1370 2338 1432 2367; x_wconf 90' lang='grc'>851,</span> <span class='ocrx_word' id='word_1_776' title='bbox 1457 2339 1577 2364; x_wconf 84' lang='lat' dir='ltr'>eventu</span> <span class='ocrx_word' id='word_1_777' title='bbox 1601 2332 1842 2372; x_wconf 89' lang='lat' dir='ltr'>comprobatum</span> <span class='ocrx_word' id='word_1_778' title='bbox 1866 2338 1914 2363; x_wconf 89' lang='lat' dir='ltr'>est</span> <span class='ocrx_word' id='word_1_779' title='bbox 1937 2333 2020 2372; x_wconf 89' lang='lat' dir='ltr'>quod</span> <span class='ocrx_word' id='word_1_780' title='bbox 2044 2333 2164 2365; x_wconf 84' lang='lat' dir='ltr'>missus</span> 
     </span>
    </p>
   </div>
   <div class='ocr_carea' id='block_1_15' title="bbox 1194 2374 2171 2587">
    <p class='ocr_par' dir='ltr' id='par_1_16' title="bbox 1194 2374 2171 2587">
     <span class='ocr_line' id='line_1_113' title="bbox 1195 2374 2164 2416; baseline 0.002 -12"><span class='ocrx_word' id='word_1_781' title='bbox 1195 2385 1213 2404; x_wconf 87' lang='lat' dir='ltr'>a</span> <span class='ocrx_word' id='word_1_782' title='bbox 1237 2374 1307 2405; x_wconf 89' lang='lat' dir='ltr'>Deo</span> <span class='ocrx_word' id='word_1_783' title='bbox 1339 2381 1423 2406; x_wconf 79' lang='lat' dir='ltr'>esset</span> <span class='ocrx_word' id='word_1_784' title='bbox 1452 2377 1486 2406; x_wconf 89' lang='lat' dir='ltr'>in</span> <span class='ocrx_word' id='word_1_785' title='bbox 1515 2376 1653 2406; x_wconf 88' lang='lat' dir='ltr'>veritate</span> <span class='ocrx_word' id='word_1_786' title='bbox 1677 2374 1752 2416; x_wconf 86' lang='lat' dir='ltr'>(Icr.</span> <span class='ocrx_word' id='word_1_787' title='bbox 1778 2375 1827 2409; x_wconf 73' lang='lat'>28.</span> <span class='ocrx_word' id='word_1_788' title='bbox 1854 2375 1895 2416; x_wconf 82' lang='lat'>5).</span> <span class='ocrx_word' id='word_1_789' title='bbox 1942 2376 2164 2407; x_wconf 88' lang='lat' dir='ltr'>Pollicebatur</span> 
     </span>
     <span class='ocr_line' id='line_1_114' title="bbox 1194 2417 2164 2458; baseline 0.002 -11"><span class='ocrx_word' id='word_1_790' title='bbox 1194 2417 1364 2449; x_wconf 86' lang='lat' dir='ltr'>Hananias</span> <span class='ocrx_word' id='word_1_791' title='bbox 1388 2429 1578 2458; x_wconf 83' lang='lat' dir='ltr'>prosperum</span> <span class='ocrx_word' id='word_1_792' title='bbox 1602 2418 1677 2449; x_wconf 91' lang='lat' dir='ltr'>belli</span> <span class='ocrx_word' id='word_1_793' title='bbox 1703 2427 1901 2449; x_wconf 86' lang='lat' dir='ltr'>successum:</span> <span class='ocrx_word' id='word_1_794' title='bbox 1936 2419 2012 2458; x_wconf 88' lang='lat' dir='ltr'>quia</span> <span class='ocrx_word' id='word_1_795' title='bbox 2042 2418 2164 2450; x_wconf 87' lang='lat' dir='ltr'>sciebat</span> 
     </span>
     <span class='ocr_line' id='line_1_115' title="bbox 1194 2460 2163 2501; baseline 0.003 -12"><span class='ocrx_word' id='word_1_796' title='bbox 1194 2460 1350 2490; x_wconf 76' lang='lat' dir='ltr'>Ieremias</span> <span class='ocrx_word' id='word_1_797' title='bbox 1373 2472 1444 2491; x_wconf 89' lang='lat' dir='ltr'>eum</span> <span class='ocrx_word' id='word_1_798' title='bbox 1470 2461 1612 2497; x_wconf 81' lang='lat' dir='ltr'>mentiri,</span> <span class='ocrx_word' id='word_1_799' title='bbox 1636 2461 1870 2501; x_wconf 83' lang='lat' dir='ltr'>experientiam</span> <span class='ocrx_word' id='word_1_800' title='bbox 1894 2460 2026 2492; x_wconf 90' lang='lat' dir='ltr'>adducit</span> <span class='ocrx_word' id='word_1_801' title='bbox 2049 2466 2163 2493; x_wconf 87' lang='lat' dir='ltr'>testem</span> 
     </span>
     <span class='ocr_line' id='line_1_116' title="bbox 1194 2503 2164 2543; baseline 0.004 -11"><span class='ocrx_word' id='word_1_802' title='bbox 1194 2503 1359 2539; x_wconf 81' lang='lat' dir='ltr'>falsitatis,</span> <span class='ocrx_word' id='word_1_803' title='bbox 1391 2505 1452 2535; x_wconf 88' lang='lat' dir='ltr'>nisi</span> <span class='ocrx_word' id='word_1_804' title='bbox 1484 2505 1568 2535; x_wconf 84' lang='lat' dir='ltr'>faeta</span> <span class='ocrx_word' id='word_1_805' title='bbox 1597 2504 1691 2535; x_wconf 87' lang='lat' dir='ltr'>dietis</span> <span class='ocrx_word' id='word_1_806' title='bbox 1720 2503 1948 2543; x_wconf 89' lang='lat' dir='ltr'>respondeant.</span> <span class='ocrx_word' id='word_1_807' title='bbox 1993 2504 2164 2536; x_wconf 87' lang='lat' dir='ltr'>Hactenus</span> 
     </span>
     <span class='ocr_line' id='line_1_117' title="bbox 1194 2545 2171 2587; baseline 0.003 -12"><span class='ocrx_word' id='word_1_808' title='bbox 1194 2545 1282 2575; x_wconf 85' lang='lat' dir='ltr'>nulla</span> <span class='ocrx_word' id='word_1_809' title='bbox 1314 2552 1361 2576; x_wconf 77' lang='lat' dir='ltr'>est</span> <span class='ocrx_word' id='word_1_810' title='bbox 1392 2547 1626 2587; x_wconf 83' lang='lat' dir='ltr'>repugnantia,</span> <span class='ocrx_word' id='word_1_811' title='bbox 1660 2546 1736 2577; x_wconf 90' lang='lat' dir='ltr'>dum</span> <span class='ocrx_word' id='word_1_812' title='bbox 1769 2547 1924 2577; x_wconf 85' lang='lat' dir='ltr'>vaticinia</span> <span class='ocrx_word' id='word_1_813' title='bbox 1952 2557 2171 2587; x_wconf 54' lang='lat' dir='ltr'>quaecunque—</span> 
     </span>
    </p>
   </div>
   <div class='ocr_carea' id='block_1_16' title="bbox 1192 2606 1330 2610">
    <p class='ocr_par' dir='ltr' id='par_1_17' title="bbox 1192 2606 1330 2610">
     <span class='ocr_line' id='line_1_118' title="bbox 1192 2606 1330 2610; baseline 0 0"><span class='ocrx_word' id='word_1_814' title='bbox 1192 2606 1330 2610; x_wconf 95' lang='lat' dir='ltr'> </span> 
     </span>
    </p>
   </div>
   <div class='ocr_carea' id='block_1_17' title="bbox 1279 2639 1598 2672">
    <p class='ocr_par' dir='ltr' id='par_1_18' title="bbox 1279 2639 1598 2672">
     <span class='ocr_line' id='line_1_119' title="bbox 1279 2639 1598 2672; baseline 0.009 -9"><span class='ocrx_word' id='word_1_815' title='bbox 1279 2639 1306 2670; x_wconf 86' lang='lat'>1)</span> <span class='ocrx_word' id='word_1_816' title='bbox 1322 2640 1454 2672; x_wconf 69' lang='lat' dir='ltr'>Princeps</span> <span class='ocrx_word' id='word_1_817' title='bbox 1462 2652 1468 2664; x_wconf 81' lang='lat'><em>:</em></span> <span class='ocrx_word' id='word_1_818' title='bbox 1488 2641 1598 2666; x_wconf 73' lang='lat' dir='ltr'>insania.</span> 
     </span>
    </p>
   </div>
  </div>
 </body>
</html>
