2304 3034
107 165 145 195 61
679 159 1050 192 COMMENTARIUS
1075 159 1123 188 IN
1149 158 1296 189 EXODI
1320 159 1416 191 CAP.
1441 160 1500 191 IV.
2041 163 2081 193 (32

106 259 210 290 fessus
232 264 278 289 est
303 259 334 288 in
354 259 539 298 Aegyptum
563 267 596 287 se
619 255 730 292 redire,
754 258 790 285 ut
812 253 877 284 illic
895 252 1065 283 habitaret.

107 301 230 332 Asinus
259 305 364 331 autem
393 301 443 331 cui
475 300 545 330 illos
573 297 724 338 imponit,
753 296 839 327 claro
868 296 1066 326 demonstrat

107 353 201 384 quam
227 343 334 373 tenuis
358 342 453 373 fuerit
476 342 545 372 eius
567 340 706 372 conditio
725 344 754 369 et
778 348 872 378 quam
896 342 988 369 curta
1011 348 1064 368 su—

106 386 221 426 pellex.
257 386 368 425 Neque
392 385 475 415 enim
493 383 642 415 credibile
666 387 714 412 est
736 381 789 412 vel
813 381 992 420 pecuniam,
1012 380 1065 411 vel

106 434 260 469 argentea
283 438 374 466 vasa,
398 427 444 458 vel
470 426 624 466 pretiosas
656 428 759 455 vestes
788 423 956 462 reliquisse
980 422 1064 462 apud

106 482 267 507 socerum,
302 476 339 500 ut
372 480 405 500 se
439 467 667 509 pauperculum
703 471 733 496 et
768 465 889 496 nudum
920 465 1064 505 cognatis

105 513 297 544 ostenderet.
343 511 406 543 Sed
430 521 529 550 quum
558 520 615 540 sua
646 509 754 549 inopia
784 514 815 539 et
843 518 955 547 aspero
979 508 1064 538 victu

105 561 273 587 contentus
298 555 409 585 fuisset
436 555 467 583 in
500 558 585 583 terra
613 551 761 588 Madian,
792 550 926 581 eandem
958 550 1064 581 adhuc

106 598 342 638 simplicitatem
367 596 526 635 sequitur:
552 605 609 625 nec
632 594 764 634 indigne
784 594 843 624 fert
864 593 919 623 vili
940 599 969 623 et
990 603 1062 632 pro-

103 640 197 672 broso
220 639 328 671 habitu
354 639 514 669 theatrum
539 635 762 672 conscendere,
786 637 818 666 in
839 646 899 675 quo
922 636 1062 666 emineat

103 683 171 714 eius
202 686 388 723 paupertas,
427 690 506 720 quae
535 680 692 710 occultata
722 679 825 709 fuerat
861 679 892 708 in
925 678 1060 708 deserto.

102 725 222 756 Notum
247 730 294 755 est
317 723 405 762 illud,
429 728 522 762 atque
550 733 608 753 usu
632 726 848 761 compertum,
881 722 981 760 magis
1006 731 1059 760 op-

101 768 220 807 probrii
244 765 434 798 verecundia
448 774 604 804 pauperes
618 764 656 795 ad
670 764 791 804 flagitia
813 764 944 803 impelli,
964 774 1059 803 quam

103 810 204 846 fame,
237 809 353 849 frigore
385 812 417 838 et
450 808 520 838 aliis
555 806 775 838 incommodis.
827 807 914 846 Ergo
948 811 1060 836 contra

102 852 324 893 gravissimam
354 850 561 880 tentationem
594 849 744 880 obduruit
768 849 894 885 Moses,
925 849 977 879 ubi
1003 859 1058 888 pro

102 894 202 925 nihilo
225 893 316 925 duxit
341 892 436 923 rideri
469 902 504 923 ac
533 892 668 932 despici,
699 902 796 932 quum
829 892 907 922 nihil
940 892 1059 921 terreni

100 936 280 976 splendoris
303 946 408 967 secum
438 935 546 965 ferret.
592 934 767 966 Caeterum
798 935 880 965 inter
910 934 1057 965 baculum

101 980 163 1010 Dei
199 985 231 1010 et
264 978 372 1009 rustici
404 978 607 1017 despectique
638 977 778 1007 hominis
809 977 946 1017 speeiem
971 976 1059 1007 omni

99 1026 253 1062 apparatu
266 1031 399 1051 vacuam
412 1021 508 1051 tacita
522 1019 628 1051 subest
642 1020 827 1050 antithesis:
843 1031 878 1050 ae
888 1020 914 1050 si
928 1019 1057 1055 diceret,

99 1065 159 1095 sibi
183 1075 245 1094 non
271 1064 367 1094 fuisse
390 1063 558 1093 molestum
583 1063 714 1102 reliquis
744 1062 893 1093 omnibus
917 1062 1057 1099 destitui,

98 1106 249 1146 quamdiu
271 1111 453 1145 suppeteret
485 1105 632 1143 baculus,
664 1105 716 1145 qui
748 1105 874 1135 abunde
903 1105 1058 1144 pensabat

98 1149 240 1180 defectus
265 1159 383 1179 omnes.
429 1148 624 1188 Quanquam
656 1158 732 1188 ergo
763 1159 795 1178 se
827 1158 996 1187 procerum
1027 1154 1058 1177 et

98 1191 184 1231 vulgi
207 1190 450 1222 subsannationi
474 1190 601 1221 videbat
624 1191 690 1221 forc
714 1191 905 1227 obnoxium,
930 1191 1055 1221 asinum

96 1244 166 1265 eum
192 1244 227 1264 ea
241 1244 336 1273 quam
359 1233 497 1264 vidimus
513 1234 638 1264 sarcina
659 1233 831 1264 trahendo:
852 1234 928 1264 satis
948 1239 1056 1263 tamen

96 1287 253 1316 superque
272 1276 393 1309 baculo.
414 1276 542 1307 divinae
563 1277 692 1307 virtutis
712 1277 937 1311 instrumento,
962 1287 1056 1306 orna-

95 1324 162 1350 tum
193 1329 226 1350 se
250 1320 391 1359 putavit,
422 1330 479 1358 per
508 1329 600 1358 quem
631 1319 802 1359 magnifico
834 1318 1057 1358 triumpharet,

94 1362 218 1402 pompis
243 1361 402 1402 regalibus
423 1361 529 1392 valere
553 1361 656 1392 iussis.
699 1362 740 1391 Et
763 1366 849 1392 certe
876 1361 934 1391 111ιο
958 1362 1055 1391 110110-

94 1404 139 1435 ris
170 1410 335 1435 merentur
360 1404 501 1444 insignia
530 1404 645 1444 quibus
676 1404 838 1435 aestimari
867 1404 937 1435 vult
968 1405 1057 1435 Deus

95 1457 203 1478 servos
226 1458 315 1484 suos,
345 1452 381 1477 ut
405 1446 485 1477 nihil
510 1446 548 1477 ad
570 1457 680 1478 eorum
706 1447 894 1487 dignitatem
919 1446 1057 1487 amplius

95 1489 320 1520 desideremus.
352 1489 536 1520 Notandum
557 1494 664 1520 autem
689 1494 735 1519 est
756 1489 861 1520 baculi
881 1489 1057 1529 epitheton,

94 1533 169 1572 quia
199 1544 261 1563 non
292 1533 391 1563 Mosis
421 1532 483 1562 iam
509 1531 562 1563 sed
590 1533 648 1563 Dei
679 1532 877 1572 appellatur,
908 1543 944 1563 co
973 1532 1057 1572 quod

94 1585 158 1605 11011
183 1580 333 1615 gestetur,
358 1580 393 1605 ut
416 1581 520 1610 antea,
552 1574 590 1605 ad
615 1586 744 1615 gregem
771 1575 977 1609 (luctandum,
1003 1574 1057 1606 scd

94 1617 133 1648 ad
157 1617 351 1648 exercendas
375 1617 437 1647 Dei
467 1618 559 1648 vices.
606 1618 687 1648 Nam
717 1628 814 1657 quum
847 1629 903 1657 pro
932 1629 1058 1649 summa

94 1660 155 1690 Dei
179 1666 336 1699 potestate
359 1660 515 1691 miracula
538 1659 682 1698 ediderit,
705 1661 859 1700 quidquid
884 1660 922 1691 ad
947 1671 1056 1692 eorum

94 1702 228 1743 gloriam
263 1706 398 1742 spectat,
442 1703 510 1733 Deo
550 1714 624 1734 vere
664 1708 692 1733 et
727 1705 854 1743 proprie
896 1704 1056 1734 tribuitur.

94 1745 182 1776 Alibi
208 1745 335 1785 quidem
359 1746 460 1776 Mosis
489 1746 585 1776 etiam
618 1746 749 1777 baculus
780 1746 912 1777 dicitur:
943 1757 1058 1786 nempe

93 1792 249 1827 quatenus
268 1799 325 1819 sua
344 1788 446 1829 elogia
467 1788 555 1819 Deus
573 1799 646 1820 cum
666 1789 823 1819 ministris
842 1790 1058 1821 communicat

93 1841 111 1861 a
134 1841 166 1861 se
190 1830 317 1861 delectis
346 1837 376 1861 et
406 1831 537 1862 creatis:
569 1832 663 1862 sicuti
688 1831 820 1871 spiritus
843 1832 893 1862 sui
917 1833 1058 1864 efficacia

92 1882 145 1904 eos
168 1873 330 1904 instruxit.

178 1916 226 1946 21.
257 1917 357 1956 Quum
376 1916 531 1956 profectus
552 1916 662 1955 fueris.
694 1917 764 1947 Non
786 1917 947 1947 recensuit
966 1924 1056 1947 ante—

93 1957 153 1990 hac
187 1959 294 1990 Moses
332 1970 503 1990 numerum
545 1960 727 1999 signorum:
768 1970 880 1990 verum
923 1970 961 1990 ex
997 1959 1056 1991 hoc

93 2012 186 2032 versu
210 2002 406 2042 colligimus,
439 2012 647 2041 quaecunque
677 2006 788 2042 postea
819 2002 962 2041 legemus
987 2007 1057 2033 acta

94 2054 177 2079 esse,
202 2045 291 2084 prius
317 2045 414 2075 fuisse
438 2055 455 2075 a
481 2045 548 2075 Deo
572 2044 732 2075 mandata.
780 2044 849 2075 Non
875 2046 974 2085 igitur
997 2045 1056 2076 du—

94 2086 179 2116 bium
204 2092 252 2118 est
275 2088 350 2127 quin
376 2087 464 2118 Deus
492 2087 555 2118 iam
581 2087 671 2117 initio
694 2098 767 2118 eum
791 2087 993 2118 admonuerit
1018 2087 1056 2119 de

95 2135 159 2159 toto
182 2140 368 2170 progressu:
397 2142 436 2160 ne
459 2129 679 2169 superbissimi
704 2131 834 2170 tyranni
859 2131 1055 2170 pertinaciae

95 2171 229 2209 eederet,
250 2183 285 2203 ac
308 2172 431 2203 duobus
455 2173 503 2203 vel
530 2173 633 2203 tribus
657 2173 821 2203 miraculis
844 2174 965 2203 frustra
989 2173 1053 2204 edi-

96 2213 137 2243 tis
167 2213 311 2244 baculum
343 2215 438 2245 simul
467 2226 539 2246 cum
565 2225 697 2246 munere
721 2215 865 2246 iniuncto
894 2216 1053 2247 abiiceret.
1080 2243 1081 2247 ,

96 2255 189 2286 Ν11110
212 2266 286 2297 ergo
307 2258 396 2288 Deus
419 2257 458 2288 ad
488 2259 702 2289 constantiam
732 2269 803 2288 eum
829 2258 991 2289 hortatur:
1024 2266 1055 2289 et
1079 2270 1081 2274 ’

97 2299 243 2338 quamvis
266 2305 336 2339 post
354 2301 416 2331 tria
434 2301 483 2330 vel
503 2307 639 2340 quatuor
652 2301 805 2331 miracula
826 2301 1051 2331 indomabilem
1080 2302 1081 2338 ]

97 2341 182 2380 regis
205 2343 434 2374 contumaciam
459 2344 588 2381 sentiat,
613 2348 646 2373 ut
676 2350 784 2373 tamen
816 2354 878 2374 non
910 2345 1054 2375 reflectat

97 2394 235 2420 cursum,
260 2395 360 2424 neque
384 2386 490 2416 animo
512 2386 704 2423 debilitetur,
736 2386 789 2416 sed
815 2386 855 2416 ad
879 2387 974 2417 finem
1002 2398 1052 2417 115-
1079 2403 1081 2415 1

97 2438 157 2467 que
181 2433 370 2465 perseveret.
416 2427 522 2466 Quare
554 2429 615 2459 11110
638 2439 763 2459 summa
795 2428 892 2467 redit,
923 2440 962 2460 ne
988 2430 1051 2469 pri-

97 2480 166 2500 mos
182 2474 312 2499 conatus
329 2469 435 2501 irritos
453 2481 521 2501 esse
537 2481 680 2509 cernens,
700 2471 892 2502 lassitudine
909 2472 1033 2503 deficiat
1047 2483 1052 2501 :

96 2522 155 2543 nec
189 2511 312 2542 desinat
346 2512 469 2543 fortiter
502 2525 662 2554 pugnare,
698 2514 798 2545 donec
835 2524 946 2545 omnes
978 2526 1053 2545 suae

97 2554 274 2586 vocationis
298 2564 448 2585 numeros
470 2557 684 2596 compleverit.
724 2557 824 2587 Porro
845 2567 883 2587 ne
908 2557 967 2588 hoc
992 2558 1053 2588 for-

97 2597 178 2628 tuito
213 2596 355 2627 accidere
396 2602 486 2636 putet
520 2599 602 2638 qnod
639 2610 702 2629 non
738 2600 884 2639 protinus
919 2600 1080 2631 1110111110Ἰ

1119 253 1272 292 potiatur,
1317 254 1367 284 vel
1409 254 1582 285 absurdum
1625 265 1694 285 0550
1735 254 1831 284 ducat
1871 255 2002 294 impune
2042 255 2081 286 ab

1118 296 1249 326 homine
1262 297 1388 327 mortali
1403 296 1486 328 eludi
1501 297 1663 334 miracula,
1684 297 1773 336 quasi
1794 307 1852 327 sua
1871 297 1988 328 ferocia
2008 308 2079 329 cou-

1118 344 1166 367 tra
1198 338 1305 369 Deum
1336 340 1473 370 invictus
1502 345 1618 370 staret:
1651 339 1804 379 praedicit
1833 341 1899 379 ipse
1930 339 2020 371 Deus
2047 352 2081 372 se

1118 381 1214 411 totius
1255 381 1349 412 huius
1389 382 1575 412 certaminis
1614 382 1681 413 fore
1727 382 1975 419 moderatorem,
2016 383 2080 414 imo

1116 422 1269 462 quidquid
1294 424 1399 464 populi
1423 424 1635 464 redemptioni
1658 424 1821 455 advorsari
1846 425 2013 463 videbitur,
2039 437 2080 456 ex

1117 475 1234 496 arcano
1258 477 1313 497 suo
1337 467 1470 498 consilio
1493 468 1661 499 oriturum.
1706 467 1755 497 Ita
1784 478 1912 499 causam
1937 467 2081 499 ostendit

1117 518 1174 538 cur
1197 508 1280 538 Mosi
1306 520 1367 539 non
1393 509 1435 540 sit
1454 509 1651 548 cessandum,
1675 509 1773 541 donec
1798 510 1952 541 miracula
1971 511 2080 542 omnia

1116 551 1292 590 peregerit:
1324 553 1396 591 quia
1427 557 1551 592 oportet
1581 559 1758 592 tyrannum
1790 553 1958 593 magnifice
1984 554 2077 591 vinci,

1116 597 1211 632 atquc
1243 593 1311 624 ideo
1338 594 1448 624 multis
1480 606 1515 625 ac
1544 595 1728 626 difficilibus
1758 595 1885 635 praeliis
1915 596 2018 637 frangi
2047 601 2079 628 et

1115 636 1253 673 conteri,
1278 646 1341 676 quo
1365 637 1562 676 splendidior
1589 639 1629 668 sit
1649 638 1791 668 victoria.
1844 638 1975 669 Interea
2005 650 2071 679 pro-

1114 679 1247 709 nunciat
1271 689 1333 709 non
1354 690 1387 710 sc
1407 679 1509 710 invito
1532 686 1593 710 tam
1615 681 1831 720 praefractum
1853 681 1918 711 fore
1937 681 2078 722 Aegypti

1116 731 1240 760 regem,
1270 732 1305 751 ac
1336 733 1361 752 si
1394 733 1456 752 11011
1486 728 1591 761 posset
1622 727 1784 754 momento
1816 733 1878 754 uno
1907 724 2011 763 ipsum
2042 725 2076 755 in

1114 764 1259 794 ordinem
1287 774 1413 804 cogere:
1456 765 1510 795 scd
1545 766 1651 804 potius
1684 776 1738 797 cor
1771 766 1840 796 eius
1874 777 1907 797 50
1939 766 2076 798 obdura-

1115 812 1232 836 turum.
1248 811 1280 836 ut
1293 807 1451 837 insaniam
1468 807 1623 837 violenter
1641 813 1830 847 prosternat.
1857 809 2001 840 Verbum
2015 820 2076 849 quo

1114 849 1216 879 utitur
1241 849 1356 886 Moses,
1382 860 1466 880 nunc
1489 850 1739 889 apprehendere,
1764 862 1848 882 nunc
1873 851 1904 882 vi
1928 852 2076 889 retinere,

1113 902 1198 922 nunc
1239 892 1389 922 roborare
1431 892 1605 932 significat:
1648 903 1776 924 5011511111
1820 904 1897 924 vero
1938 904 2076 925 commo-

1113 934 1243 965 dissime
1283 934 1416 965 reddere
1461 934 1537 964 milii
1586 936 1673 967 115115
1717 946 1787 966 511111
1832 937 2075 977 constringendi

1114 977 1224 1007 verbo:
1260 978 1332 1016 quia
1364 976 1476 1008 (100010
1505 977 1589 1007 haud
1618 978 1712 1009 dubie
1737 978 1837 1009 voluit
1861 979 1949 1010 Deus
1973 991 2006 1010 50
2029 980 2075 1011 ita

1113 1020 1256 1050 omnium
1292 1020 1504 1050 certaminum
1538 1031 1619 1059 quac
1658 1021 1740 1052 Mosi
1778 1021 1943 1052 subeunda
1972 1028 2073 1059 erant,

1113 1062 1340 1101 agonothetam
1370 1063 1451 1098 fore,
1488 1068 1521 1092 ut
1556 1063 1650 1093 ctiam
1684 1073 1737 1094 cor
1772 1064 1873 1095 hostis
1906 1065 2073 1104 gubernet,

1111 1110 1207 1144 atque
1238 1104 1277 1135 ad
1308 1105 1516 1144 pertinaciam
1548 1105 1690 1136 obduret.
1737 1106 1899 1145 Quoniam
1930 1107 2074 1139 delicatis

1112 1148 1241 1178 auribus
1265 1158 1378 1187 aspera
1402 1147 1529 1178 videtur
1552 1148 1705 1188 loquutio,
1737 1160 1806 1179 eam
1838 1149 1968 1189 plurimi
1994 1151 2073 1181 mol-

1111 1190 1202 1228 liunt,
1226 1194 1332 1221 aetum
1357 1190 1389 1220 in
1413 1191 1651 1230 permissionem
1678 1191 1839 1222 vertendo.
1872 1191 1972 1231 Quasi
1996 1204 2073 1224 vero

1111 1233 1197 1263 inter
1220 1243 1314 1273 agere
1337 1238 1367 1263 ct
1392 1233 1457 1273 pati
1482 1233 1561 1263 nihil
1586 1234 1627 1264 sit
1654 1233 1865 1265 discriminis:
1897 1240 1952 1265 aut
1981 1236 2073 1274 quasi

1112 1275 1299 1315 patientiam
1335 1286 1425 1305 suam
1460 1286 1494 1306 ae
1532 1287 1593 1306 non
1631 1276 1732 1316 magis
1769 1277 1947 1316 potentiam
1984 1278 2073 1309 Deus

1110 1318 1320 1349 commendet.
1353 1318 1406 1348 Me
1430 1324 1513 1349 00110
1536 1329 1606 1349 cum
1632 1319 1745 1358 spiritu
1770 1325 1879 1350 sancto
1904 1320 1989 1360 loqui
2009 1332 2072 1351 non

1112 1361 1214 1401 piget:
1247 1371 1350 1400 neque
1373 1361 1523 1400 amplecti
1550 1361 1658 1391 dubito
1689 1362 1773 1401 quod
1803 1362 1896 1393 toties
1917 1363 1950 1393 in
1975 1363 2073 1403 scrip-

1111 1408 1184 1434 tura
1216 1404 1367 1440 occurrit,
1404 1404 1508 1434 Deum
1540 1404 1653 1443 impios
1683 1405 1839 1435 coniicere
1873 1405 1905 1436 in
1941 1416 2073 1437 sensum

1112 1445 1292 1486 reprobum,
1312 1445 1440 1477 tradere
1461 1446 1688 1486 cupiditatibus
1711 1447 1882 1486 probrosis,
1902 1458 2074 1480 excaecare

1111 1500 1221 1520 eorum
1245 1494 1378 1525 mentes,
1404 1494 1433 1519 et
1458 1489 1552 1519 corda
1575 1489 1741 1520 obdurare.
1775 1490 1874 1530 Atqui
1898 1490 1957 1522 hoe
1979 1491 2073 1522 modo

1112 1531 1216 1562 Deum
1255 1532 1323 1562 fieri
1362 1536 1504 1562 autorem
1545 1532 1664 1571 peceati
1696 1532 1865 1570 obiiciunt,
1903 1544 1982 1573 quae
2018 1534 2074 1565 de-

1111 1574 1266 1606 testabilis
1290 1579 1374 1605 essct
1397 1575 1554 1614 impietae.
1599 1574 1799 1614 Responde-0,
1824 1575 1929 1606 Deum
1953 1576 2075 1617 longis—

1111 1618 1191 1648 simo
1223 1617 1381 1648 removeri
1410 1628 1427 1647 a
1455 1617 1563 1657 culpa,
1599 1617 1649 1647 ubi
1686 1617 1801 1648 iudicia
1835 1629 1892 1649 sua
1922 1629 2074 1650 exercere

1111 1660 1236 1692 dicitur.
1282 1660 1370 1700 Ergo
1394 1660 1419 1690 si
1443 1661 1622 1691 excaecatio
1651 1659 1802 1690 iudicium
1826 1665 1873 1691 est
1896 1660 1975 1699 Dei,
1999 1673 2073 1701 poe-

1111 1714 1185 1734 nam
1211 1702 1386 1743 infligendo
1410 1703 1440 1732 in
1465 1705 1585 1732 crimen
1611 1702 1717 1733 vocari
1742 1714 1804 1733 non
1829 1702 1930 1734 debet.
1977 1703 2072 1742 Quod

1111 1747 1136 1777 si
1164 1756 1258 1785 saepe
1283 1756 1378 1776 eausa
1401 1756 1458 1776 nos
1479 1745 1575 1785 fugit,
1599 1745 1842 1776 meminerimus
1872 1756 1937 1776 non
1959 1747 2014 1778 abs
2038 1758 2073 1779 re

1111 1789 1172 1819 Dei
1202 1788 1318 1819 iudicia
1346 1788 1451 1819 vocari
1482 1788 1632 1827 abyssum
1659 1788 1866 1827 profundam,
1904 1793 1998 1828 atque
2027 1789 2073 1821 ita

1110 1833 1274 1867 miremur,
1298 1841 1361 1861 non
1386 1831 1616 1870 obstrepamus.
1641 1830 1705 1869 9111
1730 1841 1805 1861 vero
1829 1832 2073 1870 permissionem

1110 1874 1311 1905 substituunt
1335 1873 1366 1903 in
1391 1873 1493 1904 locum
1520 1878 1622 1911 actus,
1653 1884 1714 1903 non
1747 1873 1840 1903 modo
1862 1873 1969 1904 Deum
1998 1885 2072 1915 spo-

1114 1917 1192 1947 liant
1229 1918 1295 1947 suis
1330 1916 1467 1951 iudiciis,
1506 1916 1559 1947 sed
1590 1927 1647 1955 pro
1678 1926 1734 1945 sua
1764 1916 1949 1947 morositate
1979 1918 2072 1958 gravi

1111 1960 1255 1990 afficiunt
1287 1959 1496 1995 contumelia,
1532 1969 1591 1988 non
1626 1958 1698 1998 plus
1728 1958 1756 1989 ci
1788 1958 1929 1989 iustitiae
1961 1969 2071 1992 conce-

1111 2002 1223 2034 dendo.
1244 2013 1337 2041 quam
1358 2013 1414 2031 5110
1438 2013 1530 2032 sensu
1554 2002 1693 2040 capiunt.

1195 2045 1245 2075 22.
1283 2044 1384 2075 Filius
1409 2054 1493 2074 meus
1510 2044 1735 2083 primoymzitus
1757 2054 1848 2074 mcuS.
1894 2043 1965 2075 Hac
1987 2046 2070 2076 anti-

1110 2089 1269 2128 cipatione
1293 2087 1417 2127 repellit
1440 2086 1660 2126 exceptionem
1690 2097 1752 2125 qua
1780 2096 1812 2115 se
1836 2086 1965 2117 Pharao
1989 2089 2070 2119 tucri

1111 2137 1241 2170 poterat,
1268 2142 1305 2159 ne
1328 2129 1444 2170 populo
1467 2134 1680 2160 commeatum
1705 2130 1802 2159 daret.
1838 2128 1920 2158 Nam
1947 2130 1977 2159 in
2003 2132 2070 2162 eius

1110 2174 1263 2204 ditionem
1285 2177 1399 2212 sponte
1417 2176 1617 2203 concesserat.
1642 2171 1733 2202 Iacob
1756 2182 1827 2201 cum
1849 2175 1914 2201 tota
1934 2172 2069 2204 familia:

1108 2222 1176 2246 erat
1200 2226 1275 2255 crgo
1306 2215 1403 2245 libera
1427 2214 1584 2245 retinendi
1609 2215 1675 2244 eius
1700 2214 1806 2253 populi
1831 2217 1986 2252 potestas,
2017 2217 2070 2255 qui

1108 2259 1269 2289 communi
1293 2259 1437 2298 gentium
1462 2258 1530 2287 iure
1559 2257 1719 2287 subiectus
1743 2262 1810 2286 erat
1835 2257 1985 2296 Aegyptii
2010 2258 2069 2290 im—

1108 2302 1205 2342 perio.
1237 2300 1331 2340 Quod
1352 2300 1479 2330 ordines
1503 2300 1658 2330 divinitus
1682 2299 1844 2329 institutcs
1869 2299 1986 2330 violare
2010 2301 2068 2331 1111-

1106 2345 1194 2384 pium
1219 2350 1283 2380 est,
1313 2353 1462 2383 perversa
1496 2342 1594 2372 videri
1619 2348 1742 2381 poterat
1766 2341 1865 2371 Mosis
1888 2342 2068 2381 postulatio,

1110 2392 1142 2417 111
1168 2387 1313 2426 legitima
1337 2385 1492 2416 subiectio
1517 2395 1591 2424 rege
1615 2384 1714 2414 invito
1738 2384 1929 2414 aboleretur.
1963 2384 2068 2423 91101·-

1108 2440 1178 2460 sum
1204 2429 1290 2460 enim
1315 2427 1465 2458 tendebat
1493 2427 1571 2457 illud
1602 2427 1640 2457 (10
1666 2427 1754 2456 exitu
1786 2426 1911 2466 populi,
1942 2427 2002 2458 11151
2034 2434 2070 2459 ut

1109 2483 1216 2512 regem
1253 2476 1380 2511 cogeret
1414 2481 1446 2500 se
1480 2470 1608 2509 proprio
1651 2468 1717 2499 iure
1751 2468 1921 2499 abdicare?
1978 2470 2068 2502 Deus

1079 2507 1081 2538 l
1107 2525 1198 2554 erg-o,
1224 2520 1258 2544 ut
1283 2513 1430 2544 ostendat
1460 2512 1539 2542 nihil
1570 2522 1603 2543 se
1624 2511 1741 2541 iniuste
1765 2522 1800 2542 ac
1825 2517 1950 2551 praeter
1974 2514 2068 2544 ratio—

1108 2568 1178 2587 nem
1205 2556 1374 2587 detrahere
1401 2555 1574 2592 l'haraoni,
1598 2554 1803 2594 privilegium
1827 2554 1975 2593 opponit,
2006 2566 2068 2595 quo

1107 2600 1202 2629 soluti
1238 2605 1330 2629 erant
1368 2598 1532 2629 Israelitae
1571 2608 1589 2628 a
1628 2596 1698 2636 lege
1738 2596 1910 2627 communi.
1968 2598 2068 2630 Filios
