2304 3034
81 212 142 244 309

349 305 412 336 EX
435 303 583 335 EXODI
605 302 768 334 XXXIV.

166 390 216 421 ⁴26.
244 390 440 428 Principium
458 389 690 427 primitivorum
712 390 811 417 terrae
834 389 904 417 tuae
926 385 1040 425 ‘inferes

82 433 113 463 in
136 432 259 463 domum
282 432 411 463 Ielzovae
433 431 495 462 Dei
517 431 571 461 tm:

167 517 263 548 Deut.
294 517 342 554 26,
377 516 404 546 1.
442 516 540 554 Qumn
570 515 728 554 ingyresszcs
755 513 863 552 feceris.
917 513 1039 543 Eodem

82 560 151 590 iure
181 560 339 599 primitias
366 559 494 597 frugum
529 567 658 587 suarum
693 557 817 587 solvere
852 556 929 586 iussi
964 561 1040 585 sunt

83 602 259 639 Israelitae‚
283 604 344 640 quo
367 610 496 631 censum
519 599 552 629 in
577 599 705 638 singula
728 599 841 638 capita,
867 609 981 637 nempe
1005 602 1040 628 ut

83 655 117 675 se
136 651 167 674 et
186 655 244 675 sua
262 644 368 674 omnia
383 642 442 673 Dei
461 652 529 672 esse
549 642 787 680 profiterentur.
824 641 895 671 Hoc
914 646 1040 670 tantum

82 687 144 717 fuit
168 686 374 721 discriminis,
406 684 486 723 quod
518 695 632 714 census
660 684 838 722 symbolum
864 683 1040 713 manumis-

83 730 182 759 sionis
216 730 290 759 fuit:
325 733 360 758 ut
393 732 602 765 agnoscerent
633 736 666 757 se
696 737 765 757 esse
799 726 930 761 liberos,
966 726 1040 764 quia

83 771 239 812 singulari
264 770 322 801 Dei
350 770 500 800 beneficio
530 769 686 809 redempti
717 774 833 799 essent.
881 768 1039 799 Primitiis

84 821 189 844 autem
213 812 320 843 testati
343 817 418 842 sunt
441 812 632 851 vectigalem
650 811 716 842 Deo
741 818 859 841 terram
884 822 962 848 esse,
982 820 1040 840 nec

84 857 146 887 alio
170 856 263 886 titulo
286 866 318 885 se
341 856 409 884 eius
432 864 500 884 esse
524 854 670 885 dominos
694 865 788 894 quam
814 854 973 893 precario,
1005 858 1041 883 ut

84 898 238 929 directum
261 898 429 936 imperium
455 902 486 927 et
505 897 684 936 proprietas
703 908 799 936 penes
814 897 918 926 Deum
939 906 1037 926 uuum

83 946 237 972 maneret.
283 940 369 979 Ergo
392 939 453 970 huc
476 939 650 969 tendebant
679 940 856 979 primitiae,
888 943 922 969 ut
949 944 1040 978 quot-

84 985 177 1014 annis
201 988 393 1014 renovarent
417 982 598 1021 adoptionis
625 992 700 1012 suae
728 983 931 1012 memoriam:
957 980 1038 1020 quod

82 1026 146 1057 illis
168 1026 240 1056 data
263 1032 345 1055 esset
377 1024 546 1063 peculiaris
578 1025 759 1055 haereditas
790 1025 821 1054 in
846 1030 931 1054 terra
955 1023 1039 1054 Cha·
1065 1025 1066 1042 i

82 1079 176 1104 natan,
196 1068 228 1098 in
247 1078 308 1107 qua
322 1066 425 1097 Deum
447 1068 498 1106 pie
517 1073 689 1106 sancteque
709 1067 860 1104 colerent,
880 1066 1041 1105 simulque

82 1116 283 1151 reputarent,
313 1120 377 1139 non
402 1110 580 1149 promiscuo
603 1111 747 1150 gent-ium
772 1120 860 1140 more
885 1109 1041 1139 divinitus

82 1164 115 1184 se
139 1153 189 1189 ali,
212 1152 266 1183 sed
290 1153 393 1182 instar
415 1153 569 1184 filiorum:
594 1152 678 1183 unde
701 1159 732 1183 et
751 1163 840 1183 sacer
859 1152 957 1183 cibus.
993 1153 1041 1181 Ac

82 1196 121 1226 de
155 1195 303 1235 primitiis
337 1195 465 1234 quidem
501 1195 575 1225 alibi
617 1206 728 1226 rursus
769 1195 928 1235 agendum
970 1194 1039 1231 erit,

82 1244 240 1278 quatenus
271 1248 344 1276 pars
376 1238 506 1267 suerunt
537 1238 749 1268 oblationum:
780 1238 833 1268 sed
866 1238 916 1268 hic
948 1247 1040 1276 prae-

81 1281 211 1320 cipuum
243 1281 339 1310 finem
371 1280 512 1311 inserere
540 1291 668 1311 neeesse
705 1281 780 1316 fuit,
820 1284 855 1310 ut
885 1280 1041 1310 sciremus

80 1322 152 1354 ideo
175 1322 273 1353 fuisse
296 1323 460 1362 impositas
484 1323 617 1363 populo,
642 1328 679 1353 ut
702 1324 821 1353 victum
838 1323 906 1353 Deo
929 1332 1038 1361 accep·
1066 1335 1068 1346 1

80 1370 148 1396 tum
172 1365 345 1401 referrent,
370 1366 536 1396 testandae
559 1366 686 1405 pietatis
710 1375 820 1400 eausa,
845 1375 880 1396 ac
899 1364 1038 1404 separati

81 1419 100 1439 a
122 1408 251 1447 reliquis
274 1408 433 1448 gentibus.
457 1409 513 1438 uni
540 1408 607 1439 Deo
631 1408 731 1438 lsrael
757 1408 899 1439 devincti
923 1412 1039 1438 esseut.

165 1451 193 1481 2.
227 1451 312 1481 Tunc
338 1452 468 1489 accipies
491 1451 526 1481 cle
550 1451 715 1490 primitiis.
762 1450 889 1481 Scimus
918 1451 950 1480 in
974 1450 1039 1489 pri-

80 1493 179 1523 mitiis
208 1497 309 1523 totum
344 1494 419 1523 anni
455 1500 646 1533 proventum
678 1494 776 1524 fuisse
806 1499 1038 1524 consecratum.

81 1535 170 1576 Ergo
202 1536 233 1566 in
267 1535 331 1566 illis
365 1537 504 1576 gestavit
538 1536 678 1576 populus
711 1537 929 1567 testimouium
965 1545 1040 1565 suae

81 1588 157 1618 erga
171 1578 273 1608 Deum
295 1579 432 1617 pietatis,
452 1589 545 1617 quem
567 1580 598 1609 in
623 1579 709 1609 victu
732 1579 916 1618 quotidiano
941 1580 1041 1609 nutri—

81 1622 159 1651 tium
180 1621 414 1660 experiebatur.
449 1621 554 1652 Hodie
577 1627 681 1652 cessat
705 1621 833 1661 quidem
859 1620 1041 1651 umbratilis

81 1663 136 1694 ille
159 1664 254 1699 ritus,
285 1663 339 1694 sed
369 1674 475 1694 verani
501 1665 757 1695 observationem
782 1663 886 1695 adhuc
909 1673 1041 1693 manere

82 1705 202 1736 Paulus
231 1706 338 1742 docet,
372 1707 425 1737 ubi
458 1717 516 1737 uos
546 1707 695 1737 hortatur
725 1706 764 1737 :id
794 1705 1041 1746 glorificaudum

82 1758 196 1779 nomen
221 1749 281 1779 Dei
305 1750 402 1780 etiam
426 1749 459 1779 111
483 1749 552 1780 01110
576 1754 608 1779 et
636 1754 714 1790 potu
738 1749 779 1789 (1.
805 1749 878 1780 Cor.
905 1749 952 1785 10,
978 1748 1040 1789 31).

83 1790 248 1829 Quantum
283 1791 322 1822 ad
356 1792 460 1822 locum
495 1797 619 1831 spectat
653 1792 706 1823 ubi
739 1793 847 1822 offerri
882 1791 1043 1822 debebant

83 1834 257 1873 primitiae,
281 1840 313 1864 et
343 1845 401 1865 cur
432 1835 556 1865 dicatur
587 1834 650 1865 illic
677 1836 765 1865 Deus
795 1845 913 1865 nomen
944 1845 1039 1865 suum
1068 1867 1069 1874 ¹

83 1876 212 1912 locasse,
236 1877 310 1907 alibi
334 1876 522 1913 videbimus,
546 1888 644 1917 quum
669 1877 707 1907 ad
732 1878 886 1908 sacrificia
910 1882 1042 1907 ventum

84 1918 188 1966 fuerit.
222 1919 361 1950 Tantum
383 1919 524 1951 breviter
543 1920 726 1961 perstringo
746 1931 827 1960 quae
852 1925 929 1950 sunt
952 1930 1042 1960 prae-

85 1966 183 1991 sentls
201 1962 348 1993 instituti.

168 2003 196 2034 3.
228 2005 390 2036 Amzuncio
413 2005 508 2036 hodie.
559 2005 620 2036 His
654 2005 762 2036 verbis
796 2005 934 2036 confessi
969 2009 1044 2035 sunt

84 2044 250 2077 Israelitae
269 2057 303 2077 se
326 2057 390 2078 non
410 2048 542 2087 adeptos
562 2058 630 2079 esse
650 2052 754 2079 terrae
774 2047 950 2078 dominium
971 2057 1042 2087 pro-

86 2087 164 2127 priis
187 2089 317 2127 viribus,
341 2095 396 2120 aut
420 2090 573 2121 beneficio
597 2092 753 2128 fortunae,
778 2090 832 2121 sed
857 2101 945 2121 mera.
966 2090 1043 2121 libe-

87 2130 211 2161 ralitate
230 2131 279 2163 De
292 2157 299 2171 ‚
321 2132 416 2172 idque
435 2144 474 2164 ex
494 2138 594 2172 pacto.
630 2134 742 2173 ltaque
762 2133 825 2164 duo
848 2138 925 2163 sunt
949 2133 1044 2164 huius

89 2174 264 2205 sententiae
287 2176 445 2214 membra,
472 2175 579 2206 Deum
604 2176 746 2216 gratuito
769 2175 949 2215 pollicitum
974 2186 1043 2206 esse

90 2215 237 2246 Abrahae
258 2222 373 2248 terram
398 2218 502 2255 illam,
535 2224 569 2249 ut
597 2218 723 2249 eederet
752 2219 786 2249 in
810 2219 1042 2249 haereditatem

90 2258 237 2296 posteris:
273 2259 385 2291 deinde
414 2261 507 2291 fidem
540 2272 686 2292 servasse
720 2272 780 2292 non
816 2261 910 2292 modo
944 2271 1042 2301 quum

92 2298 173 2329 filios
197 2300 343 2333 Abrahae
365 2303 396 2333 in
419 2304 648 2342 possessionem
674 2303 869 2342 adduxerat,
892 2304 947 2334 sed
971 2305 1044 2343 qnia

92 2342 265 2380 tranquilla
286 2345 374 2383 quies
397 2351 465 2376 erat
487 2347 609 2386 gratiae
633 2347 780 2377 accessio.
826 2346 917 2377 Idem
949 2346 1043 2386 paulo

94 2388 163 2422 post
174 2384 275 2416 fusius
287 2389 495 2426 prosequitur,
505 2388 558 2419 ubi
570 2388 723 2419 iubentur
732 2389 899 2420 Israelitae
912 2400 1044 2420 narrare

92 2436 188 2465 quam
212 2427 326 2458 misera
348 2430 408 2459 fuit
430 2436 555 2469 patrum
585 2432 724 2463 conditio
755 2431 855 2463 donec
878 2442 932 2463 eos
957 2428 1060 2462 Deus*

95 2469 201 2498 favore
224 2479 281 2499 suo
303 2472 485 2511 complexus
507 2482 563 2511 est,
587 2478 617 2505 et
641 2474 857 2506 misericordia
884 2475 1043 2514 dignatus.

95 2510 320 2550 Respondendi
353 2514 486 2545 verbum
519 2516 707 2556 simpliciter
740 2517 875 2557 accipio,
910 2528 949 2548 ex
986 2528 1044 2548 usu

95 2553 225 2592 linguae
247 2553 427 2595 hebraicae,
454 2567 512 2595 pro
534 2558 636 2599 loqui,
669 2559 719 2590 vel
743 2560 832 2590 effari
858 2560 920 2591 nisi
944 2560 1045 2600 magis
1070 2554 1073 2589 Ξ

96 2595 222 2643 placeat
241 2597 417 2629 testificari:
441 2599 523 2639 quod
545 2602 665 2640 optime
683 2603 847 2633 convenit.
882 2602 1045 2634 Describi-

97 2643 151 2668 tur
174 2648 257 2668 emm
281 2639 419 2672 solennis
441 2642 610 2682 professio,
639 2655 702 2684 qua
724 2656 757 2675 se
783 2645 851 2676 Deo
874 2644 1046 2685 quotannis

802 209 986 240 PRIMUM
1009 208 1326 240 PRAECEPTUM.

1993 210 2056 239 310

1093 301 1345 341 obstringebant.
1392 302 1493 332 Porro
1516 302 1650 342 originis
1674 313 1750 333 suae
1773 303 1966 342 principium
1988 312 2055 333 non

1065 344 1066 348 ’
1092 352 1222 374 sumunt
1243 345 1280 375 ab
1302 345 1475 381 Abraham,
1500 345 1554 375 sed
1575 356 1592 375 a
1611 345 1720 375 Iacob:
1747 345 1780 375 in
1804 346 1893 376 cuius
1916 355 2055 384 persona

1092 386 1246 416 illustrior
1288 392 1410 426 poterat
1450 387 1588 426 conspici
1630 387 1734 427 gratia
1768 387 1838 418 Dei.
1896 387 1976 418 Nam
2013 398 2053 418 ex

1093 434 1178 458 teri-:t
1202 430 1359 459 Chanaan
1384 429 1557 469 profugere
1580 436 1726 467 coactus,
1754 435 1996 469 consumpserat
2019 431 2053 460 in

1093 470 1189 508 Syria
1224 472 1337 502 bouum
1373 478 1494 511 partem
1531 473 1661 502 aetatis:
1697 472 1774 511 (non
1806 473 1891 503 enin]
1923 471 2053 503 domum

1093 524 1241 544 reversus
1271 519 1334 550 est,
1370 514 1430 545 nisi
1467 514 1579 555 senex)
1615 514 1729 545 deinde
1763 525 1875 545 rursus
1909 515 1992 545 same
2023 519 2054 545 et

1093 556 1199 586 inedia
1222 557 1404 596 compulsus
1427 557 1534 587 fuerat
1557 558 1697 596 migrare
1721 558 1752 587 in
1774 559 1975 597 Aegyptum:
2001 557 2054 588 ubi

1094 598 1223 629 tandem
1252 604 1396 629 mortuus
1428 600 1540 630 fuerat.
1588 600 1675 639 Ergo
1706 610 1808 638 neque
1840 599 2054 630 haereditario

1094 641 1174 679 iure,
1204 652 1305 680 neque
1329 652 1384 671 suo
1409 648 1510 671 marte
1533 641 1692 681 obtigerat
1716 642 1778 672 illis
1802 646 1901 672 terra:
1934 642 1965 672 111
1991 653 2054 682 qua.

1094 694 1133 713 ne
1158 685 1354 723 peregrinari
1375 684 1501 723 quidem
1522 694 1706 715 concessum
1726 684 1831 715 fuerat
1850 685 1934 724 patri
1947 684 2052 716 Iacob.

1094 725 1214 766 Syrum
1235 737 1327 765 porro
1347 726 1522 762 nominant,
1547 727 1630 766 quia,
1654 737 1751 766 quum
1773 737 1888 758 uxores
1909 727 2054 758 duxisset

1065 779 1067 800 1
1093 769 1176 807 apud
1202 768 1331 804 Labun,
1362 776 1394 799 et
1423 769 1503 799 tilios
1535 770 1712 809 genuisset,
1743 774 1775 800 et
1805 770 1992 809 prinsquam
2020 781 2054 801 se

1093 811 1274 850 accingeret
1297 811 1335 841 ad
1360 811 1496 841 reditum
1521 818 1690 850 provectae
1722 812 1783 842 iam
1816 817 1899 842 esset
1929 812 2053 851 aetatis,

1093 853 1194 883 videri
1216 858 1342 893 poterat
1368 854 1572 884 renunciasse
1601 858 1704 884 terrae
1729 854 1896 885 Chanaan.
1943 854 2051 893 Quum

1065 927 1066 935 ,
1093 906 1169 936 ergo
1193 907 1250 936 per
1273 896 1389 926 multos
1419 906 1519 926 annos
1548 901 1718 927 contentus
1749 897 1862 927 fuisset
1891 896 2052 928 domicilio

1093 938 1174 978 quod
1205 939 1263 969 sibi
1294 940 1326 969 in
1356 938 1453 979 Syria
1482 938 1636 978 elegerat,
1665 939 1780 970 merito
1811 940 1947 970 confessi
1978 944 2054 970 suut

1093 982 1161 1011 eius
1185 982 1303 1021 posteri
1328 981 1425 1011 fuisse
1449 981 1537 1020 quasi
1561 980 1718 1011 advenam
1743 986 1773 1011 et
1797 986 1954 1017 exterum,
1979 982 2053 1021 quia.

1093 1023 1145 1054 diu
1181 1025 1286 1054 fuerat
1320 1023 1472 1054 extorris:
1508 1028 1539 1053 ct
1573 1024 1668 1053 simili
1704 1024 1829 1054 ratione
1863 1035 1895 1055 se
1926 1035 2052 1064 quoque

1093 1066 1214 1096 censeri
1246 1077 1337 1106 posse
1370 1066 1575 1105 alienigenas.
1621 1065 1769 1102 Addunt,
1802 1071 1925 1106 patrem
1957 1078 2049 1097 suum

1092 1109 1187 1139 Iacob
1228 1109 1345 1139 iterum
1379 1108 1570 1139 valedixisse
1603 1113 1705 1138 terrae
1741 1108 1912 1146 Chanaan,
1953 1120 2049 1149 quum

1093 1156 1228 1191 urgente
1259 1151 1365 1191 iuopia
1397 1151 1560 1182 descendit
1588 1151 1619 1181 111
1651 1152 1844 1191 Aegyptum.
1898 1152 1941 1182 Et
1976 1152 2050 1182 dum

1093 1200 1344 1225 commemorant
1367 1193 1431 1224 illic
1454 1193 1692 1233 peregrinatum
1718 1194 1814 1224 fuisse
1838 1205 1908 1224 cuin
1933 1195 2051 1234 paucis,

1094 1242 1202 1276 postea
1236 1236 1375 1267 crevisse
1409 1237 1439 1266 in
1482 1242 1608 1275 gentem
1650 1246 1815 1276 magnam:
1858 1237 1917 1267 1100
1958 1237 2052 1267 1110110

1094 1284 1273 1319 agnoscunt
1306 1289 1340 1309 se
1374 1289 1442 1309 esse
1474 1279 1665 1318 Aegyptios,
1696 1289 1794 1318 quum
1825 1278 1915 1309 illinc
1945 1283 2052 1310 essent

1095 1322 1241 1358 oriundi,
1280 1322 1333 1352 ubi
1368 1321 1536 1351 exordium
1570 1323 1671 1351 fuerat
1702 1322 1839 1351 nominis
1870 1327 1901 1352 et
1934 1323 2050 1362 gentis.

1095 1365 1232 1404 Reliquo
1263 1369 1414 1395 contextu
1445 1364 1559 1393 melius
1587 1364 1778 1394 confirmant
1807 1375 1840 1395 se
1870 1364 1902 1394 in
1930 1368 2052 1395 terram

1094 1408 1251 1438 Olianaan
1283 1407 1392 1437 ductos
1428 1407 1524 1436 fuisse
1555 1405 1614 1435 Dei
1649 1416 1762 1436 manu:
1798 1406 1872 1445 quia
1907 1408 2051 1446 oppressi

1095 1450 1266 1490 tyrannide
1286 1449 1324 1479 ad
1345 1450 1449 1488 ipsum
1469 1449 1687 1486 clamaverint,
1707 1459 1742 1479 ac
1761 1448 1901 1479 exauditi
1922 1450 2051 1481 fuerint.

1095 1493 1198 1532 Signa
1217 1493 1311 1522 ctiam
1333 1498 1364 1522 et
1383 1496 1531 1531 portenta
1550 1490 1709 1521 celebrare
1728 1491 1806 1521 iussi
1831 1497 1915 1528 sunt,
1939 1492 2052 1531 quibus

1094 1536 1211 1566 elarius
1240 1535 1396 1574 patefacta
1432 1535 1535 1564 fuerat
1568 1533 1760 1572 redemptio:
1795 1544 1835 1564 rie
1869 1533 2052 1565 dubitanter

1095 1579 1216 1618 gratias
1242 1579 1309 1608 Deo
1332 1582 1477 1617 agerent,
1501 1575 1555 1606 sed
1578 1586 1694 1615 purum
1718 1576 1785 1607 eius
1808 1576 1929 1607 cultum
1954 1587 2052 1617 oppo-

1095 1625 1210 1651 nerent
1240 1620 1388 1651 omnibus
1416 1619 1561 1659 gentium
1592 1619 1763 1658 figmentis
1808 1618 1936 1658 Alioqui
1966 1620 2052 1650 enim

1096 1662 1246 1703 frigidum
1289 1663 1401 1693 fuisset
1440 1661 1499 1692 hoc
1539 1662 1666 1700 pietatis
1706 1661 1905 1692 exercitium.
1958 1661 2051 1700 Quod

1095 1706 1208 1736 ultimo
1224 1716 1317 1735 versu
1339 1705 1497 1744 sequitur:
1517 1704 1560 1734 Et
1579 1703 1756 1740 laetaberis,
1777 1704 1904 1734 videtur
1923 1704 2052 1742 quidem

1095 1759 1163 1779 esse
1194 1748 1378 1788 promissio,
1410 1747 1496 1786 quasi
1523 1747 1610 1776 Deus
1640 1746 1799 1785 proposita
1822 1746 2053 1778 benedictionis

1095 1803 1171 1822 suae
1195 1791 1326 1826 fiducia,
1351 1789 1467 1830 populo
1491 1789 1654 1819 stimulum
1681 1788 1813 1819 adderet
1836 1788 1874 1819 ad
1899 1789 2053 1820 maiorem

1096 1834 1193 1865 studii
1224 1834 1434 1864 alacritatem:
1470 1831 1524 1862 sed
1555 1831 1669 1861 clarior
1697 1836 1729 1861 et
1758 1831 1860 1870 magis
1891 1833 2052 1870 genuinus

1096 1877 1224 1907 videtur
1247 1887 1360 1907 sensus
1383 1875 1449 1905 fore
1469 1875 1493 1905 si
1517 1874 1629 1914 copula
1650 1878 1793 1904 vertatur
1812 1874 1844 1903 in
1864 1874 2051 1905 adverbium

1096 1920 1249 1959 temporis
1273 1919 1372 1949 Tunc.
1418 1918 1478 1947 Est
1501 1918 1584 1946 enim
1617 1917 1675 1947 lioc
1705 1916 1912 1956 praecipuum
1936 1917 1967 1947 in
1992 1927 2049 1948 usu

1096 1962 1156 1993 cibi
1188 1967 1219 1992 et
1249 1967 1356 2001 potus,
1388 1960 1469 1990 lacta
1498 1965 1530 1989 ct
1554 1959 1646 1989 hilari
1671 1959 1865 1990 conscientia
1889 1960 2052 1998 percipere

1096 2016 1134 2035 ex
1166 2004 1226 2035 Dei
1256 2015 1352 2034 manu
1384 2003 1507 2042 paterni
1537 2002 1654 2031 favoris
1685 2002 1915 2031 testimonium.
1962 2002 2050 2032 Nihil

1095 2047 1316 2087 inquietudine
1336 2046 1490 2076 miserius.
1526 2044 1662 2083 Ideoque
1682 2044 1802 2074 Paulus
1820 2043 1926 2084 (Rom.
1953 2044 2000 2080 14,
2021 2044 2053 2085 2)

1095 2090 1319 2120 certitudinem
1340 2088 1479 2118 maxime
1499 2087 1641 2126 requisit,
1666 2097 1705 2116 ne
1725 2086 1793 2125 quis
1817 2087 1921 2116 cibum
1946 2091 2054 2126 gustet

1095 2133 1213 2172 absque
1230 2132 1300 2163 fide.
1326 2131 1398 2169 Quo
1417 2130 1516 2170 igitur
1535 2129 1747 2169 promptiores
1766 2129 1830 2159 siut
1850 2128 1887 2158 ad
1909 2129 2052 2159 officium

1095 2175 1278 2211 Israelitae,
1314 2174 1464 2205 admonet
1495 2173 1617 2208 Moses,
1650 2177 1726 2202 tunc
1759 2171 1885 2201 demum
1916 2171 2051 2202 liberum

1095 2219 1159 2249 illis
1172 2219 1237 2248 fore
1250 2216 1400 2255 gaudium
1421 2216 1451 2245 iu
1472 2225 1532 2245 usu
1552 2214 1706 2244 donorum
1721 2214 1791 2252 Dei,
1810 2214 1835 2244 si
1856 2214 2054 2253 gratitudine

1096 2255 1389 2293 (10111110111111111111,
1415 2264 1447 2287 ut
1472 2257 1647 2288 mandavit.

1181 2303 1312 2333 Numer.
1338 2302 1385 2337 15,
1410 2301 1458 2331 20.
1483 2300 1531 2330 De
1548 2299 1711 2339 primitiis.
1756 2298 1820 2328 Η10
1842 2297 1926 2328 aliud
1951 2309 2054 2338 genus

1096 2346 1311 2385 primitiarum
1344 2344 1508 2374 indicitur:
1541 2347 1575 2372 ut
1603 2351 1708 2371 sacras
1732 2340 1895 2379 placentas
1918 2341 2055 2372 offerant

1096 2400 1135 2419 cx
1165 2389 1270 2428 prima
1295 2386 1527 2426 conspersione.
1573 2384 1802 2414 Offerebantur
1831 2393 1870 2413 ex
1906 2383 2053 2423 frugibus

1097 2436 1127 2461 et
1151 2431 1262 2471 spicis:
1293 2430 1347 2461 sed
1371 2429 1403 2459 in
1429 2429 1495 2467 ipso
1516 2438 1596 2466 pane
1621 2425 1722 2465 magis
1745 2425 1820 2457 viva
1843 2426 1903 2455 fuit
1925 2437 2053 2465 reprae-

1097 2474 1243 2504 sentatio.
1292 2474 1379 2503 Deus
1404 2481 1487 2510 crgo,
1511 2469 1603 2499 sicuti
1628 2480 1665 2498 ex
1690 2478 1773 2504 area,
1796 2468 1841 2498 ita
1865 2473 1895 2498 et
1918 2468 2054 2508 pistrino

1097 2522 1128 2547 et
1151 2517 1244 2547 furno
1267 2515 1395 2555 prodire
1420 2513 1518 2543 voluit
1542 2510 1746 2551 gratitudinis
1773 2510 1933 2550 symbola,
1964 2517 1998 2541 ut
2022 2512 2055 2541 in

1097 2560 1166 2599 ipso
1195 2568 1320 2598 quoque
1347 2557 1437 2597 panis
1474 2566 1529 2585 osu
1565 2554 1698 2593 populus
1732 2563 1804 2583 eum
1841 2558 1914 2583 ante
1948 2553 2056 2585 oeulos

1096 2602 1236 2633 haberet.

1185 2643 1288 2675 Exodi
1318 2642 1367 2679 2⁶2,
1402 2641 1451 2672 ⁶28.
1488 2639 1718 2670 Plenitudinem
1751 2640 1844 2669 tuam.

1805 2687 1854 2714 20*

1895 2637 2058 2678 Colligere
