2304 3034
110 206 171 237 345

110 298 165 329 bus
190 297 335 337 zmyulam
357 297 500 333 divisam,
523 294 684 330 camelum,
714 296 741 323 et
761 292 907 331 leporem,
936 294 962 322 ct
989 292 1073 321 cuni-

110 340 227 371 culum:
250 340 324 378 quia
346 340 515 374 ruminant,
539 340 564 368 ct
586 336 733 375 unyulam
755 345 814 365 uon
837 334 988 369 dividunt,
1017 335 1074 364 im-

111 383 227 413 munda
249 385 321 412 suut
342 382 431 412 vobis.
477 381 505 411 8.
529 379 571 410 Et
588 387 729 416 porcum,
753 377 829 416 quia
855 376 946 415 findit
977 387 1072 415 unqu-

111 425 182 461 lam,
207 428 234 455 et
256 435 311 455 non
335 424 480 459 ruminat,
512 420 689 452 immundus
718 422 761 450 est
788 419 888 449 vobis:
917 419 952 449 dc
981 429 1072 449 carne

111 478 216 498 eorum
239 477 297 498 non
320 466 490 502 concedetis,
519 467 545 495 et
567 463 716 494 cadavera
739 472 841 492 eorum
871 471 928 491 uon
959 461 1070 491 coutin—

110 510 195 550 yetz's.
241 510 270 540 9.
295 509 359 540 Hoc
391 507 548 539 comedetis
580 515 616 536 er
649 504 790 535 omnibus
823 514 901 543 quae
933 506 1004 533 suut
1037 505 1071 534 1η

112 563 203 592 aqua,
225 550 375 591 quidquid
396 549 482 580 habet
494 547 662 588 pinnulam
674 549 699 577 et
710 556 880 585 squamam,
904 547 1070 576 comedetis.

113 595 159 625 10.
189 593 346 633 Quidquid
374 602 440 623 vero
461 589 625 622 nonhabet
646 589 816 628 pinnulam
846 591 871 619 ct
900 598 1071 627 squamam,

110 648 169 668 iton
203 635 373 668 comedetis:
413 633 606 664 immuudum
635 634 678 662 est
707 631 797 662 vobis.
852 631 900 661 11.
944 630 1068 661 Omnem

110 690 196 710 anem
230 678 377 708 ucundam
406 675 569 706 comedetis.
624 674 671 704 12.
702 674 772 704 Hae
801 676 902 704 autem
934 676 1004 704 sunt
1032 683 1069 703 ea·

111 722 220 761 quibus
238 730 298 751 uon
316 719 485 750 comedetis:
503 717 619 756 aquila,
639 719 666 747 et
676 716 823 756 yryplius,
847 719 873 746 et
892 716 1067 746 haliaeetus.

112 764 161 795 13.
185 764 227 794 Et
249 764 329 799 iscus,
352 764 378 792 ct
399 761 515 795 vultur,
546 762 573 789 et
602 759 715 790 milvus
743 759 910 790 secuudum
940 759 1068 798 speciem

109 817 206 837 suam.
243 805 290 835 14.
310 804 352 834 Et
372 804 471 834 omnis
492 811 601 833 corvus
622 801 790 833 secuudum
812 801 940 840 speciem
963 811 1068 831 sumn..-

110 849 158 880 15.
183 848 225 879 Et
242 848 310 887 filia
332 845 520 882 struthionis,
544 847 699 878 etiioctua,
724 844 856 881 emarus,
876 846 902 874 et
924 844 1069 882 accipiter

107 891 270 922 secuudum
292 889 419 927 speciem
441 897 540 924 suam,
586 887 633 917 16.
658 886 701 916 Et
721 886 873 921 herodius,
898 888 924 916 et
948 886 1019 922 ibis,
1042 888 1069 916 et

107 943 228 973 caynus,
275 932 321 962 17.
345 930 388 961 Et
403 930 576 968 pelicanus,
599 932 625 960 et
648 929 829 968 prophyrio,
853 931 879 959 et
901 929 1066 968 mcryulus,

108 968 155 1007 18.
179 975 223 1006 Et
234 974 358 1012 ciconia,
381 976 408 1004 et
429 972 615 1003 charadrius
626 972 792 1002 secundum
814 971 942 1010 speciem
960 981 1067 1001 suam:

556 1014 603 1045 19.
635 1014 677 1044 Et
699 1023 784 1044 omne
810 1014 920 1052 reptile
950 1013 1067 1044 alatum

108 1022 135 1050 et
156 1028 261 1057 upupa
284 1019 311 1047 et
332 1015 509 1054 vespertilio.

857 1056 906 1087 20.
943 1056 1067 1087 Omnem

108 1061 299 1092 immundum
332 1060 374 1089 est
406 1057 502 1092 vobis,
535 1067 594 1088 uon
627 1057 802 1089 comedetur.

107 1113 190 1135 avem
210 1101 355 1133 mundam
377 1100 542 1131 comedetis.

189 1186 295 1217 Levit.
320 1186 369 1223 20,
393 1185 442 1216 25.
496 1184 555 1215 Vos
577 1195 692 1223 quoque
714 1184 885 1215 discrimen.
928 1183 1065 1215 Senten-

104 1230 182 1260 tiam
214 1229 295 1260 hanc
326 1228 466 1269 pendere
494 1238 512 1257 a
541 1228 604 1258 fine
634 1227 809 1267 superioris
842 1237 955 1258 versus
984 1227 1063 1257 mihi

104 1271 234 1303 dubium
259 1281 323 1301 non
347 1276 403 1302 est.
437 1270 509 1301 Etsi
533 1271 617 1300 enim
643 1270 702 1301 hac
724 1270 847 1300 ratione
870 1269 909 1299 ab
933 1270 1063 1300 incestis

103 1325 155 1346 eos
168 1314 316 1350 deterret,
337 1323 474 1354 quornm
487 1313 682 1343 mentionem
697 1313 824 1349 fecerat,
844 1312 940 1342 simul
954 1317 1062 1342 tamen

104 1357 143 1388 ad
168 1361 366 1397 praesentem
391 1356 568 1387 doctrinam
593 1360 725 1395 spectat,
749 1359 786 1385 ut
805 1355 845 1385 sit
864 1355 957 1394 qnasi
970 1364 1062 1395 prae-

101 1400 229 1431 fationis
262 1399 338 1430 loco.
395 1398 544 1438 Denique
578 1408 628 1429 res
663 1398 743 1429 duas
779 1398 954 1433 connectit,
989 1397 1063 1437 quia

102 1442 241 1473 breviter
263 1441 328 1472 illic
341 1441 430 1472 Deus
453 1441 620 1472 consilium
646 1451 739 1471 suum
765 1440 973 1477 demonstrat,
998 1451 1061 1470 non

101 1484 196 1516 modo
219 1484 321 1524 quoad
344 1484 472 1515 illicitos
495 1488 527 1514 et
546 1483 654 1514 foedos
666 1482 865 1521 concubitus,
889 1482 944 1513 scd
965 1483 1060 1513 etiam

102 1538 159 1559 cur
183 1527 333 1567 populum
363 1538 456 1558 suum
489 1527 629 1558 vetuerit
659 1526 853 1556 animalibus
885 1525 1062 1556 immundis

101 1570 196 1602 vesci.
239 1569 316 1600 Ideo
339 1569 430 1601 dicit:
452 1570 523 1609 Ego
546 1570 653 1608 itaque
677 1579 746 1599 sum
769 1569 858 1599 Deus
881 1574 988 1599 vester
1007 1568 1061 1608 qui

102 1623 159 1644 vos
181 1613 323 1652 separavi
355 1623 372 1643 a
402 1613 536 1652 populis.
582 1612 676 1643 Unde
706 1611 868 1651 sequitur,
901 1621 963 1641 1100
998 1611 1059 1641 alia

101 1655 224 1686 ratione
246 1654 422 1694 prohibitos
446 1656 542 1685 fuisse
565 1654 605 1685 ab
628 1654 758 1685 illorum
783 1653 972 1684 animalium
997 1664 1062 1691 esu,

102 1698 163 1728 nisi
186 1703 220 1728 ut
242 1697 315 1728 inde
344 1697 446 1737 magis
477 1697 636 1728 discerent
666 1697 776 1728 sedulo
804 1707 933 1733 cavere,
969 1707 1005 1728 ac
1028 1706 1061 1727 se

101 1740 208 1780 procul
248 1740 425 1771 subducere
464 1740 502 1771 ab
544 1739 692 1770 omnibus
732 1740 878 1779 gentium
913 1740 1060 1778 inquinan

101 1783 226 1814 mentis.
281 1783 473 1814 Munditiem
515 1787 590 1813 ante
631 1782 914 1814 commendaverat
951 1782 1060 1812 multis

100 1825 269 1865 symbolis:
295 1836 379 1856 nunc
402 1836 478 1856 vero
501 1836 572 1856 eam
596 1825 636 1856 ad
656 1825 809 1856 animalia
830 1835 929 1864 usque
949 1830 1061 1855 exten-

100 1868 156 1898 dit..
203 1870 308 1908 Atque
339 1869 416 1899 haec
446 1868 528 1899 ratio
553 1867 724 1908 diligenter
748 1867 889 1898 notanda
913 1874 970 1903 est,
996 1867 1059 1897 dis-

99 1910 219 1942 crimen
239 1911 323 1941 inter
341 1911 426 1942 cibos
445 1911 509 1941 illis
527 1912 672 1950 proponi7
691 1917 727 1941 ut
747 1911 878 1949 puritati
898 1909 1059 1941 studeant.

98 1952 269 1993 Frigidum
304 1953 386 1984 enim
423 1961 504 1984 esset
540 1953 692 1993 quidquid
734 1953 784 1983 hic
826 1953 958 1989 dicitur,
1000 1954 1060 1983 nisi

99 1996 253 2027 sciremus
276 1995 307 2025 in
332 2006 404 2027 eum
429 1997 525 2027 finem
558 1997 696 2035 positum
727 1996 826 2027 fuisse
852 1996 1059 2026 interdictum

103 2049 143 2069 ne
166 2048 198 2069 se
222 2039 400 2078 promiscue
423 2039 572 2078 gentibus
591 2039 772 2069 miscerent.
808 2038 884 2069 Ideo
904 2039 1061 2077 repetitur

103 2080 257 2112 secundo.
281 2086 446 2120 separatos
469 2082 568 2112 fuisse
592 2088 627 2112 ut
650 2087 755 2112 essent
782 2082 841 2111 Dei
868 2081 1059 2112 haereditas.

103 2123 196 2154 Unde
218 2124 369 2160 infertur,
393 2125 597 2155 sanctitatem
621 2135 690 2155 esse
712 2125 789 2163 ipsis
812 2124 995 2161 colendam,
1027 2129 1060 2154 ut

104 2176 136 2196 se
156 2166 194 2196 ad
210 2166 268 2196 Dei
292 2167 339 2196 sui
363 2167 544 2206 exemplum
568 2167 716 2197 forment.
753 2167 847 2197 Nunc
872 2166 1059 2206 ambiguum

104 2218 171 2238 esse
194 2218 255 2238 non
279 2214 381 2247 potest
404 2210 479 2249 quin
511 2210 653 2241 ciborum
686 2209 827 2240 delectus
856 2210 909 2249 qui
939 2210 1059 2249 praeci-

105 2250 205 2288 pitur,
239 2251 399 2290 appendix
432 2253 473 2282 sit
507 2253 601 2292 primi
636 2253 811 2292 praecepti,
852 2262 915 2291 quo
948 2252 1061 2291 regula

105 2291 241 2322 traditur
264 2292 323 2323 Dei
348 2294 405 2325 rite
428 2305 570 2335 pureque
594 2295 732 2326 colendi:
762 2301 857 2334 atquc
881 2295 925 2325 ita
948 2294 1060 2335 religio

106 2334 257 2365 asseritur
280 2335 318 2365 ab
341 2337 487 2367 omnibus
511 2338 776 2377 superstitionum
802 2337 963 2368 mixturis.

189 2376 292 2406 Levit.
312 2378 360 2413 11,
384 2379 412 2409 2.
437 2379 520 2411 Haec
537 2383 608 2410 suut
626 2381 779 2411 animaliav
797 2390 875 2419 quac
893 2380 1058 2411 comedetis.

106 2417 277 2449 Scivcrunt
295 2424 368 2450 ante
381 2421 493 2452 Mosen
513 2428 621 2453 natum
646 2424 748 2454 sancti
773 2430 880 2462 patres
903 2433 1058 2461 quaenam

106 2466 212 2491 essent
252 2461 399 2492 animalia
439 2464 618 2496 immunda:

105 2546 194 2585 paria
216 2546 407 2577 mundorum
438 2549 623 2581 animalium
653 2552 686 2581 10
716 2561 822 2581 arcam
854 2550 998 2587 induxit,
1028 2556 1059 2580 ct

105 2587 178 2618 inde
201 2589 337 2627 sumpsit
359 2600 438 2628 quae
462 2591 529 2622 Deo
552 2593 679 2623 offerret
704 2594 737 2623 in
769 2593 960 2624 sacrificium
985 2603 1057 2633 gra.-

105 2631 222 2661 tiarum
258 2631 399 2662 actionis.
445 2632 539 2665 Certe
572 2636 703 2675 exsequi
738 2646 802 2666 non
837 2640 964 2675 poterat
998 2636 1057 2666 Dei

832 199 1016 230 PRIMUM
1040 199 1360 232 PRAEGEPTUM.

654 2467 744 2497 cuius
779 2466 823 2496 rei
860 2465 1086 2496 11100101111101Ἰ

105 2503 264 2543 specimen
284 2503 382 2534 edidit
400 2505 477 2543 Noe,
497 2518 593 2546 quum
615 2519 653 2539 ex
674 2508 734 2538 Dei
756 2509 907 2538 mandato
926 2514 1060 2548 septena
1085 2539 1086 2545 ,

1085 2547 1086 2555 ’
1111 2556 1195 2587 erat,
1223 2551 1322 2580 fuisse
1353 2548 1577 2579 adumbratum
1606 2553 1739 2578 externo
1769 2548 1833 2577 ritu
1864 2547 1896 2577 in
1925 2546 2070 2577 ciborum

2025 201 2087 232 346

1126 291 1297 331 imperium
1324 294 1384 324 nisi
1409 294 1459 324 vel
1484 305 1600 326 arcano
1624 295 1779 325 instinctu
1803 294 1917 325 fuisset
1945 293 2086 331 edoctus,

1126 335 1175 364 vel
1214 335 1343 366 traditio
1372 336 1451 367 haec
1477 347 1495 367 a.
1525 337 1669 376 patribus
1701 341 1879 367 manasset:
1918 336 1973 366 sed
2005 336 2086 367 nihil

1125 377 1254 408 absurdi
1286 384 1334 409 est
1365 380 1391 409 si
1417 379 1506 409 Deus
1531 380 1683 410 traditum
1711 390 1768 419 per
1790 390 1902 410 manus
1927 378 2085 410 delectum

1124 420 1315 451 confirmare
1336 421 1455 459 volens,
1480 421 1680 453 discretionis
1700 426 1792 452 notas
1812 422 2003 461 apposuerit,
2024 432 2085 461 quo

1124 463 1264 493 sanctior
1282 468 1366 494 esset
1384 464 1575 502 observatio,
1594 475 1630 495 ac
1651 476 1689 495 ne
1708 475 1771 504 qua
1790 465 2005 504 transgressio
2029 475 2085 503 per

1124 504 1282 535 inscitiam
1308 505 1483 546 obreperet.
1529 507 1613 537 Nam
1637 512 1668 537 et
1696 507 1887 538 sabbathum
1910 507 2000 537 Deus
2023 507 2085 538 sibi

1124 557 1141 576 a
1172 547 1283 577 mundi
1316 550 1475 579 creatione
1510 549 1644 586 dicavit,
1680 554 1711 579 et
1749 549 1913 580 observari
1943 549 2045 580 voluit
2067 559 2086 580 a

1124 589 1239 628 populo
1270 597 1344 621 ante
1375 591 1454 631 legis
1490 592 1796 631 promulgationem:
1830 597 1941 632 postea
1976 597 2084 622 tamen

1123 632 1295 670 peculiaris
1329 634 1398 664 01115
1431 634 1492 664 (1101
1524 635 1678 665 sanctitas
1714 634 1898 665 distinctius
1928 644 2084 674 expressa

1122 674 1191 704 fuit.
1223 675 1323 705 Porro
1343 676 1494 706 animalia
1507 677 1626 707 munda
1646 677 1696 707 hic
1716 677 1754 707 ab
1774 675 1950 707 immundis
1971 677 2083 708 distin-

1122 723 1266 756 guuntur
1306 723 1370 748 tam
1411 719 1596 750 nominibus
1636 730 1730 759 quam
1772 719 1882 759 signis.
1944 719 2084 759 Propria

1122 759 1254 790 nomina
1277 770 1357 799 quae
1382 766 1603 797 recensentur,
1639 772 1753 801 parum
1777 762 1867 792 nobis
1890 761 1984 792 hodie
2007 772 2082 793 0011-

1124 801 1260 832 ducunt:
1281 803 1354 842 quia
1366 804 1485 834 multae
1504 814 1584 844 quae
1603 805 1634 834 in
1656 805 1778 835 oriente
1791 805 1940 836 visuntur
1950 805 2081 843 species,

1123 843 1197 874 alibi
1229 850 1304 875 sunt
1333 845 1524 886 incognitae.
1572 847 1614 876 Et
1645 846 1773 877 Iudaeis
1802 847 1854 886 qui
1883 846 1916 877 in
1948 847 2081 878 remotis

1121 886 1197 917 locis
1220 888 1289 917 nati
1313 893 1405 918 erant
1428 893 1459 919 et
1483 889 1646 926 vixerant,
1676 889 1868 920 hallucinari
1890 889 1982 920 facile
2005 889 2080 920 fuit:

1121 928 1235 960 deinde
1259 940 1320 969 quo
1344 931 1527 962 audaciores
1546 936 1621 962 sunt
1641 932 1679 961 ad
1699 931 1896 971 fingendum,
1920 941 1956 962 eo
1974 933 2080 963 minus

1120 971 1183 1002 illis
1217 972 1381 1002 fidendum
1417 978 1472 1004 est.
1526 974 1564 1004 In
1599 974 1708 1004 multis
1750 975 1868 1012 fateor,
1910 974 1998 1005 nulla
2030 979 2078 1005 est

1120 1014 1330 1054 ambiguitas:
1351 1016 1539 1055 praesertim
1554 1017 1584 1046 in
1605 1017 1771 1053 cicuribus,
1791 1017 1842 1047 vel
1862 1026 1942 1056 quae
1960 1017 2079 1056 passim

1120 1058 1338 1096 reperiuntur,
1364 1059 1411 1088 vel
1435 1059 1466 1089 in
1489 1059 1647 1098 scriptura
1669 1065 1773 1090 certas
1797 1059 1915 1090 habent
1939 1059 2078 1099 descrip-

1121 1099 1231 1130 tiones.
1289 1100 1376 1139 Ergo
1409 1111 1447 1131 ex
1483 1101 1533 1131 1115
1567 1102 1666 1141 signis
1701 1112 1781 1141 quae
1822 1103 1873 1131 1110
1913 1107 2080 1141 ponuntur

1119 1142 1256 1181 petenda
1274 1143 1368 1173 firma
1386 1144 1539 1183 cognitio:
1560 1144 1680 1174 munda
1698 1144 1819 1175 scilicet
1838 1155 1906 1175 csse
1927 1144 2079 1175 animalia

1118 1184 1234 1223 quibus
1258 1186 1393 1216 fissurae
1417 1191 1493 1216 sunt
1515 1187 1546 1216 in
1571 1187 1714 1226 ungulis,
1738 1191 1768 1217 et
1792 1197 1872 1226 quae
1895 1187 2077 1217 ruminant:

1119 1226 1233 1267 quibus
1258 1234 1363 1258 autem
1396 1239 1433 1258 ex
1465 1228 1588 1260 duobus
1618 1229 1753 1259 alterum
1779 1229 1882 1266 deest,
1913 1229 2078 1260 immunda

1118 1279 1203 1300 esse:
1234 1271 1336 1309 pisces
1360 1275 1425 1301 tam
1454 1271 1596 1302 marinos
1618 1282 1712 1311 quam
1743 1271 1933 1309 fluviatiles,
1962 1272 2077 1311 quibus

1117 1317 1195 1343 sunt
1219 1313 1336 1352 pinnae
1361 1318 1392 1343 et
1415 1324 1574 1353 squamae,
1599 1325 1667 1345 0550
1687 1314 1833 1345 mundos.
1869 1315 1989 1344 Avium
2012 1314 2077 1345 tale

1118 1355 1290 1386 discrimen
1324 1367 1386 1386 non
1422 1361 1567 1394 notatur,
1609 1357 1663 1387 sed
1706 1361 1831 1387 tantum
1866 1357 2077 1388 nominantur

1117 1398 1303 1429 immundae
1327 1399 1442 1438 quibus
1467 1399 1551 1429 vesci
1576 1400 1686 1439 religio
1712 1404 1789 1430 erat.
1835 1399 1979 1430 Tandem
2003 1410 2074 1439 rep—

1117 1441 1222 1470 tilium
1242 1442 1277 1471 fit
1290 1442 1419 1472 mentio.
1452 1440 1500 1471 De
1519 1442 1664 1482 singulis,
1683 1442 1708 1472 si
1728 1442 1802 1481 quid
1823 1442 1883 1472 erit
1902 1442 2076 1473 observatu

1117 1483 1267 1523 dignum,
1288 1488 1398 1523 postea
1421 1484 1482 1514 erit
1504 1484 1618 1524 agendi
1642 1484 1738 1515 locus.
1784 1484 1877 1514 Nunc
1900 1485 1933 1514 in
1957 1495 2075 1525 genere

1115 1526 1293 1557 tenendum
1318 1532 1365 1558 est
1388 1526 1470 1566 quod
1493 1528 1582 1566 prius
1606 1527 1714 1567 attigi:
1739 1537 1836 1566 quum
1861 1532 1972 1566 gentes
1995 1526 2074 1558 cibis

1115 1569 1309 1608 quibuslibet
1328 1574 1543 1605 vescerentur,
1564 1570 1678 1600 vetitas
1697 1569 1795 1600 fuisse
1808 1569 1937 1600 Iudaeis
1956 1570 2074 1600 multas

1115 1612 1262 1643 carnium
1281 1612 1410 1651 species,
1431 1616 1463 1642 ut
1484 1612 1516 1641 in
1530 1612 1598 1651 ipso
1613 1613 1696 1643 victu
1710 1611 1869 1642 discerent
1882 1612 2073 1643 munditiem

1115 1654 1234 1685 colere:
1264 1665 1324 1694 quo
1355 1655 1518 1693 spectabat
1548 1654 1707 1696 separatio
1737 1665 1754 1684 a
1783 1655 1945 1685 communi
1974 1665 2072 1686 more.

1114 1697 1208 1728 Unde
1233 1697 1351 1728 factum
1371 1697 1432 1727 fuit
1451 1702 1486 1727 ut
1506 1698 1638 1728 verbum
1658 1696 1718 1729 &vn
1743 1702 1808 1727 tam
1828 1708 1884 1736 pro
1904 1708 2072 1728 commune

1115 1740 1217 1770 facere
1252 1750 1346 1779 quam
1381 1751 1438 1779 pro
1472 1740 1692 1770 contaminare
1725 1740 1922 1779 acciperent:
1957 1744 1988 1770 et
2021 1732 2072 1771 ἰ71Π

1115 1782 1270 1822 pollutum
1295 1783 1461 1822 significat,
1485 1783 1560 1821 quia
1583 1787 1693 1813 sancto
1715 1782 1764 1812 vel
1789 1789 1956 1822 segregato
1975 1792 2073 1822 oppo-

1115 1825 1213 1856 nitur.
1260 1825 1381 1855 Verum
1405 1824 1532 1864 quidem
1557 1830 1604 1855 est
1626 1829 1738 1864 gentes
1762 1830 1896 1855 nat-urae
1918 1825 2073 1856 instinctu

1114 1874 1147 1898 ut
1180 1868 1352 1907 plurimum
1383 1868 1585 1898 abhorruisse
1609 1877 1627 1896 a
1650 1867 1849 1906 quorundam
1881 1867 2072 1898 animalium

1114 1921 1169 1941 esu
1208 1921 1287 1950 quae
1328 1911 1379 1940 1110
1419 1909 1637 1949 prohibentur.
1693 1910 1805 1940 Voluit.
1840 1914 1947 1940 tamen
1983 1910 2072 1941 Deus

1113 1954 1271 1984 cancellos
1295 1952 1493 1984 circumdare
1518 1952 1633 1992 populo
1656 1962 1722 1987 5110,
1747 1953 1798 1991 qui
1823 1962 1896 1982 eum
1915 1962 1933 1982 a
1957 1953 2072 1984 vicinis

1114 2005 1308 2035 separarent.
1347 1996 1445 2026 Porro
1465 1996 1517 2034 qui
1538 1995 1725 2025 existimant
1747 1995 1905 2025 rationem
1930 1995 2072 2025 habitam

1113 2050 1182 2070 0550
1213 2049 1310 2069 sanae
1340 2038 1548 2073 valetudinis,
1581 2048 1615 2067 ac
1645 2037 1671 2067 si
1702 2037 1790 2067 Deus
1822 2037 1925 2067 officio
1957 2037 2072 2068 medici

1113 2082 1241 2112 functus
1261 2086 1353 2116 esset,
1374 2080 1507 2121 profana
1525 2079 1743 2119 speculatione
1762 2084 1954 2119 pervertunt
1973 2085 2071 2110 totam

1113 2125 1178 2154 vim
1203 2129 1233 2154 et
1258 2124 1430 2154 utilitatem
1456 2123 1550 2153 huius
1571 2123 1658 2162 legis.
1694 2122 1811 2152 Fateor
1833 2121 1970 2161 quidem,
1994 2132 2071 2161 quos

1115 2167 1202 2197 Deus
1227 2167 1384 2206 permittit
1404 2166 1503 2203 eibos,
1534 2165 1677 2196 salubres
1707 2175 1792 2201 esse,
1824 2170 1855 2194 et
1885 2163 1926 2194 ad
1949 2165 2071 2196 victum

1114 2210 1253 2239 maxime
1277 2208 1546 2240 accommodatos:
1577 2218 1686 2238 verum
1712 2212 1775 2237 tam
1800 2218 1838 2237 ex
1863 2207 2069 2246 praefatione,

1113 2263 1173 2291 qua
1194 2252 1280 2282 Deus
1300 2251 1465 2282 admonuit
1485 2250 1600 2289 populo
1624 2260 1716 2289 quem
1742 2250 1882 2289 elegerat
1904 2249 2071 2280 colendam

1113 2305 1182 2325 csse
1213 2294 1432 2330 sanctitatem,
1464 2303 1559 2332 quam
1591 2303 1629 2322 ex
1661 2292 1740 2332 legis
1766 2292 1971 2331 abrogatione
1994 2292 2071 2323 satis

1115 2338 1229 2376 liquet,
1261 2337 1415 2367 delectum
1448 2335 1533 2365 hunc
1564 2340 1687 2375 partem
1718 2334 1815 2365 fuisse
1844 2334 2070 2375 paedagogiae,

1113 2381 1171 2411 sub
1202 2390 1263 2419 qua
1287 2380 1375 2410 Deus
1406 2383 1545 2409 veterem
1576 2378 1728 2417 populum
1754 2377 1923 2407 continuit.
1968 2377 2071 2408 Nemo

1113 2434 1168 2453 vos
1183 2422 1300 2453 iudicet
1319 2423 1351 2452 111
1370 2422 1437 2452 cibo
1457 2426 1488 2450 et
1508 2425 1593 2460 potu,
1614 2420 1714 2459 inquit
1731 2419 1850 2450 Paulus
1863 2418 1944 2460 (Col.
1958 2419 1985 2457 2,
2004 2419 2069 2461 16);

1112 2466 1186 2505 quia
1205 2465 1319 2495 umbra
1340 2465 1397 2495 fuit
1418 2474 1523 2494 rerum
1548 2463 1737 2498 futurarum,
1761 2472 1878 2501 corpus
1897 2467 2004 2492 autem
2023 2467 2071 2493 est

1112 2510 1142 2538 10
1158 2508 1297 2539 Christo.
1332 2506 1455 2546 Quibus
1475 2505 1581 2535 verbis
1604 2505 1771 2544 significat,
1795 2504 1878 2543 quod
1902 2505 2071 2544 spirituale

1112 2593 1316 2624 abstinentia.
1364 2591 1480 2622 Eodem
1506 2601 1630 2629 quoque
1654 2600 1749 2620 sensu
1774 2589 1848 2620 alibi
1872 2589 1964 2626 dicit,
1990 2590 2070 2620 scire

1111 2647 1145 2667 50
1174 2647 1210 2666 ac
1239 2645 1424 2675 persuasum
1460 2644 1527 2664 csse
1558 2634 1589 2663 in
1618 2631 1748 2663 Christo
1778 2632 1852 2663 Iesu
1887 2631 1968 2662 nihil
2002 2642 2071 2663 esse
