2304 3034
167 209 228 240 *207

167 301 376 340 contemptim
412 298 458 336 (ut
493 307 593 344 saepo.
623 296 715 337 alias)
751 306 807 335 pro
842 296 1134 344 genero—hnmano

167 345 313 379 sumitur,
338 350 518 381 quanquam
544 350 629 370 enim
654 349 693 369 ex
718 349 849 378 corpore
873 344 905 369 et·
929 349 1035 369 anima
1058 349 1134 371 con-

168 394 306 423 stamus,
338 385 390 414 ubi
422 391 527 413 tamen
554 386 686 412 notatur
710 382 879 412 hominnm
904 382 1080 421 fragilitas,
1104 388 1158 413 et.

761 425 921 464 scriptura
954 435 1007 455 eos
1044 432 1158 456 vocat*

169 430 287 462 eadnea
325 426 523 465 evanidaque
564 425 718 460 conditio,

168 481 304 505 carnem.
350 469 422 500 Hoc
445 479 541 499 sensu
572 467 659 497 iubet
682 467 857 498 Zacharias
881 467 976 498 silere
1007 478 1136 499 omnem

169 524 297 545 carnem
321 522 337 541 a
362 511 441 542 facie
466 511 607 546 Domini,
632 510 734 540 Isaias
758 521 887 540 omnem
913 520 1043 540 carnem
1067 521 1136 542 6556

169 558 314 588 fornum:
343 562 376 584 ut
401 553 475 584 alibi
501 554 592 590 dicit,
617 553 854 593 Acgyptiorum
885 563 982 592 equos
1006 563 1136 584 carnem

169 610 246 635 esse,
262 609 324 628 non
339 598 487 637 spiritum
501 596 611 637 (Zach.
626 596 654 632 2,
677 596 724 627 13.
745 595 850 626 Isaiae
869 595 919 631 40,
941 596 959 626 6
979 602 1008 626 et
1029 596 1079 632 31,
1093 596 1135 637 3).

169 643 255 681 Ergo
280 641 310 671 iu
336 640 385 670 his
406 640 512 670 verbis
532 649 645 669 causae
666 638 804 669 redditio
824 644 881 673 est,
902 649 958 669 cur
978 640 1138 669 mirentur

168 684 336 715 Israelitae
356 694 388 714 se.
410 693 471 712 non
491 682 588 712 fuisse
610 689 710 712 morte
730 689 940 721 consumptos
962 687 1033 721 post
1046 681 1136 712 audi-

169 735 234 758 tam
259 727 320 757 Dei
355 736 472 756 vocem.
521 725 631 764 Neque
664 730 772 755 tamen
803 734 856 755 eos
884 724 1005 755 latebat
1028 724 1136 755 Deum

169 771 257 810 prins
287 770 455 808 loquutum
486 768 583 798 fuisse
614 778 652 797 cx
686 767 764 797 rubo
794 766 934 798 ardenti:
966 767 1021 797 sed
1049 769 1160 808 metu}

169 813 334 844 constricti
360 822 422 841 uon
448 815 599 850 reputant
623 810 698 850 quid
723 815 797 840 ante
822 810 983 845 acciderit,
1009 815 1137 841 tantum

169 867 208 886 ex
237 866 333 886 sensu
362 864 419 885 5110
452 853 685 893 pronunciant,
715 853 913 883 mortiferam
949 853 1038 883 carni
1069 863 1138 884 6556

170 899 231 930 Dei
252 908 372 932 vocem,
395 897 457 927 nisi
478 896 669 936 interposito
690 896 831 927 remedio
845 896 1021 936 mitigetur.
1054 896 1137 926 Nam

169 941 252 981 quod
285 940 423 971 Rabbini
459 941 606 979 fingunt,
641 939 815 979 prophetas
849 949 914 969 non
949 939 1071 969 censeri
1103 939 1137 969 in

170 994 304 1015 numero
331 983 514 1019 hominum,
546 982 696 1013 frivolum
728 987 793 1017 est,
826 982 888 1012 nisi
913 980 999 1021 quod
1022 982 1138 1021 spiritu

170 1038 226 1058 suo
250 1037 302 1057 eos
326 1026 415 1056 fulcit
434 1026 522 1056 Deus
546 1035 582 1055 ac
605 1024 743 1061 roborat,
768 1031 804 1055 ut
828 1024 1020 1064 recipiendis
1043 1024 1137 1055 visio—

171 1069 264 1100 nibus
298 1079 391 1109 pares
421 1069 494 1099 sint.
542 1067 696 1099 Sciebant
726 1074 812 1098 certe
835 1067 1004 1098 Israelitae
1034 1067 1137 1107 ipsum

169 1122 295 1152 quoque
321 1112 434 1142 Mosen
465 1122 565 1142 unum
598 1121 667 1141 esse
698 1121 737 1141 ex
770 1120 905 1141 numero
936 1110 1137 1141 mortalium:

169 1155 223 1186 sed
248 1155 321 1195 quia
345 1155 491 1185 sciebant
514 1154 650 1184 electum
681 1163 751 1184 esse
783 1164 800 1183 a
824 1153 894 1183 Deo
922 1153 1139 1192 interpretem,

169 1209 232 1228 non
268 1197 414 1228 dubitant
450 1197 579 1227 coelesti
615 1197 738 1226 virtute
773 1195 955 1236 praeditum
991 1196 1071 1230 fore.
1104 1201 1139 1226 ut

169 1241 275 1271 Deum
301 1240 483 1280 loquentem
508 1240 676 1270 sustineat.
723 1239 789 1270 Nec
821 1238 955 1269 dubium
986 1244 1033 1269 est
1061 1239 1137 1278 quin

170 1284 248 1314 111166
279 1283 436 1314 confessio
468 1283 531 1313 illis
561 1282 661 1313 suerit
690 1292 862 1322 expressa,
893 1286 929 1312 ut
953 1281 1082 1312 tandem
1106 1281 1139 1312 in

169 1337 226 1358 suo
248 1326 350 1367 gradu
374 1325 548 1356 subsistere
568 1326 738 1361 discerent,
759 1335 855 1365 seque
870 1324 953 1355 Mosi
974 1325 1138 1360 subiicere.

170 1370 220 1401 cui
252 1369 344 1399 toties
377 1368 512 1399 rebelles
543 1369 682 1399 fucrant.
729 1367 920 1399 Discrimini
952 1378 1028 1407 ergo
1057 1367 1140 1406 quod

170 1418 244 1443 ante
286 1423 347 1443 11011
389 1411 596 1451 patiebantur
632 1422 718 1442 1111116
753 1411 891 1441 libenter
925 1409 1136 1441 subscribunt.

171 1454 265 1494 Quod
297 1466 329 1485 56
361 1455 468 1485 omnia
497 1465 577 1493 quae
612 1454 743 1485 iusserit
775 1455 863 1484 Deus
899 1454 1039 1484 facturos
1069 1464 1162 1493 pro-¹

171 1499 320 1535 mittunt,
345 1509 410 1528 non
436 1497 568 1528 dubium
593 1504 641 1528 est
665 1497 742 1536 quin
767 1507 806 1527 ex
830 1497 888 1527 zeli
921 1497 1045 1527 fervore
1069 1507 1162 1536 pro-¹

323 1541 436 1580 Itaque
461 1540 556 1580 paulo
580 1545 649 1580 post
673 1550 784 1570 eorum
817 1550 1007 1579 responsum
1031 1538 1163 1569 laudat'

172 1541 275 1572 dierit.

172 1583 261 1614 Deus
287 1584 362 1623 ipse.
409 1583 457 1614 Ac
489 1583 681 1613 tantundem
714 1589 831 1613 sonant
863 1583 963 1613 verba
986 1593 1021 1612 ac
1045 1582 1072 1612 si
1094 1581 1139 1612 di-

172 1627 311 1664 xissent,
346 1626 403 1656 sibi
440 1637 503 1656 non
534 1627 656 1656 minore
688 1626 720 1656 in
753 1625 857 1665 pretio
888 1625 955 1656 fore
987 1624 1140 1664 quidquid

171 1669 316 1700 attulerit
355 1669 462 1700 Moses
503 1680 597 1708 (11111111
640 1669 664 1699 51
710 1669 854 1699 horribili
898 1679 974 1699 voce
1016 1674 1141 1698 tonaret

171 1713 271 1743 Deus.
318 1712 445 1743 Interea
471 1711 573 1752 quoad
598 1712 701 1752 ipsos,
732 1712 846 1742 levitas
871 1717 902 1741 et
925 1710 1142 1741 inconstantia

172 1766 248 1786 mox
272 1755 473 1794 deprehensa
498 1755 565 1785 fuit.
613 1755 663 1785 Ita
687 1765 782 1794 saepe
805 1754 967 1791 homines,
995 1753 1142 1793 quamvis

173 1810 211 1829 ex
238 1798 380 1838 professo
410 1797 522 1829 fallere
553 1808 617 1828 non
649 1803 819 1837 appetant.
848 1797 994 1837 neglecto
1022 1796 1142 1827 virium

173 1852 306 1872 suarum
334 1841 497 1877 examine,
529 1846 650 1871 temere
675 1840 714 1871 ad
746 1840 887 1871 dandam
917 1839 1012 1870 fidem
1044 1839 1142 1879 prosi-

174 1884 273 1920 liunt,
298 1884 348 1914 cui
373 1883 588 1924 praestandae
611 1890 686 1914 sunt
709 1884 858 1923 impares.
906 1883 1045 1914 Rectum
1068 1892 1144 1921 ergo

174 1927 368 1966 pronunciat
400 1926 490 1957 Deus
525 1926 608 1966 qnod
643 1925 812 1962 dixerunt,
850 1936 964 1965 nempe
998 1936 1031 1956 56
1059 1925 1166 1955 Mosi¹

174 1969 242 2001 fore
266 1970 487 2009 obsequentes,
512 1979 548 2000 ac
571 1970 639 2000 eius
664 1969 810 2001 doctrina
834 1972 1011 2000 contentos.
1054 1968 1145 2006 Quae

174 2013 336 2043 sententia
359 2011 399 2042 ad
420 2022 477 2043 nos
500 2013 596 2043 etiam
618 2013 767 2053 pertinet,
792 2013 844 2052 qui
865 2012 1013 2042 iubemur
1034 2010 1145 2041 audire

176 2055 288 2087 Mosen
321 2060 352 2086 et
382 2055 570 2094 prophetas,
605 2055 776 2095 praecipue
812 2065 889 2085 vero
922 2054 1050 2085 unicum
1085 2053 1144 2084 Dei

175 2098 294 2129 filiuni:
321 2109 358 2129 116
383 2109 485 2138 vagae
509 2098 747 2138 speculationes
771 2097 868 2129 altius
893 2108 990 2137 qnam
1014 2106 1073 2136 par
1097 2100 1146 2126 cst
1167 2114 1168 2118 =

176 2152 231 2171 nos
257 2141 396 2180 rapiant.

260 2184 310 2215 29.
339 2184 416 2223 Quis
438 2184 485 2215 de!
508 2186 540 2214 ut
562 2184 603 2214 sit
625 2194 675 2215 cor
703 2193 815 2215 eorum.
862 2182 1033 2223 Significat
1058 2182 1146 2212 Dcus

736 204 1106 236 COMMENTARIUS
1131 204 1178 235 IN
1206 205 1351 236 EXODI
1376 205 1473 236 t'AP.
1500 205 1575 235 XX.

1160 1189 1161 1195 ¹
1184 1154 1332 1194 postulat.

2087 205 2149 237 208

1156 327 1157 338 ¹
1180 309 1243 328 non
1269 298 1313 328 ita
1337 302 1523 329 constantes
1547 307 1577 328 61
1601 300 1711 328 tirinos
1735 298 1767 329 in
1792 297 1960 329 servandis
1984 299 2149 338 promissis

1179 341 1246 371 fore
1270 347 1305 371 ut
1329 341 1458 371 fuerunt
1491 340 1598 372 faciles
1622 346 1655 370 et
1682 341 1848 380 propensi:
1884 346 1979 380 atque
2009 342 2054 372 ita
2084 352 2149 372 non

1180 383 1309 423 penitus
1334 394 1503 414 excussam
1535 383 1585 413 vel
1609 382 1784 414 abstersam
1810 394 1879 414 6556
1902 383 2088 424 hypocrisin
2109 395 2149 415 ex

1180 436 1292 457 eorum
1314 426 1438 457 animis.
1476 426 1578 456 Porro
1598 425 1778 456 humanum
1799 426 1951 457 affectum
1976 426 2150 466 improprie

1180 469 1327 509 suscipit:
1357 469 1433 508 quia
1463 470 1586 499 frustra
1617 473 1649 499 et
1680 468 1817 499 absurde
1848 474 1975 508 optaret
2002 469 2086 508 quod
2116 469 2150 500 in

1180 513 1248 542 61115
1272 512 1406 542 arbitrio
1430 517 1478 542 est
1508 512 1663 542 conferre.
1709 511 1805 542 Certe
1836 522 1935 552 penes
1965 512 2072 551 ipsum
2101 516 2152 543 est

1180 555 1309 585 flectere
1328 560 1360 584 et
1383 553 1523 594 dirigere
1543 553 1639 584 corda
1659 564 1848 594 quocunque
1869 554 2036 594 placuerit.
2083 553 2151 585 Cur

1181 608 1257 637 ergo
1287 597 1417 627 aliunde
1448 597 1517 627 dari
1546 601 1637 636 optat
1667 603 1702 627 ut
1730 597 1885 637 populum
1921 607 2049 636 semper
2076 606 2151 627 6011-

1182 641 1283 670 tineat
1309 640 1341 670 in
1377 640 1496 670 officio:
1533 639 1593 669 nisi
1629 639 1711 679 quod
1748 641 1807 670 sub
1842 640 1984 670 hominis
2015 649 2152 679 persona

1181 682 1357 722 optandum
1389 683 1492 722 magis
1523 692 1619 721 quam
1655 683 1853 722 sperandum
1888 693 1956 713 esse
1991 681 2083 713 docet
2116 686 2152 713 ut

1182 726 1335 756 continuo
1355 729 1466 756 tenore
1491 725 1628 764 populus
1652 725 1747 755 fidem
1772 726 1865 756 colat.
1903 724 2014 764 Quare
2036 725 2152 756 inscite

1183 769 1241 799 hoc
1265 768 1333 799 loco
1358 775 1388 798 et
1418 767 1578 798 similibus
1607 767 1699 798 abusi
1730 774 1806 798 sunt
1837 768 1966 807 quidam
1991 768 2030 799 ad
2055 768 2153 798 stabi-

1183 811 1324 842 liendum
1362 812 1392 841 in
1428 811 1559 841 homine
1594 810 1733 841 liberum
1773 811 1952 842 arbitrium.
2012 810 2152 841 Perinde

1182 855 1341 894 accipiunt
1358 855 1434 884 hacc
1449 853 1546 884 verba
1559 863 1595 884 ac
1614 853 1638 884 si
1661 853 1815 884 flexibilis
1835 854 1965 885 essetin
1978 858 2151 893 utramque

1182 903 1307 937 partem
1332 897 1472 927 1160111115
1497 896 1661 933 voluntas,
1692 902 1724 927 ct
1754 902 1841 927 recte
1872 896 1986 935 agendi
2016 896 2153 927 facultas

1182 945 1384 979 suppeteret,
1408 940 1497 970 Deus
1528 944 1635 969 ant-em
1667 939 1700 969 in
1731 940 1795 969 otio
1825 945 1977 970 eventum
2008 939 2153 979 specula-

1184 991 1281 1013 retur.
1329 982 1430 1021 Quasi
1455 993 1531 1012 vero
1557 982 1608 1013 hic
1633 986 1750 1022 agatur
1781 982 1819 1012 de
1850 993 1967 1013 arcano
1991 981 2055 1012 Dei
2077 992 2153 1013 con-

1183 1026 1261 1064 silio,
1283 1036 1319 1056 ac
1338 1036 1401 1055 non
1422 1025 1529 1064 potius
1549 1024 1588 1055 de
1607 1025 1671 1055 fine
1692 1029 1721 1054 et
1736 1035 1794 1056 usu
1809 1032 1963 1056 externae
1976 1024 2152 1056 doctrinae.

1183 1069 1250 1099 Nos
1285 1079 1360 1099 vero
1395 1068 1576 1098 innumeris
1606 1068 1785 1107 scripturae
1815 1068 2008 1099 testimoniis
2039 1067 2153 1105 edocti,

1183 1117 1330 1142 tenemus
1361 1111 1455 1141 unius
1488 1110 1550 1141 Dei
1581 1121 1649 1141 6556
1682 1111 1849 1151 proprium
1881 1110 1957 1142 dare
1984 1110 2069 1151 quod
2101 1110 2153 1141 hic

1386 1153 1490 1184 Sicuti
1525 1154 1678 1184 continuo
1709 1160 1779 1193 post
1807 1160 1919 1194 optare
1949 1164 1982 1184 se
2013 1153 2089 1184 dicit
2119 1157 2154 1183 ut

1184 1197 1263 1227 bene
1288 1197 1329 1227 sit
1353 1196 1510 1227 Israelitis
1535 1202 1566 1226 et
1590 1197 1664 1227 filiis
1695 1206 1820 1227 eorum:
1854 1207 1970 1236 nempe
2000 1196 2073 1236 quia
2097 1207 2154 1236 per

1160 1240 1330 1271 ,homines
1364 1245 1448 1269 stare
1479 1244 1602 1270 certum
1632 1243 1681 1270 est
1711 1239 1884 1279 quominus
1913 1239 1995 1270 beati
2026 1239 2089 1269 sint
2121 1243 2153 1269 et

1184 1282 1304 1319 felices,
1336 1283 1460 1322 quoties
1492 1281 1581 1313 Deus
1609 1282 1680 1313 illos
1703 1282 1835 1319 invitat,
1860 1282 1988 1322 quando
2012 1282 2153 1322 gratiam

1184 1326 1244 1357 sibi
1264 1325 1402 1356 oblatam
1424 1324 1604 1364 repudiant.
1642 1325 1752 1364 Neque
1772 1330 1880 1355 tamen
1901 1324 1975 1355 indo
1995 1325 2152 1364 sequitur,

1184 1369 1324 1409 positum
1349 1378 1417 1399 csse
1441 1368 1473 1398 111
1507 1368 1606 1398 1111610
1630 1369 1784 1407 6010511116
1807 1367 1940 1398 arbitrio
1964 1367 2025 1399 sibi
2054 1367 2152 1397 felici-

1186 1416 1283 1441 tatem
1313 1411 1488 1450 acquirere.
1536 1410 1600 1441 Sed
1632 1411 1683 1441 1116
1718 1411 1808 1441 nobis
1839 1409 2074 1441 consideranda
2106 1414 2155 1440 est

1187 1455 1244 1485 Dei
1272 1454 1420 1484 voluntas
1444 1454 1546 1493 qualis
1571 1454 1602 1484 iu
1627 1453 1723 1484 verbo
1747 1453 1937 1490 ostenditur,
1962 1464 2024 1484 non
2046 1458 2155 1484 autem

1186 1507 1265 1537 quae
1290 1507 1387 1536 penes
1412 1497 1515 1536 ipsum
1542 1497 1628 1526 latet.
1675 1496 1758 1526 Nam
1783 1507 1882 1535 quum
1914 1506 2026 1527 omnes
2057 1495 2156 1526 verbo

1186 1540 1365 1580 promiscue
1400 1540 1517 1569 invitet
1553 1539 1590 1570 ad
1628 1539 1744 1574 vitain,
1787 1549 1905 1570 arcana
1946 1539 2156 1578 inspiratione

1186 1583 1314 1613 nonnisi
1356 1593 1434 1621 quos
1475 1583 1573 1622 elegit
1610 1582 1760 1613 vivificat.
1806 1582 1844 1612 In
1881 1593 2021 1619 summa,
2057 1582 2156 1618 Deus,

1185 1625 1335 1665 quamvis
1354 1625 1510 1664 approbet
1529 1625 1637 1665 populi
1659 1635 1858 1665 responsum.
1873 1625 1946 1665 plus
1959 1623 2157 1655 difficultatis

1186 1669 1220 1699 in
1239 1667 1432 1707 praestando
1454 1669 1518 1698 t'ore
1538 1668 1615 1698 dicit
1634 1678 1728 1707 quam
1750 1674 1784 1698 nt
1803 1673 1937 1698 eventus
1956 1667 2156 1707 respondeat.

1272 1711 1322 1741 30.
1358 1711 1448 1749 Vade,
1468 1711 1516 1742 dle
1536 1711 1589 1741 cis.
1628 1711 1744 1750 Populi
1767 1711 1851 1741 votis
1871 1710 1990 1742 elarius
2009 1709 2159 1750 adiungit

1188 1753 1250 1784 Dei
1274 1763 1484 1785 consensum:
1511 1765 1546 1784 ac
1570 1754 1595 1784 si
1621 1753 1759 1789 diceret,
1789 1753 1872 1793 quod
1905 1753 2158 1793 postulaverant,

1187 1797 1248 1827 Dei
1270 1797 1348 1827 seito
1370 1801 1474 1827 ratum
1495 1797 1607 1827 fuisse:
1630 1796 1713 1827 unde
1733 1797 1888 1836 seqnitur,
1909 1797 1935 1827 si
1949 1796 2032 1827 Mosi
2047 1806 2158 1836 parere

1189 1839 1348 1875 abnuant,
1386 1850 1448 1870 1101]
1484 1839 1577 1870 modo
1609 1850 1779 1879 perversae
1806 1839 1950 1870 levitatis
1980 1850 2050 1870 reos
2081 1849 2159 1877 esse,

1189 1881 1243 1913 scd
1269 1882 1389 1913 violare
1419 1882 1554 1913 eoeleste
1587 1882 1761 1914 decretum.
1809 1884 1895 1912 Ante
1925 1881 2079 1912 admonui
2103 1891 2160 1913 eur

1189 1925 1269 1964 legis
1305 1925 1485 1956 doctrinam
1521 1924 1621 1955 variis
1653 1924 1840 1956 nominibus
1872 1925 1960 1956 Deus
1994 1924 2159 1965 insigniat,

1190 1978 1306 2007 nempe
1340 1978 1400 2007 quo
1429 1967 1582 1999 libentius
1613 1969 1646 1998 in
1677 1978 1714 1998 ea
1745 1968 1952 2007 acquiescant
1981 1967 2158 1998 Israelitae.

1190 2012 1363 2041 Caeterum
1389 2020 1427 2040 nc
1450 2010 1510 2041 sibi
1535 2010 1710 2050 praescribi
1735 2011 1923 2041 existiment
1941 2009 2025 2050 quod
2044 2010 2161 2050 exiguo

1191 2058 1316 2084 tantum
1332 2058 1474 2092 tempore
1490 2055 1604 2093 vigeat,
1625 2064 1660 2084 ac
1680 2052 1879 2084 servandum
1899 2053 1949 2089 sit,
1970 2052 2162 2083 nominatim

1190 2095 1228 2126 116
1242 2096 1321 2136 legis
1335 2096 1550 2135 perpetuitate
1564 2095 1702 2126 disserit.
1733 2096 1804 2126 Hoc
1817 2096 1904 2126 enim
1918 2101 2033 2126 sonant
2054 2094 2162 2132 verba,

1167 2159 1169 2187 i
1191 2139 1244 2169 ubi
1270 2150 1303 2169 56
1328 2139 1439 2169 docere
1463 2139 1658 2178 pronunciat
1682 2138 1757 2178 quid
1782 2137 1899 2169 facturi
1929 2139 1995 2168 sint
2018 2138 2052 2168 in
2077 2142 2164 2169 terra

1191 2192 1287 2221 quam
1313 2181 1448 2212 daturus
1473 2187 1520 2212 cst
1545 2182 1600 2212 cis.
