2304 3034
207 168 246 198 Ξῖ
799 161 1168 194 COMMENTARIUS
1192 160 1239 191 IN
1264 160 1412 192 EXODI
1436 159 1603 191 OARII.
2161 160 2202 192 28

208 262 325 293 Mosen
348 269 412 290 nou
438 258 537 288 fuisse
561 256 734 287 temerario
758 256 826 286 zelo
850 255 1025 295 impulsum
1051 263 1087 285 ut
1109 266 1178 286 cae-

209 304 281 335 dem
314 305 530 343 perpetraret:
556 299 611 330 sed
636 299 710 339 quia
735 304 868 329 noverat
891 309 924 329 se
937 297 1092 329 divinitus
1112 307 1181 328 esse

209 346 300 387 genti
323 355 399 376 suae
423 343 621 373 destinatum
646 341 805 372 vindicem
826 350 862 372 ac
885 341 1069 371 ministrum
1094 340 1180 370 salu-

212 390 263 420 tis.
318 386 548 425 Circumspicit
579 390 687 415 tamen
718 395 757 414 an
789 384 948 423 quispiam
979 383 1063 413 adsit
1092 393 1181 422 spec-

209 438 303 463 tator.
328 440 386 461 nec
410 428 505 459 audet
528 427 722 458 maleficium
744 427 868 466 punire.
894 426 952 456 nisi
977 425 1073 456 caede
1092 426 1180 456 clan-

210 474 346 505 destina.
392 472 506 511 Itaque
531 470 678 501 videmus
701 480 765 500 non
788 469 875 500 omni
899 479 937 499 ex
968 473 1058 508 parte
1081 468 1181 499 fuisse

210 515 455 557 magnanimum
488 520 521 545 ut
552 513 698 549 decebat,
731 511 785 543 sed
818 522 890 543 cum
918 522 977 542 sua
1009 511 1181 542 timiditate

210 560 369 591 luctatum
404 567 482 588 esse.
536 556 665 586 Rursus
699 566 738 585 ex
778 554 985 585 vacillatione
1019 553 1182 594 colligitur

211 603 286 634 fidei
311 600 475 631 debilitas:
508 610 548 629 ne
572 604 724 638 putemus
748 598 792 627 ita
823 597 945 627 laudari
975 597 1013 626 ab
1039 597 1182 636 apostolo

211 645 302 686 quasi
328 643 407 674 nihil
433 643 472 673 ad
496 642 726 682 perfectionem
752 640 900 671 defuerit.
949 639 1059 670 Primo
1082 639 1182 678 igitur

212 686 392 719 tenendum
406 691 464 719 est.
489 685 603 715 Mosen
618 695 680 714 non
696 688 815 713 temere
835 683 1010 722 arripuisse
1030 681 1182 721 gladium,

212 730 268 762 sed
293 736 454 761 armatum
480 727 580 757 fuisse
604 726 733 757 coelesti
765 725 929 763 mandato,
961 730 991 755 et
1020 725 1182 755 conscium
1209 720 1211 725 ⁸

213 773 376 814 legitimae
401 770 588 805 vocationis,
613 774 700 800 recto
724 768 839 799 iudicio
864 769 922 799 lias
946 772 1052 807 partes
1076 776 1183 798 susee-

212 818 307 857 pisse,
331 824 468 854 quarum
498 813 637 843 habebat
667 812 774 842 Deum
806 818 963 841 autorem.

214 859 333 900 quitur,
355 866 524 897 perperam
544 856 686 886 facturos
706 854 854 885 homines
874 855 1027 893 privat-os,
1048 858 1079 883 et
1097 852 1185 883 illius

216 900 365 940 exemplo
388 900 522 930 minime
546 898 660 935 iuvari,
692 897 718 927 si
745 898 775 927 vi
799 900 831 927 et
853 907 951 927 manu
982 901 1186 935 compescant

216 945 361 976 iniurias,
397 942 586 981 Hucusque
610 951 667 971 nos
682 940 782 971 Mosis
800 940 980 970 imitatores
992 949 1061 969 esse
1086 938 1185 975 decet,

216 995 252 1018 nt
277 991 403 1026 praesto
433 985 534 1015 simus
563 982 784 1014 laborantibus
813 991 843 1013 ct
873 981 1053 1021 oppressis,
1082 980 1186 1021 quoad

218 1033 368 1069 suppetet
393 1027 547 1064 facultas,
579 1037 636 1057 nec
662 1025 846 1056 dubitemus
869 1024 1091 1065 improborum
1115 1023 1187 1054 odia

217 1074 250 1104 in
271 1083 329 1103 nos
349 1080 541 1111 provocare,
570 1069 645 1100 dum
672 1078 785 1099 eorum
805 1067 959 1098 audaciae
979 1077 1036 1098 nos
1055 1067 1187 1106 opponi-

218 1126 306 1147 mus:
337 1113 482 1154 gladium
506 1123 582 1143 vero
606 1122 663 1152 pro
687 1122 796 1141 eorum
822 1110 1008 1141 defensione
1039 1119 1188 1141 exserere

219 1158 448 1199 permittamus
472 1155 641 1194 iudicibus,
666 1155 720 1194 qui
744 1154 870 1193 publico
894 1153 1029 1193 imperio
1052 1152 1189 1193 praediti

219 1206 304 1232 sunt.
358 1199 392 1231 Si
425 1209 536 1229 eorum
573 1197 695 1228 auxilio
732 1196 924 1227 fraudentur
958 1195 1082 1227 innoxii
1113 1194 1189 1226 dum

220 1245 328 1283 inique
351 1241 534 1277 laeduntur,
560 1246 704 1271 nostrum
730 1244 779 1270 est
802 1249 947 1280 gemere:
972 1238 1065 1270 sicuti
1088 1248 1190 1278 neque

220 1287 304 1318 Mosi
337 1286 423 1316 ultra
457 1283 607 1325 progredi
642 1282 801 1319 licuisset,
838 1282 900 1313 nisi
942 1282 1036 1312 datus
1076 1281 1191 1312 fuisset

219 1329 336 1370 populo
370 1327 491 1358 vindex
532 1332 564 1357 et
604 1326 796 1365 redemptor.
854 1324 946 1364 Quod
989 1324 1028 1355 ad
1070 1329 1191 1354 metum

220 1376 352 1412 spectat,
377 1372 409 1401 in
435 1381 496 1410 quo
520 1370 649 1410 signum
674 1368 761 1399 dedit
785 1368 893 1408 pusilli
918 1368 1028 1403 animi,
1053 1366 1191 1398 necdum

220 1416 301 1447 bene
325 1413 502 1453 comparati
523 1413 563 1443 ad
587 1423 705 1443 munus
728 1422 824 1442 suum
848 1411 1104 1450 exsequendum,
1129 1409 1191 1440 dis-

221 1469 348 1493 camus,
378 1462 561 1487 sanctorum
594 1454 763 1494 obsequia,
796 1465 878 1494 quae
912 1453 1000 1485 vitiis
1030 1453 1193 1492 permixta

221 1505 307 1538 sunt,
320 1500 535 1530 nihilominus
554 1497 716 1529 interdum
737 1508 793 1537 per
812 1496 1047 1537 indulgentiam
1068 1496 1193 1535 placere

221 1545 307 1575 Deo:
340 1554 376 1574 ac
399 1541 533 1582 proinde
557 1541 705 1580 quamvis
730 1541 762 1570 in
786 1540 890 1570 officio
914 1539 1108 1579 praestando
1135 1548 1193 1569 nos

222 1587 328 1618 caruis
352 1586 482 1625 ignavia
506 1583 657 1620 retardet,
683 1594 722 1613 ne
743 1588 851 1613 tamen
873 1582 975 1613 obniti
999 1582 1192 1613 desinamus

222 1630 312 1660 Haec
338 1629 422 1658 enim
447 1627 566 1658 fiducia
589 1637 654 1657 non
685 1636 799 1666 parum
827 1625 933 1657 valere
957 1624 1051 1655 debet
1073 1624 1111 1655 ad
1136 1634 1194 1655 nos

223 1671 424 1707 animandos,
448 1670 500 1700 ubi
526 1669 672 1709 persuasi
692 1680 813 1704 sumus,
837 1668 1035 1699 cunctationi
1056 1673 1194 1704 nostrae,

223 1714 316 1746 modo
340 1725 379 1744 ue
403 1713 564 1750 cedamus,
588 1718 734 1752 paratam
759 1722 827 1742 esse
853 1711 989 1741 veniam.

311 1757 359 1788 13.
385 1756 462 1787 Eece
484 1756 544 1786 (11ιο
566 1756 629 1786 viri
648 1755 792 1785 Hebraei.
838 1754 928 1785 Haec
952 1752 1196 1793 perseverentia

226 1801 425 1832 demonstrat
438 1799 552 1830 Mosen
572 1799 665 1829 firmo
685 1798 907 1837 constantique
920 1797 1020 1827 animi
1034 1796 1196 1836 proposito

225 1843 398 1884 quaesiisse
422 1842 559 1872 reditum
586 1841 624 1870 ad
656 1842 787 1877 fratres,
819 1845 854 1870 ut
885 1839 977 1871 aulae
1003 1839 1196 1870 valediceret

226 1898 262 1917 ae
283 1886 430 1917 consulto
449 1884 635 1924 repudiasse
654 1884 740 1914 illius
761 1882 976 1923 splendorem,
996 1881 1196 1922 opulentiam

227 1940 262 1960 ac
296 1929 456 1965 lautitias,
491 1938 588 1967 quum
624 1932 731 1957 tamen
766 1926 899 1956 minime
938 1926 1072 1965 ignarus
1113 1930 1197 1955 esset

226 1972 356 2012 quantis
375 1982 408 2001 se
429 1970 567 2001 miseriis
586 1969 748 2005 obiiceret,
763 1979 798 1999 ac
818 1980 912 2008 quam
927 1968 1007 1999 dura
1027 1972 1059 1998 et
1074 1977 1196 2006 aspera,

228 2016 292 2045 imo
316 2022 346 2045 ct
369 2013 585 2054 ignominiosa
614 2023 687 2043 eum
720 2019 864 2042 maneret.
893 2011 1040 2042 conditio.
1087 2010 1197 2048 Quare

227 2058 307 2088 nihil
339 2057 457 2087 mirum
488 2056 515 2086 si
547 2056 630 2086 dicat
661 2055 824 2095 apostolus
855 2054 950 2095 (Heb.
986 2054 1033 2089 11,
1060 2053 1109 2084 25.
1134 2052 1198 2093 26),

229 2111 302 2131 euni
323 2099 477 2130 maluisse
497 2099 580 2128 ultro
594 2098 717 2128 Christi
738 2098 855 2137 probra
874 2097 1074 2137 perferendo,
1098 2096 1197 2135 affligi

229 2154 294 2174 una
315 2154 387 2173 cum
412 2142 527 2181 populo
542 2140 611 2177 Dei,
636 2151 731 2180 quam
758 2141 942 2180 temporarii
968 2140 1089 2180 peceati
1113 2149 1197 2170 com-

231 2186 333 2216 modis
357 2186 428 2215 frui.
482 2184 574 2215 Adde
598 2184 681 2223 quod
706 2183 807 2214 tristis
842 2188 991 2222 aspectus
1027 2181 1197 2213 violentiae

231 2229 420 2270 tyrannicae
449 2235 479 2257 et
510 2237 644 2257 onerum
669 2225 783 2266 quibus
814 2226 1044 2265 premebantur
1072 2226 1197 2259 fratres,

232 2272 310 2302 nihil
338 2280 482 2301 remorae
514 2269 622 2299 attulit
654 2269 826 2308 quominus
856 2275 1016 2308 pergeret:
1047 2268 1120 2307 quia
1143 2277 1198 2306 spe

232 2316 359 2345 futurae
390 2312 657 2343 remunerationis
688 2311 726 2342 ad
757 2312 860 2342 erucis
884 2311 1089 2342 tolerantiam
1113 2320 1199 2340 com-

233 2357 365 2397 positus.
390 2360 593 2396 praesentem
618 2360 739 2385 metum
764 2354 890 2385 devicit.
936 2354 1109 2385 Caeterum
1135 2362 1198 2382 non

233 2400 438 2439 exsequitur⁷
466 2403 502 2429 ut
535 2404 638 2433 antea,
665 2397 778 2428 iudicis
812 2403 934 2436 partes:
969 2396 1024 2427 scd
1058 2395 1196 2426 officium

235 2447 376 2482 praestat
406 2441 489 2480 qnod
521 2441 559 2471 ab
596 2450 724 2480 unoque
762 2440 864 2479 exigit
894 2440 1039 2471 caritatis
1070 2437 1197 2477 regula:

235 2487 310 2515 dum
335 2485 519 2524 pacificator
541 2483 662 2513 aceedit
692 2482 730 2513 ad
757 2483 936 2523 litigantes,
966 2488 997 2512 et
1027 2488 1200 2518 utrumque

235 2528 275 2558 ad
298 2527 500 2558 concordiam
525 2526 682 2557 hortatur.
706 2527 894 2565 pracsertim
921 2535 996 2556 vero
1019 2523 1198 2554 maleficum

235 2572 392 2610 obiurgat.
439 2570 508 2600 Non
544 2570 604 2599 fuit
640 2569 698 2599 1100
723 2569 804 2599 Mosi
840 2568 1018 2608 peculiare,
1053 2565 1107 2597 sed
1139 2564 1199 2604 piis

237 2614 386 2644 omnibus
409 2623 580 2643 commune
603 2612 742 2642 officium
770 2617 817 2642 est
841 2611 894 2641 ubi
918 2610 1028 2642 vident
1051 2608 1199 2640 innoxios

1207 484 1209 491 ‹
1234 468 1329 498 tibus.

1210 789 1211 796 t
1237 767 1470 798 contumaciter
1499 766 1634 805 repellit.

1010 810 1104 841 Unde
1134 820 1184 840 se-
1210 817 1211 823 ¹

1234 252 1394 285 violenter
1417 252 1530 292 premi,
1555 263 1588 283 se
1610 253 1727 283 offerre
1749 257 1913 293 patronos,
1937 258 1970 284 et
1992 259 2148 293 quantum
2167 255 2202 285 in

1234 307 1268 327 se
1293 301 1341 327 est
1364 295 1579 327 intercedere:
1611 306 1651 326 ne
1682 295 1843 326 robustior
1872 295 2067 336 praevaleat,
2112 297 2202 328 Fieri

1234 338 1294 370 hoc
1316 338 1374 369 vix
1398 342 1503 378 potest
1533 338 1609 378 quin
1638 348 1867 378 exasperemus
1897 348 1950 369 eos
1981 339 2035 378 qui
2061 339 2203 380 prompti

1234 386 1311 412 sunt
1331 381 1369 411 ad
1391 380 1589 412 nocendum:
1610 380 1665 412 sed
1688 381 1770 411 nihil
1794 381 1874 412 tanti
1898 391 1968 411 esse
1992 381 2085 413 nobis
2108 381 2203 413 debet

1234 429 1271 455 ut
1298 435 1408 454 eorum
1436 424 1599 463 protervia
1622 423 1779 456 obruatur
1800 424 1954 463 aequitas,
1979 423 2071 456 nobis
2094 428 2202 456 tacen-

1376 467 1459 497 Nam
1491 466 1706 497 dissimulatio
1734 466 1767 496 in
1798 466 1857 497 hac
1887 471 1979 506 parte
2010 467 2131 506 species
2155 470 2204 498 est

1235 520 1421 541 consensus.
1476 509 1602 540 Modice
1637 514 1744 540 autem
1774 513 1806 539 et
1835 509 1961 540 lenibus
1992 509 2100 541 verbis
2131 519 2203 540 eum

1208 566 1210 591 f
1235 554 1371 593 castigat
1394 553 1519 589 Moses,
1551 552 1606 591 qui
1637 552 1729 582 fratri
1761 556 1829 582 erat
1853 552 2007 583 iniurius:
2039 553 2115 592 quia
2139 561 2204 583 non

1208 598 1210 626 1
1235 602 1300 626 tam
1321 596 1517 634 exprobrare
1541 594 1612 624 vult
1635 594 1748 634 culpae
1772 594 1964 635 gravitatem
1985 605 2081 635 quam
2101 604 2205 626 reme-

1209 654 1210 658 =
1235 638 1323 669 dium
1348 638 1475 677 quaerit
1499 636 1660 668 sedandae
1684 638 1753 668 eius
1777 638 1922 668 ferociae.

1324 681 1372 712 14.
1406 681 1481 720 (3015
1509 682 1535 710 te
1565 680 1728 711 constituit.
1780 679 1872 710 Nihil
1904 679 2022 711 mirum
2053 680 2080 711 51
2108 680 2204 712 homo

1237 724 1392 755 scelestus
1423 734 1459 754 ac
1487 733 1627 762 nequam
1658 722 1736 753 adeo
1766 722 1924 762 placidam
1951 722 2205 754 admonitionem

1682 764 1736 796 sic
1767 765 1854 796 enim
1886 765 1993 796 solent
2017 765 2133 805 quibus
2156 767 2206 798 ius

1238 815 1269 840 et
1314 810 1361 840 fas
1402 818 1612 849 perrumpere
1655 807 1818 839 decretum
1864 812 1928 845 est,
1973 808 2070 839 simul
2110 808 2207 849 atque

1238 857 1434 892 arguuntur,
1459 852 1666 889 tumultuari,
1696 855 1728 882 et
1758 851 1910 882 conviciis
1939 851 2068 891 abigere
2091 852 2207 891 probos

1238 896 1422 926 monitores.
1480 895 1523 924 Et
1563 898 1649 925 certe
1690 904 1783 924 rarae
1823 893 1956 924 virtutis
1996 897 2045 924 est
2081 894 2208 934 culpam

1239 949 1422 978 agnoscere,
1448 943 1480 968 et
1501 936 1643 968 modeste
1667 936 1841 967 admittere
1859 936 2100 968 correctionem.
2135 936 2208 976 Quo

1239 987 1346 1012 autem
1377 981 1511 1020 quisque
1543 980 1682 1010 deterior
1709 984 1758 1010 est
1781 984 1876 1019 atque
1900 979 2032 1020 gravius
2055 980 2209 1020 peccavit,

1241 1035 1276 1055 eo
1307 1024 1410 1063 magis
1444 1023 1589 1063 superbit
1624 1022 1822 1059 admonitus,
1858 1026 1890 1053 et
1924 1022 2045 1053 maiore
2079 1021 2210 1054 licentia

1241 1067 1403 1107 iurgatur:
1433 1065 1568 1105 ideoque
1598 1065 1637 1096 ad
1669 1065 1753 1096 hanc
1784 1064 2011 1105 indignitatem
2043 1064 2210 1096 ferendam

1241 1115 1368 1150 paratos
1402 1120 1471 1140 esse
1503 1112 1629 1148 oportet
1663 1108 1846 1147 quicunque
1887 1107 1927 1138 ad
1962 1107 2210 1147 compescendos

1241 1152 1403 1192 improbos
1434 1163 1467 1183 50
1500 1151 1684 1191 accingunt.
1738 1151 1782 1181 Et
1816 1154 1923 1181 tamen
1957 1160 1997 1181 ex
2031 1151 2211 1190 petulantia

1243 1196 1339 1226 unius
1369 1195 1519 1235 colligere
1548 1194 1623 1225 lieet
1653 1203 1747 1233 quam
1779 1202 1933 1233 perversa
1962 1193 2087 1224 fuerint
2110 1195 2210 1224 totius

1243 1238 1310 1269 fere
1339 1238 1444 1278 gentis
1473 1237 1613 1277 ingenia.
1660 1236 1733 1274 Qua
1762 1236 1887 1266 ratione
1911 1235 2099 1275 Stephanus
2135 1236 2211 1268 dicit

1244 1281 1328 1322 (Act.
1361 1281 1388 1318 7,
1417 1280 1470 1322 35)
1502 1280 1615 1311 Mosen
1647 1280 1745 1309 fuisse
1776 1289 1795 1309 a
1825 1278 1891 1310 suis
1923 1278 2094 1315 reiectum,
2126 1278 2211 1310 unde

1244 1334 1354 1355 omnes
1385 1322 1629 1364 ingratitudinis
1662 1321 1832 1353 convincit.
1877 1321 2000 1352 Verum
2029 1325 2064 1352 ut
2093 1321 2211 1361 populo

1244 1371 1414 1407 parcatur,
1445 1365 1596 1396 docemur
1626 1365 1686 1396 hoe
1712 1364 1860 1404 exemplo
1884 1374 1978 1403 quam
2003 1363 2212 1396 indomabilis

1246 1411 1288 1440 sit
1300 1419 1409 1440 eorum
1430 1414 1545 1439 natura
1563 1418 1641 1447 quos
1654 1408 1744 1438 Deus
1763 1417 1825 1437 non
1846 1406 2065 1438 mansuefecit.
2100 1407 2213 1447 Neque

1247 1453 1332 1484 enim
1366 1452 1474 1482 minus
1509 1451 1632 1481 duriter
1665 1450 1892 1490 castigationes
1933 1449 2062 1489 repellit
2102 1460 2212 1481 eorum

1247 1495 1440 1535 pervicacia,
1471 1504 1568 1534 quam
1600 1493 1638 1524 ab
1670 1493 1785 1524 incude
1808 1493 1967 1532 excipitur
1990 1493 2071 1523 ictus
2093 1492 2212 1523 mallei.

1246 1537 1384 1577 Quando
1414 1537 1513 1577 igitur
1536 1537 1582 1567 ita
1605 1540 1680 1567 sunt
1712 1535 1883 1575 praefracti
1916 1539 1950 1565 ut
1981 1534 2087 1566 decies
2118 1535 2212 1566 fracti

1249 1591 1413 1620 nunquam
1438 1586 1544 1610 tamen
1569 1579 1788 1618 corrigantur:
1817 1578 1900 1608 nihil
1930 1578 2047 1608 mirum
2072 1577 2099 1608 si
2123 1577 2214 1609 Deus

1247 1624 1281 1655 in
1304 1624 1375 1654 illos
1395 1622 1539 1662 asperius
1559 1622 1690 1657 saeviat,
1710 1620 1978 1660 quemadmodum
2000 1621 2158 1651 facturum
2179 1631 2214 1652 se

1249 1667 1422 1698 denunciat
1453 1676 1509 1705 per
1537 1674 1572 1695 os
1598 1663 1732 1695 Davidis
1763 1663 1861 1705 (Psal.
1894 1663 1942 1701 18,
1966 1662 2029 1705 27).
2076 1663 2146 1695 Hoc
2173 1674 2214 1695 ne

1248 1709 1469 1750 experiamur,
1500 1712 1626 1738 mature
1657 1717 1714 1737 nos
1742 1706 1974 1737 submittamus
1998 1705 2061 1736 Dei
2087 1706 2214 1738 ferulis:

1248 1758 1279 1784 et
1303 1751 1429 1792 quando
1454 1761 1517 1781 non
1542 1750 1690 1780 omnibus
1715 1749 1824 1779 datum
1849 1754 1897 1779 est
1922 1759 2074 1789 rogemus
2097 1753 2134 1779 ut
2156 1759 2214 1780 nos

1249 1795 1288 1826 ad
1312 1805 1422 1826 veram
1453 1793 1649 1823 docilitatem
1679 1793 1804 1823 formet.
1851 1791 1936 1830 Quid
1961 1792 2046 1822 enim
2069 1792 2215 1831 proficie-

1248 1848 1321 1869 mus
1340 1843 1450 1868 contra
1469 1836 1636 1867 stimulum
1655 1834 1873 1866 calcitrando?
1899 1834 1991 1865 Adde
2011 1834 2094 1874 quod
2119 1835 2214 1866 talem

1249 1880 1483 1912 contumaciam
1527 1879 1671 1918 seqnitur
1715 1888 1822 1908 comes
1867 1877 2011 1908 belluina
2055 1877 2213 1917 quaedam

1249 1923 1450 1960 immanitas,
1487 1927 1522 1951 ut
1551 1922 1583 1952 in
1618 1921 1677 1952 hoc
1711 1920 1859 1960 exemplo
1893 1920 2008 1951 iterum
2041 1920 2213 1951 cernimus.

1250 1967 1357 2007 Rogat
1371 1965 1482 1996 Mosen
1504 1964 1566 1995 vile
1586 1968 1618 1994 et
1641 1964 1800 1994 abiectum
1825 1963 2021 2002 mancipium
2047 1963 2116 2002 quis
2140 1973 2214 1994 eum

1250 2008 1419 2041 constitnit
1442 2007 1578 2038 iudicem
1605 2017 1702 2046 super
1725 2006 1907 2036 Hebraeos:
1935 2016 1971 2036 ac
1994 2007 2019 2037 51
2043 2016 2108 2036 11011
2131 2010 2216 2037 esset

1250 2053 1318 2092 ipse
1341 2062 1412 2082 cum
1438 2056 1503 2081 toto
1522 2060 1580 2080 suo
1604 2060 1721 2089 genere
1745 2049 1910 2088 exposit-us
1933 2049 2078 2079 omnium
2102 2053 2215 2079 contu-

1251 2095 1364 2126 meliis.
1416 2093 1599 2132 (lelaphum
1634 2093 1659 2122 51
1693 2092 1763 2131 quis
1804 2091 1991 2122 incussisset
2026 2102 2065 2122 ex
2102 2091 2216 2122 infima

1250 2138 1342 2178 plebe
1374 2137 1580 2176 aegyptiaca,
1608 2146 1671 2165 non
1700 2144 1798 2165 ausus
1826 2140 1910 2165 esset
1942 2134 2072 2164 mutire:
2104 2139 2215 2165 contra

1252 2180 1401 2212 blandam
1422 2178 1672 2209 admonitionem
1693 2188 1755 2208 non
1776 2177 1882 2207 minus
1901 2176 2072 2216 imperiose
2092 2181 2216 2217 proter-

1253 2224 1298 2254 vit
1328 2233 1363 2253 ae
1389 2222 1415 2251 si
1440 2221 1478 2252 ab
1502 2221 1588 2251 omni
1613 2221 1808 2251 subiectione
1831 2224 1914 2250 esset
1936 2219 2026 2250 liber.
2062 2219 2215 2252 Deterius

1251 2267 1427 2297 etiamnum
1453 2264 1536 2303 quod
1560 2264 1721 2303 sequitur,
1753 2273 1793 2293 au
1818 2263 1867 2293 vis
1891 2272 1942 2292 me
1965 2261 2108 2293 occidere
2133 2263 2216 2294 sicut

1252 2307 1473 2348 Aegyptium?
1520 2307 1682 2337 Debuerat
1706 2306 1834 2341 Mosen,
1869 2304 1909 2335 ob
1942 2305 2005 2335 tale
2038 2305 2082 2345 pii
2117 2305 2216 2337 studii

1252 2352 1495 2387 documentum,
1527 2360 1589 2379 non
1613 2360 1705 2380 secus
1729 2359 1764 2379 ae
1789 2348 1847 2378 Dei
1872 2347 2025 2387 angelum
2049 2348 2215 2388 amplecti:

1252 2394 1338 2433 atqui
1380 2393 1570 2423 beneficium
1606 2392 1637 2422 in
1680 2391 1800 2421 crimen
1841 2396 1987 2428 vertens,
2023 2401 2086 2421 non
2123 2391 2216 2422 modo

1250 2436 1357 2467 odiose
1381 2435 1553 2475 exprobrat
1577 2434 1659 2475 quod
1685 2433 1777 2464 laude
1801 2434 1949 2473 prosequi
1976 2443 2114 2473 aequum
2137 2440 2214 2472 erat,

1252 2479 1306 2510 sed
1338 2479 1433 2508 etiam
1466 2478 1616 2508 minatur.
1663 2477 1792 2507 Interea
1818 2476 1950 2506 dubium
1982 2486 2045 2507 non
2069 2481 2117 2507 est
2139 2477 2216 2516 quin

1252 2522 1417 2562 perculsus
1448 2522 1543 2551 fucrit
1574 2526 1705 2551 sanetus
1735 2520 1786 2549 vir
1820 2519 1999 2558 impetuosa
2029 2519 2217 2551 tentationis

1252 2564 1418 2601 maehina,
1455 2564 1507 2594 ubi
1543 2565 1573 2593 in
1608 2569 1704 2603 gente
1743 2571 1801 2592 sua
1840 2561 2054 2601 deprehendit
2094 2567 2216 2593 tantam

1225 2633 1227 2635 ,
1252 2607 1441 2638 barbariem.
1484 2607 1661 2646 Aegyptios
1684 2604 1812 2645 quidem
1836 2604 1954 2634 sciebat
1974 2603 2034 2635 sibi
2057 2604 2219 2644 professos
