2294 3008
192 192 210 223 7
1053 185 1328 219 PRAEFATIO.
2161 187 2180 219 8

194 296 237 316 ne
261 283 415 325 peccandi
438 282 569 314 licentia
591 282 683 314 nobis
706 282 921 323 indulgentes,
946 282 1027 313 falso
1050 292 1108 313 nos
1133 291 1202 313 esse
1222 280 1285 311 Dei
1308 280 1392 312 filios
1415 280 1601 321 gloriemur.
1636 281 1720 312 Nam
1744 290 1845 320 quum
1869 284 1935 312 tam
1958 291 2069 313 severe
2092 282 2181 314 ultus

194 337 237 368 sit
261 337 350 367 Deus
373 334 597 372 idololatriam,
621 344 738 374 pravas
761 334 955 374 cupiditates
978 344 1015 365 ac
1037 332 1204 371 libidines,
1228 332 1474 370 contumaciam,
1498 332 1624 372 aliaque
1648 331 1785 363 scelera:
1810 332 1886 363 hinc
1910 332 2098 364 discendum
2121 337 2179 371 est,

193 397 351 427 nusquam
376 386 483 417 Deum
506 385 704 417 luculentius
726 395 785 416 sua
807 385 927 417 indicia
955 395 1104 416 exserere
1122 384 1145 426 ยน)
1169 393 1265 424 quam
1288 383 1323 414 in
1346 383 1495 414 ecclesia:
1520 388 1556 415 ut
1580 383 1666 424 quod
1689 383 1857 415 fallacibus
1880 383 2010 416 Iudaeis
2033 385 2179 426 contigit,

193 438 234 470 ad
257 448 368 469 omnes
391 442 519 468 nostrae
542 437 656 468 aetatis
680 436 867 477 hypocritas
890 435 1177 467 accommodemus.

347 488 524 520 Doctrinae
555 488 685 528 partitio
715 492 853 527 quatuor
883 488 1054 528 praecipue
1084 486 1239 518 membris
1263 485 1558 526 comprehenditur.
1604 487 1689 517 Nam
1712 491 1748 517 ut
1771 486 1811 517 ad
1835 486 2032 518 docilitatem
2055 487 2180 520 animos

195 544 373 580 comparet,
405 539 516 570 multis
537 539 650 580 elogiis
673 539 879 570 commendat
902 539 982 580 legis
1006 539 1224 569 autoritatem.
1271 537 1493 577 Quaecunque
1516 538 1617 578 igitur
1640 538 1822 569 sententiae
1845 542 2016 569 occurrent
2039 538 2077 570 de
2100 538 2180 579 legis

194 590 370 631 dignitate,
400 591 610 631 praefationis
633 591 701 621 vice
725 596 905 631 ponuntur,
935 595 971 621 ut
994 591 1113 620 iustam
1134 589 1351 621 reverentiam
1374 589 1465 620 Deus
1488 589 1646 620 obtineat:
1676 589 1812 629 ideoque
1842 589 1955 620 ordine
1985 589 2182 630 praecedunt

193 642 274 682 legis
297 648 476 682 praecepta,
500 646 532 673 et
554 643 588 672 in
611 641 671 672 hac
694 642 799 682 prima
822 642 924 673 classe
947 641 1082 673 locanda
1105 645 1210 672 erunt.

350 692 542 733 Sequuntur
561 693 669 724 decem
690 699 869 733 praecepta,
894 693 1009 733 quibus
1028 693 1080 733 pie
1097 693 1244 732 iusteque
1265 691 1395 722 vivendi
1414 691 1570 732 regulam,
1594 692 1735 723 breviter
1754 692 1892 732 quidem,
1912 692 1967 724 sed
1987 692 2022 723 in
2041 692 2182 724 solidum

195 744 385 784 complexus
409 751 456 775 est
480 744 585 775 Deus:
617 745 711 775 modo
734 755 774 775 ne
797 755 985 785 separemus
1009 755 1087 785 quas
1111 743 1248 784 sparsim
1280 743 1564 783 interpretationes
1593 743 1716 774 addidit
1743 744 1919 785 legislator.
1965 743 2071 775 Multa
2093 743 2182 775 enim

194 800 289 827 extra
307 796 387 827 duas
406 796 532 827 tabulas
551 796 713 836 leguntur,
733 807 817 836 quae
837 807 932 827 sensu
953 801 1062 827 tamen
1082 795 1163 826 nibil
1184 794 1354 825 differunt:
1380 794 1514 835 ideoque
1537 794 1719 826 adhibenda
1739 799 1788 827 est
1806 795 1980 836 prudentia
1999 799 2036 826 ut
2054 795 2183 835 singula

195 858 325 879 annexa
347 849 415 878 suis
439 847 619 887 praeceptis
643 847 747 887 legem
771 849 932 889 integram
957 847 1049 878 nobis
1072 847 1252 878 conficiant.

349 899 495 930 Tertium
526 904 621 938 caput
651 899 816 930 doetrinae
847 904 973 930 constat
1002 910 1040 929 ex
1071 897 1319 938 appendicibus,
1350 907 1412 936 qua
1441 908 1518 929 voce
1548 897 1710 938 intelligo,
1746 899 1863 938 prioris
1893 899 2021 939 quidem
2055 899 2183 931 tabulae

194 954 354 990 respectu,
374 950 592 981 caeremonias
611 955 641 981 et
661 957 797 982 externa
816 951 946 991 pietatis
963 950 1131 981 exercitia:
1157 949 1272 980 deinde
1296 948 1457 980 secundae
1480 953 1627 988 respectu
1647 949 1734 989 leges
1757 950 1922 990 politicas:
1946 951 2099 992 quoniam
2118 961 2184 982 non

195 1001 258 1032 alio
283 1001 386 1033 tendit
415 1006 553 1042 utraque
576 1013 667 1042 pars,
699 1003 760 1033 nisi
784 1007 819 1033 ut
844 1002 923 1042 legis
948 1001 1080 1033 moralis
1108 1001 1369 1032 observationem
1397 1000 1562 1032 adiuvent.
1608 1002 1716 1040 Atque
1740 1001 1800 1033 hoc
1824 1003 1956 1043 cognitu
1980 1013 2045 1033 non
2070 1013 2186 1043 parum

194 1053 274 1084 utile
293 1059 350 1090 est,
371 1053 453 1083 nihil
472 1054 690 1084 caeremonia-s
709 1054 761 1085 vel
782 1053 966 1084 iudicialem
985 1053 1163 1084 doctrinam
1183 1056 1319 1089 mutare,
1340 1052 1392 1082 vel
1411 1051 1579 1083 detrahere
1599 1052 1637 1082 de
1657 1053 1770 1093 regula
1787 1053 1896 1085 decem
1921 1054 2027 1086 verbis
2050 1053 2186 1085 tradita:

197 1104 253 1135 sed
279 1104 501 1135 tantummodo
525 1105 722 1136 adminicula
746 1116 816 1136 esse
839 1115 919 1144 quae
943 1104 982 1135 ad
995 1104 1103 1135 Deum
1126 1105 1186 1134 rite
1211 1104 1390 1140 colendum,
1415 1107 1446 1133 et
1469 1103 1508 1134 ad
1532 1103 1689 1134 iustitiam
1712 1114 1785 1135 cum
1809 1105 1994 1137 hominibus
2017 1105 2187 1137 colendam

198 1166 258 1187 nos
280 1157 372 1196 quasi
397 1167 495 1187 manu
519 1155 647 1187 ducant.
694 1156 824 1188 Scimus
855 1157 1043 1187 continuum
1068 1155 1144 1186 olim
1176 1155 1341 1195 prophetis
1364 1154 1463 1186 fuisse
1493 1160 1658 1187 certamen
1681 1167 1754 1188 cum
1782 1157 1900 1196 populo
1923 1157 2070 1193 Iudaico,
2101 1156 2188 1198 quod

199 1208 411 1239 caeremoniis
442 1214 574 1239 strenue
605 1208 812 1245 incumbens,
844 1218 879 1239 ac
903 1208 929 1239 si
960 1208 1085 1238 inclusa
1114 1207 1177 1238 illis
1206 1212 1289 1237 esset
1319 1207 1460 1246 perfecta
1488 1207 1600 1247 religio
1624 1212 1656 1238 et
1684 1208 1855 1245 sanctitas,
1886 1219 1999 1240 veram
2030 1208 2187 1240 iustitiam

197 1259 392 1299 negligebat.
446 1260 560 1299 Itaque
590 1265 689 1300 negat
718 1261 806 1291 Deus
837 1270 871 1290 se
901 1259 1077 1299 quidquam
1108 1258 1147 1289 de
1176 1258 1340 1290 sacrificiis
1371 1259 1585 1298 praecepisse:
1622 1270 1658 1290 ac
1693 1269 1804 1290 omnes
1835 1264 1987 1291 externos
2018 1261 2100 1292 ritus
2130 1270 2188 1300 pro

198 1310 371 1342 inutilibus
400 1311 494 1351 nugis
525 1311 628 1349 ducit,
657 1311 683 1343 si
707 1311 771 1342 illis
795 1311 846 1341 vel
878 1310 1051 1341 minimum
1074 1310 1170 1350 pretii
1194 1320 1338 1340 seorsum
1362 1320 1380 1340 a
1404 1309 1513 1341 decem
1538 1310 1717 1350 praeceptis
1740 1311 1905 1342 tribuitur.
1951 1311 2046 1343 Unde
2070 1311 2189 1343 certius

201 1362 384 1401 colligimus
404 1363 486 1402 quod
507 1363 611 1403 attigi,
636 1373 701 1393 non
725 1374 795 1394 esse
819 1373 859 1393 ex
884 1362 1067 1393 substantia
1090 1361 1179 1402 legis,
1203 1360 1252 1402 (ut
1276 1361 1464 1402 loquuntur)
1488 1372 1546 1393 nec
1569 1373 1627 1402 per
1645 1373 1679 1393 se
1699 1362 1738 1393 ad
1758 1362 1820 1393 Dei
1844 1363 1966 1394 cultum
1991 1363 2107 1400 valere,
2131 1373 2190 1394 nec

200 1424 253 1445 eas
274 1425 291 1444 a
311 1414 495 1455 legislatore
516 1414 585 1454 ipso
605 1415 691 1454 exigi
711 1415 803 1454 quasi
822 1413 1033 1450 necessarias,
1054 1413 1106 1444 vel
1127 1413 1224 1444 etiam
1246 1413 1350 1449 utiles,
1371 1412 1432 1444 nisi
1452 1413 1484 1443 in
1503 1413 1607 1452 gradu
1626 1414 1778 1445 inferiore
1790 1414 1967 1445 subsidant.
2002 1415 2040 1446 In
2054 1425 2190 1452 summa,

201 1466 398 1497 accessiones
418 1471 502 1503 sunt,
523 1477 588 1497 non
607 1476 688 1506 quae
709 1465 772 1506 legi
796 1465 848 1496 vel
872 1475 973 1496 unum
997 1465 1120 1504 apicem
1145 1464 1274 1500 addant,
1295 1464 1351 1495 sed
1375 1474 1456 1504 quae
1479 1464 1607 1504 pietatis
1631 1465 1771 1497 cultores
1794 1466 1955 1497 retineant
1972 1466 2008 1497 in
2030 1465 2192 1506 spirituali

201 1517 300 1554 cultuy
314 1518 367 1557 qui
382 1517 452 1553 fide.
467 1517 675 1558 poenitentia,
696 1518 756 1548 Dei
769 1517 983 1554 invocatione,
997 1521 1029 1546 et
1041 1515 1192 1546 laudibus
1205 1527 1286 1556 quae
1300 1515 1532 1556 gratitudinem
1546 1516 1779 1555 demonstrant,
1794 1518 1897 1549 crucis
1911 1519 2006 1549 etiam
2020 1517 2193 1548 tolerantia

198 1569 394 1600 continetur.
429 1569 469 1599 In
489 1569 625 1609 politicis
648 1569 797 1600 omnibus
816 1567 997 1608 praeceptis
1020 1567 1102 1598 nihil
1122 1567 1217 1607 plane
1241 1568 1420 1607 reperietur
1439 1567 1524 1607 quod
1543 1567 1663 1608 aliquid
1683 1569 1841 1600 secundae
1865 1569 1993 1601 tabulae
2012 1569 2050 1601 ad
2071 1569 2193 1609 perfee-

200 1620 320 1651 tionem
358 1620 464 1651 addat.
515 1620 670 1660 Sequitur
696 1621 819 1660 itaque,
854 1619 894 1650 ad
924 1619 1071 1659 regulam
1102 1619 1183 1650 bene
1214 1624 1364 1659 recteque
1394 1618 1543 1656 vivendi,
1574 1623 1704 1659 praeter
1734 1620 1843 1652 decem
1874 1621 1987 1659 verba,
2018 1619 2194 1652 desiderari

200 1671 280 1702 nihil
304 1683 405 1712 posse.

354 1724 479 1755 Ultima
509 1733 582 1763 pars
612 1724 708 1753 finem
733 1733 891 1762 usumque
915 1722 996 1763 legis
1018 1722 1174 1753 ostendit:
1208 1732 1244 1754 ac
1268 1722 1403 1763 proinde
1426 1721 1495 1752 eius
1518 1721 1642 1754 utilitas
1666 1722 1826 1754 latissime
1850 1728 1949 1764 patet.
1996 1723 2060 1763 Qui
2078 1723 2193 1755 denim

201 1776 294 1807 nobis
318 1775 484 1815 prodesset
507 1773 547 1805 ad
571 1775 654 1805 iuste
685 1773 862 1805 vivendum
893 1773 1038 1811 institui,
1070 1774 1131 1805 nisi
1155 1774 1268 1814 culpae
1292 1778 1324 1805 et
1346 1778 1456 1805 reatus
1481 1774 1604 1814 agnitio
1628 1784 1686 1805 nos
1710 1775 1748 1805 ad
1773 1775 1992 1815 quaerendum
2017 1775 2195 1807 remedium

203 1826 369 1858 traheret?
394 1826 489 1865 Quod
513 1837 590 1866 ergo
610 1825 878 1865 promissionibus
900 1830 965 1855 tam
986 1824 1103 1856 blande
1123 1829 1154 1856 et
1173 1826 1318 1856 suaviter
1336 1836 1395 1856 nos
1415 1825 1504 1856 Deus
1523 1825 1633 1862 allicit,
1658 1825 1742 1865 quod
1763 1837 1892 1858 rursum
1913 1826 2196 1859 maledictionibus

202 1878 364 1914 fulminat,
389 1879 509 1918 partim
534 1888 592 1908 nos
616 1877 722 1908 reddit
746 1876 996 1911 inexcusabiles.
1021 1878 1139 1916 partim
1164 1877 1253 1907 omni
1277 1876 1420 1907 iustitiae
1444 1876 1560 1908 fiducia
1584 1878 1779 1916 exspoliatos
1803 1878 1928 1915 deficit,
1959 1884 1994 1910 ut
2016 1879 2196 1919 gratuitum

204 1931 273 1961 eius
298 1929 411 1960 foedus
435 1929 587 1969 amplexi,
612 1928 652 1959 ad
671 1928 840 1959 Christum
866 1928 947 1967 legis
973 1928 1069 1958 finem
1090 1928 1262 1968 confugere
1286 1927 1456 1959 diseamus.
1502 1928 1576 1959 Huc
1600 1934 1751 1968 spectant
1774 1930 2003 1968 promissiones
2025 1930 2140 1970 quibus
2163 1940 2197 1961 se

203 1982 381 2022 propitium
406 1981 474 2011 fore
498 1985 645 2017 testatur,
670 1984 705 2010 ut
729 1985 841 2019 parata
864 1979 906 2009 sit
929 1980 1068 2018 peccatis
1093 1980 1204 2010 venia:
1231 1979 1348 2010 deinde
1371 1980 1521 2019 spiritum
1548 1980 1802 2020 regenerationis
1822 1981 1923 2012 offert.
1960 1981 2056 2013 Unde
2079 1981 2199 2021 pendet

205 2033 260 2064 illa
284 2033 460 2064 sententia:
485 2031 653 2063 Christum
678 2041 748 2061 esse
774 2032 871 2061 finem
895 2030 986 2070 logis,
1024 2031 1136 2071 Neque
1156 2036 1267 2062 tamen
1286 2030 1371 2062 hanc
1394 2031 1529 2062 classem
1550 2042 1569 2061 a
1588 2031 1808 2071 superioribus
1832 2032 1987 2070 discerno,
2010 2043 2046 2064 ac
2065 2032 2092 2063 si
2116 2031 2199 2063 nihil

205 2084 341 2115 haberet
370 2094 444 2115 cum
475 2082 538 2113 illis
567 2093 739 2113 commune
771 2088 803 2112 ct
833 2082 1061 2121 promiscuum.
1109 2085 1293 2122 Antequam
1325 2082 1412 2113 enini
1445 2093 1481 2113 eo
1512 2087 1704 2122 perventum
1737 2083 1849 2121 fuerit,
1879 2083 2039 2123 attingere
2069 2084 2199 2124 saepius

207 2147 336 2167 necesse
356 2136 418 2166 erit
439 2141 502 2165 tam
525 2134 741 2165 miserrimam
763 2133 898 2164 humani
921 2134 1048 2172 generis
1071 2133 1202 2171 cladem,
1227 2144 1321 2174 quam
1346 2134 1505 2173 peculiare
1529 2134 1710 2174 adoptionis
1735 2135 1933 2173 beneficiumโท
1957 2140 1989 2165 et
2012 2136 2198 2166 continuam

207 2189 324 2219 serium
346 2187 473 2227 paterni
492 2186 622 2221 favoris,
643 2195 704 2223 qno
726 2185 815 2214 Deus
835 2195 908 2214 snos
929 2186 1143 2224 prosequitur.
1180 2185 1292 2225 Neque
1311 2185 1398 2215 enim
1418 2186 1504 2216 aliud
1524 2185 1585 2216 sibi
1606 2186 1718 2216 volunt
1737 2196 1848 2216 omncs
1866 2187 2078 2226 expiationes,
2104 2196 2200 2227 quam

210 2241 316 2271 Deum
346 2249 473 2278 semper
499 2238 566 2268 fore
586 2235 845 2273 misericordem,
872 2237 997 2275 quoties
1022 2237 1060 2266 :ul
1088 2237 1203 2267 veniae
1234 2236 1361 2276 asylum
1386 2238 1568 2277 confugerit
1596 2241 1753 2276 peccator.
1799 2236 1863 2268 Sed
1891 2248 1987 2277 quam
2019 2238 2201 2269 necessaria

213 2291 309 2322 fuerit
339 2290 418 2321 hacc
447 2288 646 2326 distributio,
680 2287 795 2317 melius
826 2298 867 2317 ex
905 2292 1063 2317 contextu
1094 2288 1306 2326 intelligetur.
1354 2288 1523 2320 Canticum
1556 2292 1587 2319 et
1614 2298 1701 2318 mors
1731 2288 1847 2326 Mosis,
1881 2294 2020 2327 quatuor
2044 2289 2199 2320 librorum

213 2343 273 2373 erit
296 2342 450 2372 clausula.

365 2514 391 2541 l)
415 2513 482 2536 lโดJclยนl.
503 2519 635 2535 exercere.
