2304 3034
190 205 255 236 439

195 298 311 334 mitur,
336 302 367 327 et
392 297 442 326 via
465 299 521 325 aut
544 305 659 325 cursus
683 299 739 325 aut
762 294 955 334 ambulatio,
979 305 1036 334 pro
1060 294 1163 327 direc-

195 341 282 372 tione
301 345 355 370 aut
376 337 507 368 vivendi
528 337 687 368 instituto.
722 336 854 376 Optime
876 337 978 377 igitur
1000 338 1163 375 convenit,

196 383 336 414 hominis
360 381 458 411 vitam
483 380 641 420 sanguine
665 380 856 411 consecrari.
889 379 955 410 Sed
978 381 1054 419 quia
1076 386 1163 412 recte

195 425 311 465 agendi
348 423 543 463 principium
573 428 622 453 est
651 422 849 459 obedientia,
888 433 969 462 quae
997 423 1162 454 sacrificiis

195 467 344 499 omnibus
374 467 568 505 praefertur⁷
600 465 639 495 ab
669 465 812 496 auricula
842 465 949 496 iussus
978 470 1028 496 est
1056 466 1162 497 Moses

194 511 345 549 incipere.
375 509 417 539 Et
436 508 554 539 scimus
568 508 697 539 odorem
716 508 817 539 bonae
840 508 1039 548 fragrantiae
1056 510 1088 539 in
1112 519 1162 540 53-

194 553 312 584 crificio
326 551 449 582 Christi
472 551 572 582 fuisse
596 551 810 582 obedientiam
824 550 965 592 (Ρ1111.4,
992 550 1052 592 18).
1088 551 1163 590 Qua

194 596 318 626 ratione
342 594 447 625 David
479 594 513 624 111
544 594 659 634 spiritu
687 593 876 633 prophetico
898 604 1004 634 ipsum
1029 594 1161 634 loquen-

194 643 260 668 tem
289 637 411 668 inducit
436 636 536 677 (Ρ5..11
560 637 615 673 40,
650 636 698 677 7).
728 637 853 667 Aurem
877 636 1048 676 perforasti
1072 637 1160 668 mihi.

193 680 229 712 Si
250 681 320 720 quis
339 680 480 719 excipiat
500 690 562 710 non
583 680 689 711 minus
708 680 741 710 111
765 679 878 720 lingua
902 690 971 710 esse
994 681 1161 717 momenti,

192 724 267 763 quia
290 722 438 754 5·16·61(105
462 728 512 753 est
535 722 670 762 angelus
696 723 755 753 Dei
779 722 997 753 exercituum:
1030 733 1161 762 respon-

193 768 252 797 deo
282 766 334 796 hic
364 776 430 795 11011
461 765 580 806 attingi
610 765 745 797 docendi
773 776 911 805 munus,
948 764 1003 796 sed
1034 770 1160 796 tantum

191 808 422 840 intercedendi.
469 807 580 846 Quare
610 809 643 839 in
673 808 777 839 tribus
808 808 872 839 illis
901 808 1047 848 partibus
1075 819 1160 839 com-

191 852 308 892 plexus
339 859 385 882 est
410 851 519 882 Moses
547 851 699 891 quidquid
731 851 769 882 ad
794 851 1012 891 expiationem
1036 858 1159 891 specta-

191 896 254 927 bat.
301 894 473 925 Caeterum
502 894 746 925 meminerimus
770 905 851 934 quae
875 894 913 924 de
937 893 1061 925 Christi
1084 905 1158 925 con-

191 938 369 969 secratione
397 937 549 968 dicuntur
572 948 637 968 nou
659 936 834 968 subsistere
858 937 889 967 111
913 937 981 968 61115
1006 947 1157 976 persona:

190 981 246 1013 sed
282 980 395 1011 referri
427 980 467 1011 ad
498 980 595 1011 totius
626 980 778 1011 ccclesiae
808 979 993 1010 utilitatem.
1047 979 1159 1019 Neque

191 1024 276 1055 6111111
297 1033 355 1053 5113
379 1033 476 1054 causa
500 1029 615 1054 unctus
639 1028 698 1060 est,
719 1033 823 1062 neque
847 1033 927 1062 opus
952 1023 1064 1053 habuit
1087 1033 1158 1053 mu-

189 1067 273 1097 tuari
305 1066 443 1106 gratiam
473 1076 491 1096 a
514 1066 691 1106 sanguine:
721 1066 776 1097 sed
800 1066 946 1096 membra
969 1075 1027 1096 sua
1049 1076 1158 1106 respe-

190 1110 252 1145 xit,
284 1116 315 1139 et
345 1114 448 1139 totum
481 1119 514 1140 se
545 1109 669 1140 addixit
698 1119 809 1139 eorum
842 1108 954 1144 saluti,
985 1109 1157 1148 sicutipse

189 1156 341 1183 testatur:
357 1152 495 1191 Propter
504 1161 558 1183 eos
567 1152 732 1183 sanctifico
742 1162 793 1182 me
805 1152 910 1191 ipsum
922 1150 1024 1192 (Ioan.
1036 1151 1083 1189 17,
1096 1151 1157 1193 19).

275 1195 324 1225 ἒς.
357 1194 399 1225 Et
428 1195 486 1225 erit
513 1195 577 1234 ipsi
599 1195 739 1226 Alearou.
785 1195 834 1225 Ne
863 1194 1032 1225 vilesceret
1053 1204 1157 1225 sacra-

188 1248 261 1268 rum
293 1237 492 1268 oblationum
524 1238 683 1277 dignitas,
717 1248 800 1277 quae
830 1237 987 1268 sanctitas
1015 1237 1157 1269 Iehovae

188 1281 356 1319 dicuntur⁷
389 1280 429 1311 ab
463 1291 573 1311 63111111
608 1291 665 1312 6511
700 1280 854 1321 prohibiti
889 1285 965 1311 sunt
999 1280 1154 1311 extranei.

188 1324 273 1355 Nam
304 1324 329 1354 si
354 1324 550 1362 quibuslibet
574 1334 627 1354 635
651 1328 802 1363 tangere,
826 1323 951 1363 illisque
975 1323 1061 1354 vesci
1084 1333 1155 1362 per-

188 1367 323 1397 missum
350 1367 448 1403 foret,
480 1366 605 1397 nullum
637 1367 722 1398 inter
752 1377 807 1398 eas
837 1371 868 1397 et
899 1366 1049 1407 vulgares
1071 1366 1157 1397 cibos

187 1410 302 1440 fuisset
333 1409 516 1440 discrimen.
570 1410 620 1440 Ex
651 1410 797 1450 portione
825 1409 1031 1441 sacerdotum
1061 1419 1156 1448 quae-

189 1452 262 1483 dam
301 1452 434 1483 fuerunt
462 1453 539 1483 totis
569 1453 700 1484 familiis
731 1452 929 1489 communia,
960 1452 1015 1484 sed
1046 1461 1158 1492 excep-

187 1500 222 1526 ta
262 1496 394 1526 fuerunt
426 1501 554 1532 sancta,
595 1501 631 1526 ut
665 1496 723 1528 sub
763 1506 829 1526 11113
867 1495 973 1535 specie
1013 1495 1156 1525 omnium

187 1539 371 1569 reverentia
393 1538 684 1570 commendaretur.
731 1539 853 1569 Eodem
877 1543 1000 1578 spectat
1023 1538 1158 1569 circum-

189 1581 311 1612 stantia
339 1581 416 1612 loci:
448 1581 523 1621 quia
553 1582 641 1612 intra
671 1582 863 1613 domesticos
894 1581 1034 1621 parietes
1057 1591 1159 1611 come-

189 1624 264 1655 dere
297 1635 362 1655 nou
392 1624 480 1655 licuit
509 1624 592 1664 quod
624 1631 772 1656 sanctum
797 1630 881 1662 erat,
913 1626 950 1655 ut
974 1623 1119 1655 differret
1141 1633 1160 1653 a

188 1668 352 1698 communi
387 1673 418 1698 et
449 1667 612 1698 ordinario
636 1668 734 1699 victu.
788 1666 912 1698 Eadem
945 1677 1043 1698 causa
1074 1676 1158 1697 com-

188 1710 259 1741 buri
284 1711 426 1750 oportuit
450 1711 477 1741 si
501 1710 578 1750 quid
602 1711 756 1742 manebat
778 1710 954 1747 residuum,
979 1721 1019 1740 ne
1042 1710 1068 1740 si
1091 1719 1161 1740 car-

189 1763 247 1784 nes
280 1754 396 1784 fierent
426 1754 577 1784 rancidae
608 1760 664 1784 aut
694 1753 841 1785 mucidus
870 1753 976 1793 panis,
1006 1753 1108 1783 foetor
1131 1756 1163 1782 et

190 1796 376 1827 deformitas
397 1796 517 1836 aliquid
537 1807 576 1827 ex
597 1807 761 1828 sacrorum
789 1796 947 1836 dignitate
968 1796 1161 1827 minuerent.

190 1839 398 1870 Rudimentis
429 1840 514 1869 enim
545 1840 723 1879 puerilibus
747 1849 828 1879 opus
854 1839 967 1870 habuit
990 1838 1162 1869 infirmitas

192 1882 311 1913 veteris
331 1882 449 1922 populi,
474 1881 529 1913 sed
550 1893 630 1922 quae
650 1882 746 1913 altius
765 1882 930 1922 erigerent
949 1881 1075 1921 piorum
1095 1880 1163 1911 ani-

192 1935 270 1955 mos.
317 1925 355 1955 In
379 1935 453 1955 eum
478 1926 575 1956 finem
600 1926 709 1956 onmia
734 1925 926 1961 tendebant,
958 1935 998 1955 ne
1022 1934 1085 1964 qua
1108 1922 1162 1954 ob-

192 1974 321 2007 reperet
351 1968 534 2007 corruptela
564 1979 645 2008 quae
675 1968 736 1999 Dei
767 1968 890 2000 cultum
921 1968 1083 2004 inficeret,
1112 1965 1164 1997 vel

192 2010 341 2041 redderet
365 2011 652 2051 contemptibilem.

517 2156 581 2187 EX
606 2156 759 2190 LEVIT.
784 2156 843 2187 VI.

348 2224 369 2265 ).
394 2224 437 2255 Et
459 2225 602 2264 loquutus
625 2225 794 2257 cstIeleova
816 2225 858 2256 ad
882 2224 1000 2261 Mosen,
1024 2223 1165 2255 diceudo:

195 2267 245 2297 20.
275 2268 339 2297 Ista
367 2268 408 2297 sit
439 2268 547 2299 oblatio
571 2268 703 2299 Altaron
733 2271 759 2299 et
787 2268 927 2306 filiorum
958 2268 1042 2303 eius,
1071 2276 1164 2305 quam

195 2311 317 2348 offerent
350 2310 479 2341 lehozrae
509 2311 558 2341 die
591 2321 654 2350 qua
682 2314 813 2351 uuyetur
843 2312 980 2350 quisque.
1033 2308 1164 2339 Decima

195 2353 272 2391 epha
301 2353 442 2384 similae:
473 2354 582 2384 minlaea
612 2355 740 2393 riuyicesr:
776 2354 943 2385 dimidium
973 2353 1040 2383 eius
1067 2361 1164 2389 mane,

195 2398 221 2425 et
243 2396 410 2426 dimidium
436 2397 560 2435 vesperi.
604 2398 653 2428 21.
681 2397 721 2428 Iu
744 2396 893 2429 eraticula
916 2396 977 2427 oleo
997 2395 1063 2434 fiet,
1091 2394 1165 2433 fric-

195 2440 255 2468 tam
286 2440 395 2477 allertfs
425 2450 508 2475 eam,
539 2441 685 2471 coctiones
714 2440 837 2470 minleae
863 2440 1035 2478 s'rustorum
1058 2437 1165 2476 offeres

194 2481 225 2510 in
251 2482 370 2511 odorem
394 2483 506 2520 quietis
527 2482 661 2514 Ieltot‘ae.
697 2483 747 2513 22.
773 2483 815 2513 Et
837 2482 979 2513 sacerdos
1000 2483 1109 2512 unctus
1131 2479 1163 2509 in

194 2523 291 2554 locum
320 2525 386 2555 eius
409 2536 423 2553 6
443 2525 522 2564 filiis
545 2526 612 2557 eius
633 2526 725 2565 saciet
747 2536 830 2557 eam:

193 2576 246 2595 um
270 2567 406 2604 [elan-ae,
429 2571 489 2599 tola
512 2569 705 2599 cremabitur.

282 2224 344 2254 19¹

280 2661 306 2690 1)
326 2661 407 2686 Hehr.
430 2662 535 2687 12—15.

891 200 1145 234 SECUNDUM
1168 203 1490 235 PRAEOEPTUM.

2119 202 2184 234 440

1305 296 1352 327 19.
1377 296 1419 327 Et
1441 297 1586 335 loquutus
1608 298 1660 326 est.
1696 295 1784 327 Satis
1808 299 1920 326 notum
1945 299 1995 327 est
2017 296 2183 328 sacrificiis

1216 339 1314 370 fuisse
1344 339 1530 370 adiunctam
1561 338 1755 369 oblationem
1784 348 1880 378 quam
1910 342 2027 369 vocant
2060 340 2181 378 minha‚

1215 381 1271 412 sed
1302 392 1445 413 seorsum
1475 392 1600 421 quoque
1630 380 1730 412 fuisse
1752 381 1786 411 in
1810 392 1869 412 usu
1892 380 1968 412 alibi
1992 381 2181 415 videbimus.

1216 424 1324 456 Licuit
1354 424 1473 464 absque
1502 424 1636 455 victima
1666 423 1719 455 vel
1746 434 1861 463 puram
1890 424 2028 455 farinam
2055 425 2180 464 offerre,

1216 467 1266 498 vel
1296 467 1375 505 liba,
1406 474 1438 498 et
1462 467 1626 507 placentas
1649 467 1718 498 oleo
1741 466 1896 498 conditas.
1943 467 2031 507 Ergo
2054 472 2183 507 praeter

1214 493 1407 541 sacrificiu’m
1436 510 1701 546 consecrationis,
1733 509 1772 540 de
1801 520 1862 549 quo
1886 509 2039 541 disseruit
2061 510 2181 550 Moses,

1216 552 1295 584 haec
1323 552 1464 583 secunda
1494 552 1611 583 oblatio
1643 562 1661 582 a
1684 551 1849 583 sacerdote
1873 552 2028 593 exigitur,
2055 553 2181 593 1111113-

1214 601 1341 626 centam
1361 596 1478 626 fiixam
1503 596 1533 626 in
1558 595 1739 635 sartagine,
1772 601 1804 626 et
1826 595 1860 625 in
1883 595 1987 626 frusta
2009 595 2182 635 concisam,

1215 648 1271 677 pro
1293 649 1351 670 sua
1374 638 1621 678 inauguratione
1645 638 1769 669 offerat.
1808 637 1898 670 Haec
1921 643 2029 669 autem
2054 638 2183 670 videtur

1214 681 1311 712 fuisse
1335 682 1431 718 ratio,
1456 686 1491 711 ut
1515 681 1680 721 legitimus
1704 680 1820 711 deinde
1843 686 1928 712 esset
1951 681 2049 713 totius
2072 681 2182 722 populi

1213 725 1378 762 minister,
1406 730 1437 754 et
1467 724 1603 754 aliorum
1634 723 1766 754 nomine
1796 724 1857 754 rite
1880 724 2027 761 offerret,
2055 734 2095 755 ex
2119 735 2182 764 quo

1213 766 1382 798 defunctus
1413 767 1518 797 fuerat
1542 776 1599 806 pro
1623 777 1656 796 se
1678 767 1756 806 ipso.
1808 766 1982 798 Caeterum
2007 766 2182 798 discrimen

1212 810 1370 840 statuitur
1388 810 1473 840 inter
1492 820 1613 840 munus
1632 808 1808 840 sacerdotis
1828 814 1859 840 et
1879 810 1998 850 populi,
2022 814 2058 841 ut
2076 814 2181 842 totum

1213 852 1389 892 adoleatur,
1413 853 1502 883 6111115
1526 852 1572 882 rei
1596 862 1737 890 causam,
1761 853 1836 892 quia
1858 852 1934 883 alibi
1957 852 2182 893 explicabitur,

1213 906 1277 926 uno
1307 895 1405 926 verbo
1435 895 1656 935 perstringere
1688 906 1775 926 nunc
1804 896 1883 926 satis
1914 896 2023 927 fuerit.
2068 896 2181 927 Noluit

1211 938 1333 969 scilicet
1348 939 1436 969 Deus
1455 937 1636 969 sacerdotes
1657 948 1741 969 vana
1753 939 1970 970 ostentatione
1988 949 2023 969 se
2044 938 2181 970 iactare:

1211 981 1294 1020 quod
1316 981 1457 1021 proclive
1481 986 1559 1019 erat,
1584 981 1610 1012 51
1633 981 1666 1011 111
1691 981 1834 1021 ipsorum
1859 992 1954 1013 usum
1978 992 2108 1013 reversa
2131 982 2180 1013 fu-

1211 1024 1288 1055 isset
1321 1024 1457 1062 oblatio,
1493 1024 1587 1055 sicuti
1622 1023 1735 1054 minha
1768 1024 1932 1065 popularis
1965 1035 2065 1065 penes
2092 1024 2182 1065 ipsos

1210 1066 1370 1098 manebat.

1506 1237 1570 1268 EX
1593 1237 1767 1269 NUMER.
1793 1237 1888 1269 VIII.

1295 1323 1324 1353 5.
1350 1323 1570 1362 Loquutusque
1600 1326 1643 1355 est
1666 1325 1832 1362 praeterea
1856 1322 1970 1354 Ieltova
1999 1324 2063 1362 ipsi
2087 1322 2182 1361 Mosi,

1209 1366 1351 1397 dicendo.-
1385 1367 1414 1396 6.
1441 1366 1523 1405 Cape
1547 1366 1673 1397 Levitas
1696 1377 1711 1397 e
1733 1366 1832 1397 medio
1852 1366 1988 1405 filiorum
2012 1365 2132 1403 Israel,
2155 1367 2182 1397 et

1206 1409 1355 1448 purifices
1383 1409 1461 1440 illos.
1508 1409 1534 1439 7.
1560 1409 1612 1440 Sic
1639 1412 1741 1440 autem
1770 1409 1867 1448 facies
1893 1408 1959 1440 illis
1981 1411 2017 1451 ut
2030 1407 2182 1448 purifices

1211 1451 1295 1483 illos:
1317 1462 1427 1491 sparye
1442 1462 1537 1491 super
1560 1462 1608 1483 eos
1631 1462 1746 1491 aquam
1764 1451 2010 1491 purificationis,
2033 1455 2059 1483 et
2080 1454 2182 1483 traus-

1212 1495 1258 1525 ire
1279 1494 1398 1533 saciant
1421 1495 1600 1525 novaculam
1623 1505 1717 1535 super
1740 1498 1833 1526 totam
1855 1504 1977 1526 caruem
2001 1505 2106 1532 suam,
2138 1494 2182 1526 la-

1211 1539 1336 1576 veithue
1357 1538 1534 1568 vestimenta
1557 1548 1626 1573 sua,
1650 1541 1675 1569 et
1692 1539 1906 1577 purificentur.
1947 1537 1977 1569 8.
2003 1537 2113 1569 Postea
2135 1547 2184 1568 ca-

1206 1581 1296 1619 pient
1315 1581 1472 1611 iuvencum
1493 1580 1597 1619 filium
1620 1581 1719 1618 bovis,
1743 1583 1771 1611 et
1791 1580 1931 1611 miuleam
1953 1581 2021 1612 eius
2043 1579 2183 1612 similam

1213 1633 1408 1662 conspersam
1427 1624 1505 1655 oleo:
1527 1626 1553 1654 et
1571 1625 1731 1655 iuvencum
1754 1624 1886 1655 alterum
1905 1623 2008 1662 filium
2030 1623 2113 1655 bovis
2135 1633 2182 1654 ca-

1208 1667 1280 1705 pies
1307 1666 1342 1696 iu
1372 1667 1558 1705 sacrificium
1576 1677 1638 1706 pro
1654 1670 1787 1705 peceato.
1833 1667 1861 1698 9.
1890 1667 1975 1698 Tune
1997 1667 2104 1706 offeres
2126 1666 2182 1697 Le-

1213 1709 1294 1740 vitas
1323 1719 1425 1740 coram
1454 1710 1648 1740 tabernaculo
1679 1710 1899 1741 conventionis.-
1933 1712 1960 1740 et
1988 1709 2184 1750 conyreyabis

1213 1762 1330 1782 omnem
1357 1754 1470 1783 coetum
1497 1753 1636 1791 tiliorum
1666 1752 1778 1783 Israel.
1827 1753 1875 1784 10.
1911 1752 2027 1792 Offeres
2054 1753 2184 1792 iuquam

1214 1795 1340 1825 Lecitas
1357 1804 1459 1825 coram
1472 1795 1595 1831 Ieliova,
1620 1798 1646 1826 et
1664 1796 1843 1834 coniungent
1859 1795 1923 1834 filii
1946 1796 2051 1827 Israel
2070 1805 2184 1827 manus

1214 1848 1289 1869 suas
1316 1847 1410 1875 super
1440 1838 1575 1869 Levitas.
1621 1839 1667 1869 11.
1697 1838 1866 1878 offeretque
1897 1838 2028 1869 Altarou
2058 1838 2184 1870 Levitas

1214 1881 1248 1911 in
1276 1880 1455 1912 oblataonem
1484 1891 1587 1912 eoram
1611 1881 1723 1912 Ieleova
1753 1891 1772 1912 a
1792 1881 1870 1920 filiis
1895 1881 2015 1918 Israel,
2044 1884 2070 1912 et
2091 1881 2185 1912 mini-

1215 1923 1354 1954 strabunt
1388 1923 1420 1953 in
1456 1925 1627 1954 ministerio
1655 1924 1793 1955 Ielzovae.
1846 1924 1892 1955 12.
1925 1924 2050 1955 Levitae
2081 1926 2184 1955 autem

1214 1966 1393 2005 eoniunyeat
1411 1977 1524 1997 331333
1541 1977 1617 1998 suas
1635 1977 1729 2006 super
1746 1970 1836 2006 eaput
1854 1968 2062 1998 iuvencorum.-
2076 1969 2185 2006 postea

1214 2009 1312 2048 facies
1341 2019 1438 2039 uuum
1463 2020 1523 2048 pro
1546 2013 1685 2048 peccato,
1715 2012 1741 2040 et
1768 2010 1899 2041 alterum
1920 2011 1954 2041 in
1976 2009 2184 2041 holocaustum

1217 2051 1347 2082 Iehovae
1375 2052 1416 2082 ad
1445 2053 1635 2091 captandum
1666 2052 1799 2083 Levitas.
1844 2053 1892 2083 13.
1919 2052 2099 2091 Statuesque
2126 2052 2185 2083 Le-

1216 2095 1297 2125 vitas
1314 2104 1417 2125 eoram
1429 2094 1559 2125 Ahar-on
1578 2097 1603 2126 et
1622 2105 1724 2126 eoram
1741 2095 1820 2134 filiis
1840 2097 1916 2131 eius,
1939 2098 1966 2126 et
1989 2096 2094 2134 offeres
2114 2094 2185 2126 illos

1217 2137 1394 2168 oblationem
1418 2137 1556 2168 Ielzovae.
1605 2138 1653 2169 14.
1677 2139 1725 2169 Ac
1747 2138 1920 2178 seyreyabis
1943 2138 2068 2169 Levitas
2089 2147 2104 2168 e
2125 2147 2185 2169 me-

1215 2181 1267 2212 dio
1292 2180 1429 2218 filiorum
1460 2180 1578 2211 Israel:
1607 2183 1695 2212 eruut
1725 2182 1784 2211 mei
1814 2181 1947 2212 Levitae.
1994 2181 2043 2211 15.
2075 2179 2185 2212 Postea

1216 2225 1317 2254 autem
1337 2223 1453 2254 venient
1466 2223 1589 2254 Levitae
1607 2224 1648 2253 ad
1665 2224 1909 2254 ministrandum
1932 2224 1966 2255 in
1988 2223 2184 2255 tabernaculo

1215 2266 1437 2301 conventionis,
1468 2268 1494 2297 et
1524 2266 1666 2304 expiabis
1688 2266 1771 2303 illos,
1806 2266 1970 2305 offeresque
1991 2276 2039 2297 eos
2061 2266 2185 2298 oblatio-

1216 2319 1292 2339 nem.
1337 2309 1384 2339 16.
1412 2309 1493 2347 Quia
1515 2309 1590 2347 dati,
1613 2309 1679 2339 dati
1702 2309 1832 2347 inquam
1854 2312 1926 2340 sunt
1948 2309 2026 2340 milii
2049 2319 2064 2340 6
2086 2309 2185 2341 medio

1213 2352 1351 2391 filiorum
1371 2351 1473 2382 Israel
1489 2361 1549 2390 pro
1572 2352 1726 2390 aperiente
1748 2362 1863 2382 omnem
1886 2352 2018 2390 vulvam,
2037 2362 2097 2391 pro
2114 2353 2184 2392 pri-

1215 2395 1362 2433 mogenito
1388 2394 1525 2428 filiorum
1549 2394 1651 2425 Israel
1680 2395 1782 2433 accepi
1813 2405 1862 2425 cos
1884 2395 1971 2426 milii.
2017 2395 2065 2426 17.
2091 2395 2185 2427 Meus

1215 2439 1258 2467 est
1287 2437 1368 2467 enim
1398 2437 1498 2467 omnis
1521 2438 1747 2477 primoyenitus
1770 2437 1802 2467 iu
1823 2437 1901 2476 liliis
1925 2437 2027 2470 Israel
2049 2441 2113 2470 tam
2135 2438 2185 2469 ho-

1215 2480 1334 2510 miuum
1362 2489 1453 2518 quam
1486 2480 1702 2510 iumentorum:
1731 2490 1751 2510 a
1779 2480 1827 2510 (lie
1856 2491 1914 2519 quo
1931 2481 2075 2519 percussi
2098 2491 2185 2513 omne

859 2527 1008 2556 statutum
1024 2524 1165 2563 perpetu·
1210 2523 1450 2562 przfmoyenitam
1473 2523 1505 2552 in
1528 2525 1611 2553 terra
1634 2523 1781 2562 Aeyyptc',
1804 2524 1995 2562 sanetificavi
2017 2524 2074 2555 illa
2096 2525 2183 2557 mihi.

1218 2564 1264 2595 18.
1292 2565 1366 2604 Cepi
1384 2568 1485 2595 (tutem
1502 2565 1626 2596 Levitas
1644 2576 1704 2604 pro
1722 2566 1805 2596 omni
1825 2567 2026 2607 111-1310963110
2048 2568 2082 2598 in
2103 2567 2185 2607 filiis

1217 2608 1326 2638 Israel
1374 2608 1421 2639 19.
1447 2608 1487 2638 Et
1515 2608 1586 2639 dedi
1617 2608 1744 2639 chilas
1770 2609 1846 2639 dono
1873 2610 1961 2641 datos
1984 2609 2129 2641 Aharom
2157 2612 2185 2642 et

1213 2651 1292 2689 filiis
1310 2651 1377 2681 eius
1395 2662 1410 2681 6
1432 2651 1530 2682 medio
1550 2651 1688 2690 filiorum
1704 2651 1813 2689 Israel,
1837 2654 1870 2683 ut
1891 2652 2064 2693 funyantur
2085 2653 2184 2693 officio
