2304 3034
86 217 147 249 369

86 316 240 351 spretum.
287 310 438 341 Nascitur
461 315 567 341 tamen
591 308 749 349 quaesti0‚
780 307 938 346 quomodo
969 308 1046 338 haec

87 354 149 384 duo
183 354 393 388 conveniant,
432 363 522 393 reges
563 351 783 382 dominaturos
824 349 954 380 libidine
995 351 1045 380 vel

86 396 184 427 stulto
207 395 364 426 desiderio
383 396 500 435 populi,
521 400 551 424 et
577 399 683 424 tamen
699 402 835 432 regnum
849 392 953 432 ipsum
978 403 1046 423 csso

87 439 293 479 praecipuum
330 437 438 478 populi
474 437 584 473 decus,
623 435 788 475 singulare
826 435 948 473 gratiae
984 434 1045 465 Dei

87 482 212 521 pignus,
237 481 376 520 adeoque
406 480 518 510 salutis
548 483 580 508 et
610 477 723 517 plenae
747 476 917 508 felicitatis.
953 477 1044 507 Cele—

86 524 142 554 bre
165 528 214 554 est
244 523 433 554 vaticinium
464 520 574 552 Iacob:
605 520 676 550 Non
709 519 810 549 exibit
839 525 1003 560 sceptrum
1029 531 1044 550 e

87 565 167 596 Iuda
191 565 289 596 donec
313 564 423 595 veniat
445 563 513 594 Silo
536 562 632 603 (Gen.
657 562 707 599 49,
733 561 793 602 10).
832 561 926 593 Unde
946 572 1044 602 appa-

87 614 146 645 ret,
167 618 274 648 regem
289 605 546 646 incomparabilis
560 605 704 635 beneficii
718 604 795 641 loco,
811 604 882 634 filiis
896 604 1046 635 Abrahae

87 652 183 682 fuisse
208 650 406 690 promissum.
441 647 509 679 Cur
532 658 607 687 ergo
625 648 713 678 Deus
737 658 770 677 sc
795 656 858 677 non
883 647 957 678 facit
977 648 1045 677 eius

86 692 252 724 autorem?
287 690 497 730 Respondeo,
534 690 681 729 quamvis
714 689 771 720 Dei
803 689 972 720 eonsilium
1004 689 1043 719 ab

87 735 179 766 initio
202 734 311 765 fuisset
335 733 472 773 effigiem
493 732 616 763 Christi
640 733 672 762 in
699 731 823 762 Davide
847 742 1043 771 proponere:

87 779 160 818 quia
196 781 302 807 tamen
333 780 538 815 praepostera
565 774 727 805 festinatio
761 775 867 814 populi
899 774 1044 805 ordinem

86 821 177 851 illum
208 818 357 855 turbavit,
392 818 585 858 principium
630 818 718 857 regni
759 816 895 848 adscribi
935 827 1045 848 eorum

87 863 207 902 culpae,
231 871 307 901 quos
331 871 482 900 perversa
505 860 678 890 aemulatio
702 859 831 899 impulit
860 865 896 890 ut
927 860 1046 890 vellent

87 905 235 945 gentibus
258 913 325 934 esse
341 903 470 934 similes.
505 903 631 933 Deinde
645 902 773 933 videtur
796 902 943 933 consulto
959 903 1045 933 Deus

87 958 197 978 eorum
210 946 419 986 pervicaciam
444 951 580 981 notasse,
605 955 641 975 ac
662 945 687 976 si
712 944 861 975 dixisset:
886 944 1046 983 Quamvis

86 1000 193 1030 regem
224 988 360 1020 creando
396 987 434 1018 ad
471 993 582 1028 gentes
621 988 752 1028 propius
782 987 931 1026 accedas,
968 998 1046 1018 cave

89 1037 194 1063 tamen
219 1041 257 1061 ne
280 1041 431 1070 perversa
455 1030 614 1070 cupiditas
638 1036 668 1060 te
681 1040 814 1070 prorsus
837 1040 854 1060 a
879 1041 957 1061 vera
980 1031 1045 1070 pie·

89 1079 152 1106 tate
174 1073 318 1104 abducat.

173 1116 220 1147 15*
246 1115 459 1146 Constituendo
482 1116 646 1145 constitues
668 1125 762 1153 super
785 1118 810 1146 te
832 1126 940 1155 reycm.
976 1115 1046 1145 Pri-

88 1170 173 1190 mum
199 1159 286 1189 Deus
309 1158 367 1189 sibi
392 1159 423 1188 iu
449 1158 586 1188 creando
611 1168 685 1197 rege
709 1168 871 1188 summum
896 1158 945 1188 ius
970 1168 1045 1188 ven-

88 1201 185 1239 dicat,
221 1210 277 1231 nec
302 1211 366 1231 rem
393 1201 549 1239 permittit
582 1200 691 1240 populi
716 1200 895 1240 suffragiis:
932 1204 967 1230 ut
1001 1200 1046 1230 ita

87 1245 221 1284 castiget
240 1253 348 1273 eorum
364 1243 528 1273 audaciam
550 1243 604 1282 qui
619 1243 784 1282 praecipiti
798 1244 919 1282 impetu
938 1253 1045 1283 regem

86 1287 315 1326 postulassent:
347 1285 462 1316 deinde
486 1286 569 1316 sumi
593 1285 678 1316 iubet
703 1296 742 1316 ex
764 1286 833 1325 ipso
857 1286 989 1326 populo,
1015 1290 1046 1315 et

86 1329 280 1369 alienigenas
304 1327 454 1364 excludit,
474 1329 548 1367 quia
571 1328 746 1359 sifuissent
768 1328 908 1365 admissi,
934 1333 1046 1368 aperta

87 1376 156 1402 erat
180 1371 347 1402 defectioni
378 1372 483 1401 ianua.
530 1371 673 1410 Quisque
703 1372 788 1401 enim
819 1371 894 1401 deos
925 1372 1045 1411 patrios

87 1414 258 1445 obtrudere
281 1419 414 1445 conatus
445 1418 543 1445 esset:
574 1423 609 1444 ac
637 1414 780 1453 potentia
811 1413 927 1454 regali,
961 1414 989 1444 vi
1014 1418 1046 1444 et

87 1457 184 1487 minis
206 1467 357 1496 oppressa
380 1456 492 1486 fuisset
515 1467 590 1487 vera
614 1456 734 1496 religio.
780 1456 848 1494 En,
877 1467 933 1487 cur
958 1457 1046 1487 Deus

86 1510 199 1540 passus
224 1509 285 1529 non
310 1499 408 1529 fuerit
430 1499 560 1529 aliunde
582 1500 645 1539 peti
670 1509 778 1539 regem
800 1510 895 1538 quam
915 1509 954 1530 ex
979 1500 1046 1539 ipso

88 1542 237 1573 ecclesiae
260 1543 347 1572 sinu:
373 1547 406 1572 ut
430 1552 546 1582 purum
570 1541 708 1579 cultum,
741 1552 836 1581 quem
867 1553 885 1572 a
908 1542 1047 1582 pueritia

87 1584 263 1619 imbiberat.
287 1585 409 1615 foveret
434 1594 470 1614 ac
493 1590 648 1615 tueretur.

173 1628 221 1658 16.
260 1627 372 1657 Verum
405 1637 465 1658 non
494 1627 708 1666 multiplicabit
737 1627 797 1658 sibi
834 1637 932 1666 equos.
983 1627 1047 1658 Hic

86 1670 179 1701 certis
202 1669 319 1701 finibus
342 1670 615 1701 circumscribitur
639 1670 723 1709 regis
742 1674 897 1709 potestas:
924 1680 963 1700 ne
987 1670 1045 1699 im-

86 1712 164 1752 perii
190 1713 291 1753 gloria
315 1713 416 1743 fretus
440 1722 474 1742 se
498 1712 594 1743 nimis
618 1713 760 1743 extollat.
807 1713 935 1743 Scimus
959 1713 1046 1743 enim

87 1765 178 1795 quam
203 1755 414 1795 inexplebiles
438 1755 503 1785 sint
527 1765 638 1795 regum
654 1755 863 1794 cupiditates:
888 1755 962 1793 quia
986 1755 1046 1785 sibi

87 1797 212 1837 quidvis
235 1798 330 1829 licere
353 1798 490 1838 fingunt.
536 1797 757 1836 Quantumvis
780 1808 856 1837 ergo
878 1798 1047 1837 splendida

87 1841 127 1870 sit
150 1841 237 1881 regia
261 1840 416 1879 dignitas,
443 1851 505 1870 non
531 1840 600 1870 vult
624 1840 712 1871 Deus
742 1845 945 1880 praetextum
977 1850 1046 1871 esse

87 1883 261 1914 immensae
289 1884 464 1922 potentiae,
497 1883 551 1913 sed
584 1894 651 1913 eam
682 1883 720 1913 ad
755 1883 881 1914 civilem
914 1883 1044 1913 modum

88 1926 254 1964 restringit
277 1935 312 1956 ac
336 1930 505 1965 temperat:
537 1936 599 1965 qua
628 1930 704 1956 nota
735 1936 864 1956 rursum
892 1925 1046 1956 discernit

89 1978 177 2007 reges
208 1968 401 1999 Israeliticos
431 1979 449 1998 a
484 1968 636 2008 profanis
689 1975 728 2012 ΡἾ
761 1968 977 2003 adversativa
996 1976 1045 1999 est

87 2011 257 2050 particula,
287 2021 381 2050 quam
413 2011 466 2041 alii
499 2016 631 2041 vertunt
662 2011 900 2041 tantummodo:
933 2011 1042 2041 eodem

87 2052 152 2084 fere
176 2063 284 2084 sensu:
311 2055 384 2093 quia
408 2053 485 2084 haec
509 2054 656 2093 exceptio
681 2053 787 2084 addita
813 2054 870 2084 fuit
894 2053 933 2084 ad
956 2054 1042 2084 cohi-

88 2095 205 2126 bendos
229 2107 340 2136 regum
364 2097 511 2136 impetus.
548 2097 658 2127 Prima
682 2097 863 2136 prohibitio,
888 2107 928 2126 ne
951 2107 1045 2136 equo-

89 2148 158 2168 rum
184 2138 420 2169 multitudinem
447 2139 593 2179 colligat:
624 2138 678 2169 sed
701 2140 775 2178 quia
801 2139 845 2169 bis
878 2140 1044 2178 repetitur,

90 2180 259 2211 videndum
284 2187 330 2211 est
354 2192 415 2221 quo
439 2192 543 2212 sensu.
591 2182 688 2213 Multi
717 2182 762 2212 sic
791 2188 938 2212 vertunt:
971 2182 1042 2213 Nou

91 2223 262 2253 cumulabit
274 2224 332 2254 sibi
346 2234 452 2264 equos7
477 2235 534 2254 nec
548 2224 679 2255 reducet
692 2224 846 2264 populum
861 2225 893 2254 in
914 2225 1045 2265 Aegyp-

93 2270 158 2294 tum
192 2270 228 2295 ut
260 2267 399 2297 cumulet
434 2277 540 2307 equos.
595 2267 687 2305 Quae
718 2267 861 2306 loquutio
892 2267 972 2307 dura
996 2272 1045 2297 est

93 2310 186 2345 atque
214 2308 354 2340 obscura.
401 2309 500 2340 Porro
529 2320 626 2349 quum
658 2310 816 2349 particula
838 2310 912 2355 3320&
943 2310 1043 2350 signi-

94 2349 166 2378 ficet
188 2356 323 2388 propter,
346 2355 375 2382 et
399 2352 438 2382 ad
463 2353 593 2383 verbum
608 2353 771 2383 commode
789 2359 912 2383 vertere
937 2353 1044 2384 liceat:

94 2390 229 2430 Propter
252 2392 461 2433 multiplicare
484 2405 589 2434 equos,
614 2395 681 2425 vel:
714 2395 850 2435 Propter
873 2395 912 2425 ad
936 2395 1045 2426 multi-

95 2432 290 2472 plicandum:
321 2446 384 2465 non
407 2435 516 2467 dubito
537 2438 612 2476 quin
639 2438 726 2469 Deus
757 2438 795 2468 ab
826 2438 941 2469 effectu
971 2449 1045 2469 con-

95 2475 223 2505 demnet
246 2477 443 2508 immodicam
467 2489 618 2518 equorum
643 2485 798 2511 turmam:
824 2482 897 2520 quia
920 2486 1046 2520 poterat

96 2528 206 2564 ref-rum
237 2519 358 2550 animos
385 2521 530 2557 titillare,
564 2528 597 2552 ut
628 2523 779 2554 audacter
809 2524 1045 2563 expeditionem

95 2567 291 2599 susciperent
319 2567 427 2592 contra
453 2566 632 2604 Aegyptios.
679 2566 776 2596 Hunc
807 2566 905 2606 igitur
935 2567 1047 2606 genui·

95 2613 170 2649 num
188 2613 263 2650 ,εξ-ξεί)
286 2614 413 2634 sensum
436 2606 593 2644 existimo,
618 2619 657 2638 ne
681 2619 737 2639 rex
761 2620 856 2648 equos
878 2610 976 2639 nimia
999 2619 1048 2640 co-

95 2655 144 2684 pia
170 2646 227 2674 sibi
252 2653 420 2685 comparet,
444 2659 478 2679 ac
502 2660 550 2685 ne,
575 2650 629 2680 ubi
642 2651 822 2682 instructus
845 2652 940 2682 fuerit
964 2651 1045 2682 mul-

194 2694 302 2721 Calvini
315 2704 404 2729 opera.
442 2699 499 2724 Vol.
515 2699 627 2726 XXIV.

809 214 992 246 PRIMUM
1017 214 1335 247 PRAEOEPTUM.

2001 221 2063 252 370

1099 308 1140 338 tis
1164 309 1268 348 equis,
1304 310 1479 340 exereitum
1514 310 1610 341 ducat
1639 311 1671 341 in
1704 311 1897 352 Aegyptum.
1944 311 2060 352 Itaque

1099 351 1182 381 inter
1205 351 1267 382 alia
1290 352 1374 382 mala
1398 363 1476 392 qnae
1500 353 1575 383 oriri
1595 358 1726 393 possent
1745 364 1784 384 ex
1804 365 1958 394 equorum
1978 355 2060 386 mul-

1099 393 1245 429 titudine,
1272 394 1330 425 boc
1353 401 1582 426 commemorat
1612 396 1735 434 Moses,
1766 397 1850 436 quod
1880 397 1965 437 regis
1989 398 2057 428 ani-

1099 446 1168 465 mus
1191 436 1357 467 inflabitur
1380 437 1545 477 superbia,
1576 442 1611 468 ut
1640 440 1799 479 irrumpat
1821 450 1893 471 cum
1918 440 2058 479 equestri

1098 479 1239 509 exercitu
1263 479 1294 509 in
1321 481 1514 520 Aegyptum.
1560 481 1627 511 Iam
1653 482 1818 520 quaeritur
1841 493 1898 513 cur
1916 483 2058 514 vetuerit

1098 520 1186 551 Deus
1211 521 1362 560 populum
1392 522 1448 553 illa
1478 523 1529 553 via
1559 523 1672 554 redire.
1719 524 1858 563 Quidam
1882 530 2058 565 exponunt,

1098 573 1195 602 equos
1231 565 1326 594 fnisse
1360 571 1485 604 emptos
1518 571 1630 596 contra
1666 567 1724 597 Dei
1758 567 1963 605 mandatum,
2003 568 2057 608 qui

1097 606 1326 637 commercium
1347 607 1408 637 tale
1432 612 1595 639 vetuerat:
1626 609 1708 648 quod
1737 619 1800 640 non
1833 610 1959 641 videtur
1982 621 2057 641 con·

1097 654 1295 679 seutaneum.
1338 650 1401 679 Alii
1426 650 1624 689 prohibitum
1649 651 1746 682 fuisse
1770 653 1922 692 populum
1946 653 2057 683 existi-

1097 696 1186 720 mant
1216 702 1233 721 a
1257 693 1396 721 transitu
1421 692 1547 729 deserti,
1583 704 1622 723 ne
1646 704 1704 724 sua
1727 695 1913 726 curiositate
1936 696 2056 736 ingrati

1098 739 1206 763 essent
1236 733 1322 764 Deo:
1354 734 1437 773 quod
1468 735 1563 765 etiam
1589 736 1680 776 longe
1711 738 1846 776 petitum
1871 743 1927 768 est.
1974 738 2057 769 Mihi

1099 780 1204 805 autem
1230 776 1392 815 probabile
1422 777 1566 814 videtur,
1596 778 1666 809 ideo
1699 779 1833 810 vetitum
1864 780 1927 810 illis
1957 780 2057 812 fuisse

1099 818 1160 848 iter
1193 818 1271 848 illud
1302 824 1337 848 ut
1367 819 1564 851 liberationis
1588 831 1744 853 memores
1775 823 1919 853 contenti
1950 828 2058 854 essent

1099 861 1164 891 suis
1189 860 1315 891 finibus.
1361 861 1473 901 Erepti
1509 873 1524 892 e
1555 863 1640 894 mille
1669 865 1824 896 mortibus
1853 865 1996 896 fuerant:
2030 865 2058 896 si

1098 903 1173 933 illuc
1193 910 1305 943 sponte
1325 903 1455 942 profecti
1477 910 1586 935 essent
1610 906 1648 935 ad
1676 906 1800 937 hostem
1825 908 2057 946 lacessendum,

1099 945 1292 976 confidentia
1322 946 1448 986 signum
1479 947 1591 978 fuisset
1623 954 1823 989 contemptae
1853 960 1888 981 ac
1915 951 2058 990 sepultae

1100 988 1162 1018 Dei
1186 989 1317 1027 gratiae.
1364 989 1451 1028 Ergo
1471 995 1505 1019 ut
1525 991 1677 1021 memoria
1697 992 1927 1031 redemptionis
1947 1004 2057 1024 eorum

1099 1031 1215 1061 animis
1238 1037 1382 1061 maneret
1403 1032 1652 1070 penitusinfixa,
1675 1034 1776 1065 voluit
1795 1035 1885 1066 Deus
1908 1036 1976 1067 suis
1999 1036 2059 1066 mi-

1101 1074 1218 1103 raculis
1249 1073 1335 1104 bunc
1367 1074 1518 1104 honorem
1549 1075 1643 1106 tribui
1676 1080 1710 1106 ut
1731 1077 1797 1108 loca
1828 1077 1882 1108 illa
1905 1083 2057 1118 tanquam

1100 1116 1213 1146 mortis
1235 1116 1366 1156 abyssos
1389 1117 1545 1156 fugerent.
1570 1118 1641 1148 Nisi
1664 1119 1746 1149 forte
1769 1119 1847 1151 haec
1870 1130 1965 1151 causa
1988 1131 2059 1160 pro-

1100 1158 1200 1195 betur,
1221 1160 1395 1198 praecisam
1410 1159 1507 1189 fuisse
1520 1170 1630 1191 ansam
1644 1161 1750 1201 impiis
1769 1162 1959 1200 foederibus,
1976 1174 2059 1203 quae

1101 1201 1245 1231 videmus
1268 1201 1337 1231 ideo
1361 1201 1458 1232 fuisse
1482 1202 1632 1233 audac-ter
1654 1209 1825 1241 contracta,
1856 1205 1938 1245 quod
1964 1217 2056 1246 reges

1099 1244 1268 1274 Israelitici
1293 1244 1419 1284 gloriati
1444 1245 1508 1274 sint
1531 1256 1564 1275 se
1588 1256 1740 1285 equorum
1764 1247 1853 1287 copia
1882 1248 2055 1280 abundare.

1100 1286 1163 1317 Sed
1186 1287 1274 1326 prior
1305 1287 1461 1326 expositio
1492 1287 1606 1318 melius
1629 1289 1772 1328 quadrat.
1833 1290 1990 1322 3aeterum
2015 1302 2056 1323 ne

1100 1328 1138 1358 ab
1166 1329 1293 1368 optimis
1323 1329 1450 1368 quidem
1482 1330 1610 1370 regibus
1639 1331 1690 1361 lex
1720 1332 1797 1362 haec
1827 1337 1956 1364 servata
1984 1334 2054 1365 fuit.

1099 1371 1193 1402 Unde
1217 1378 1356 1412 apparet.
1381 1373 1435 1402 vix
1459 1382 1550 1411 posse
1574 1373 1646 1404 ullis
1671 1374 1789 1405 fraenis
1815 1386 1926 1415 regum
1957 1376 2055 1407 licen-

1099 1414 1175 1445 tiam
1200 1425 1235 1444 ac
1258 1414 1375 1445 fastum
1400 1415 1575 1454 comprimi.

1186 1457 1233 1487 17.
1260 1457 1364 1496 Neque
1387 1457 1598 1496 ›nultiplicabit
1619 1458 1678 1489 sibi
1700 1469 1818 1490 uxores.
1852 1460 1960 1500 Vulgo
1977 1466 2055 1493 tunc

1099 1499 1281 1530 obtinuerat
1305 1500 1494 1540 polygamia,
1519 1506 1552 1530 ut
1577 1501 1728 1532 minimus
1751 1502 1885 1542 quisque
1905 1514 1943 1534 ex
1964 1503 2055 1543 plebe

1099 1543 1238 1582 coniugii
1269 1542 1362 1573 fidem
1387 1553 1498 1573 secure
1522 1543 1666 1574 violaret.
1713 1543 1786 1582 Quo
1816 1545 1951 1576 arctiore
1982 1547 2053 1577 vin-

1098 1584 1170 1615 culo
1194 1596 1286 1625 reges
1309 1586 1485 1626 constringi
1510 1586 1657 1624 oportuit,
1693 1597 1732 1617 ne
1756 1597 1812 1617 suo
1836 1588 1983 1628 exemplo
2006 1589 2055 1620 in-

1099 1628 1313 1658 continentiae
1351 1628 1492 1658 habenas
1527 1628 1680 1659 laxarent.
1734 1628 1842 1669 Atque
1882 1630 1928 1660 ita
1968 1632 2057 1663 nullo

1099 1671 1227 1710 negotio
1255 1670 1412 1701 refellitur
1441 1681 1551 1701 eorum
1582 1671 1709 1702 inscitia
1736 1672 1789 1711 qui
1812 1673 1967 1713 colligunt
1990 1674 2056 1714 pri-

1102 1714 1185 1743 vatis
1211 1713 1394 1743 bominibus
1424 1714 1520 1744 fuisse
1551 1713 1673 1744 licitum
1697 1714 1779 1753 quod
1804 1715 1985 1754 specialiter
2006 1727 2056 1747 re-

1098 1756 1191 1794 gibus
1223 1756 1435 1792 interdicitur,
1469 1766 1565 1795 quum
1600 1755 1670 1787 ideo
1702 1757 1778 1796 ipsis
1812 1757 1863 1787 lex
1898 1759 2056 1790 castitatis

1098 1799 1195 1828 fuerit
1218 1798 1351 1835 indicta,
1382 1800 1455 1838 quia
1475 1799 1544 1829 sine
1567 1798 1625 1829 hoc
1648 1798 1789 1830 remedio
1812 1800 1920 1831 nullus
1944 1801 2056 1832 fuisset

1097 1841 1212 1871 modus
1232 1841 1389 1872 lasciviae.
1416 1841 1506 1872 Adde
1527 1841 1606 1880 quod
1627 1842 1761 1881 populus
1780 1842 1904 1882 ingenti
1923 1848 2055 1883 sumptu

1095 1889 1250 1924 gravatus
1274 1884 1401 1914 fnisset:
1433 1885 1521 1924 quia,
1553 1887 1587 1914 ut
1616 1884 1678 1914 fert
1708 1884 1879 1915 mulierum
1911 1885 2054 1925 ambitio,

1097 1926 1249 1966 regaliter
1283 1937 1393 1957 omnes
1427 1927 1555 1957 tractari
1591 1926 1777 1962 voluissent,
1813 1931 1843 1957 et
1878 1933 2055 1959 certassent

1097 1970 1194 1999 etiam
1219 1969 1367 1999 lautitiis:
1399 1969 1489 2000 sicuti
1521 1969 1664 2009 contigit.
1715 1968 1808 2008 Quod
1840 1969 1922 2001 hanc
1952 1971 2054 2011 legem

1096 2019 1317 2051 transgressus
1341 2016 1389 2042 est
1410 2011 1532 2042 David:
1564 2011 1668 2051 aliqua
1699 2022 1737 2042 ex
1762 2016 1851 2052 parte
1876 2013 1936 2043 fuit
1960 2023 2054 2045 excu-

1097 2054 1204 2085 sabilis
1240 2060 1368 2094 propter
1402 2054 1569 2094 repudium
1605 2054 1738 2085 Michol:
1779 2059 1911 2094 apparet
1945 2060 2054 2087 tamen

1096 2097 1261 2127 libidinem
1292 2097 1362 2136 plus
1397 2096 1480 2136 apud
1504 2107 1575 2127 eum
1600 2096 1738 2127 valuisse
1761 2108 1854 2136 quam
1877 2099 2055 2138 praescrip-

1097 2146 1161 2170 tam
1187 2151 1205 2170 a
1228 2139 1297 2170 Deo
1321 2140 1561 2170 continentiam.
1608 2138 1698 2177 Quod
1731 2140 1890 2178 sequitur,
1925 2141 2054 2180 quidam

1096 2183 1141 2213 ita
1173 2187 1350 2213 contexunt
1384 2193 1418 2213 ac
1452 2183 1477 2212 si
1508 2183 1589 2212 ratio
1619 2186 1701 2212 esset
1731 2183 1894 2221 proximae
1925 2188 2054 2214 senten-

1097 2226 1174 2255 tiae:
1205 2225 1263 2255 lioc
1291 2235 1405 2262 sensu,
1441 2235 1501 2255 non
1526 2235 1593 2255 esse
1616 2223 1775 2255 ducendas
1798 2235 1816 2254 a
1840 2234 1914 2264 rege
1945 2225 2053 2264 plures

1097 2278 1222 2305 uxoreS,
1253 2279 1290 2297 nc
1320 2278 1374 2298 cor
1401 2268 1468 2298 eius
1497 2278 1514 2297 a
1542 2271 1627 2297 recto
1657 2267 1817 2297 deflectat:
1849 2267 1932 2306 quod
1963 2267 2054 2299 Solo-

1096 2311 1181 2341 moni
1205 2310 1348 2349 contigit.
1393 2310 1474 2340 Nam
1501 2310 1575 2340 dum
1596 2314 1643 2340 est
1666 2310 1799 2339 nimium
1822 2310 1962 2346 uxorius,
1987 2311 2053 2342 ille-

1096 2353 1199 2384 cebris
1223 2353 1393 2383 mulierum
1420 2352 1579 2392 deceptus,
1615 2352 1745 2383 descivit
1766 2352 1804 2381 ad
1830 2351 2052 2385 idololatriam.

1097 2397 1139 2427 Et
1162 2400 1247 2426 certe
1272 2396 1326 2426 vix
1351 2395 1419 2425 fieri
1444 2400 1554 2434 potest,
1580 2394 1655 2424 dum
1680 2394 1786 2433 plures
1810 2405 1926 2425 uxores
1946 2395 2051 2427 virum

1096 2449 1196 2469 unum
1227 2438 1388 2473 obsident,
1418 2438 1492 2476 quin
1524 2438 1592 2467 eius
1621 2437 1762 2467 animum
1788 2437 1990 2475 effeminent,
2022 2443 2054 2469 et

1096 2482 1255 2511 suffocent
1285 2480 1437 2520 quidquid
1473 2481 1504 2510 in
1539 2480 1608 2519 ipso
1638 2484 1686 2509 est
1716 2479 1819 2509 virilis
1852 2479 2052 2518 prudentiae.

1097 2525 1166 2563 Ego
1196 2528 1302 2553 tamen
1326 2534 1467 2553 scorsum
1492 2523 1634 2562 accipere
1657 2521 1749 2558 malo,
1783 2522 1960 2552 cavendum
1985 2534 2054 2555 esse

1097 2567 1226 2604 regibus
1250 2576 1289 2596 ue
1312 2577 1421 2596 sanam
1445 2571 1582 2595 mentem
1607 2564 1638 2594 in
1658 2564 1736 2603 ipsis
1748 2564 1934 2594 obtenebret
1948 2565 2053 2606 digni-

1099 2604 1173 2639 tatis
1214 2609 1373 2648 splendor.
1438 2608 1524 2638 Nihil
1564 2607 1648 2637 enim
1691 2606 1852 2637 difficilius
1891 2617 1984 2646 quam
2019 2609 2053 2640 in

1099 2662 1217 2691 magna
1258 2652 1400 2690 potentia
1440 2651 1669 2689 temperantiae
1710 2659 1840 2679 manere
1877 2648 2053 2683 addictum.

1825 2698 1858 2725 24
