2304 3034
103 215 162 247 541

105 307 215 339 eodem
239 315 336 338 sensu
358 314 445 335 nunc
463 301 596 333 verbum
620 305 683 331 ΠΒἾ
703 297 787 338 quod
807 301 972 368 acceptius?
992 306 1063 326 esse
1088 324 1090 342 :

746 345 852 380 ponit,
884 349 944 378 quo
999 348 1062 368 non
1088 349 1090 367 π

1088 379 1090 382 ’
1116 381 1272 412 testiculi:
1297 381 1351 411 sed
1376 390 1530 411 verrucas
1552 379 1649 410 etiam
1676 384 1707 409 et
1724 379 1946 421 impetiginem
1965 386 1997 411 et
2016 381 2079 411 alia

105 350 273 390 significat,
297 357 383 378 nunc
406 355 480 377 vero
504 353 615 374 nomen
652 347 714 387 ῙῚΒἾ

103 397 208 433 potest
232 391 292 422 nisi
311 390 348 420 ad
362 389 421 420 Dei
440 387 579 418 favorem
600 383 727 414 referri:
753 382 835 422 quod
852 381 949 421 vulgo
967 380 1061 411 bene-

105 435 257 476 placitum
282 432 405 463 dicitur.
451 427 574 459 Deinde
597 426 690 457 sicuti
715 425 775 455 hoc
798 424 866 455 loco
890 423 1062 464 composite

107 477 223 508 dicitur
246 467 372 508 0:234),
401 473 444 502 ita
466 469 561 510 paulo
584 474 656 509 post
679 467 851 499 subiicitur
879 466 941 498 0:⁸7

106 519 161 550 ubi
184 517 356 549 denunciat
379 525 439 544 non
464 516 530 543 fore
552 511 616 542 illis
640 511 672 541 in
692 509 944 549 acceptationem
965 508 1062 538 muti—

107 562 169 592 lam
190 560 335 596 hostiam,
353 557 426 596 quia
439 555 507 586 Deo
527 558 706 593 respuetur.
732 551 867 583 Summa
886 551 986 591 igitur
1005 555 1062 587 est,

108 604 134 635 si
157 603 286 643 cupiant
308 601 376 631 Deo
403 597 530 638 probari
561 606 635 627 suas
659 595 851 629 oblationes,
883 592 1062 624 cavendum

107 656 176 677 esse
198 655 239 676 ne
260 641 334 683 quid
356 641 427 671 vitii
450 640 492 671 sit
514 638 698 670 admistum.
734 637 926 676 Quanquam
946 636 973 667 si
992 636 1063 675 quis

107 687 280 729 gratuitum
303 685 440 715 favorem
462 681 599 721 exprimi
617 680 696 711 velit
714 679 905 719 beneplaciti
926 679 1062 715 nomine,

108 730 242 761 libenter
264 726 409 758 admitto:
441 723 700 764 quandoquidem
731 733 794 753 non
818 721 912 752 aliter
935 721 1062 760 placent

106 773 175 804 Deo
198 775 305 801 nostra
326 768 444 804 officia,
476 767 536 797 nisi
561 770 736 806 quatenus,
761 775 818 804 pro
847 768 981 803 paterna
1005 773 1062 793 sua

106 813 318 854 indulgentia,
349 810 486 850 pretium
518 819 579 848 quo
610 808 743 838 minime
774 807 872 847 digna
901 812 977 837 sunt
1005 805 1062 836 tri-

106 857 202 888 buere
242 854 399 894 dignatur.
463 851 593 882 Interea
637 858 744 880 tamen
790 849 952 880 discamus
998 859 1061 878 non

107 909 174 931 esse
196 908 266 929 cum
290 897 357 927 Deo
379 894 567 930 ludendum,
592 892 646 924 sed
670 893 796 933 integro
819 896 851 922 et
873 892 996 922 sincero
1020 891 1063 921 as-

106 943 189 973 fectu
211 940 255 972 sic
276 937 442 970 colendum
467 947 535 968 esse
558 940 595 967 ut
616 936 685 966 eius
709 934 907 974 beneplacito
931 944 1062 974 respon-

107 983 201 1014 deant
219 987 328 1013 nostra
346 979 510 1011 sacrificia.
535 979 621 1010 Hinc
635 979 730 1009 ctiam
746 985 811 1008 tam
825 987 938 1008 secura
957 977 1062 1007 cultus

106 1027 172 1057 eius
190 1023 376 1065 profanatio,
395 1022 470 1062 quia
482 1032 546 1052 non
562 1021 639 1052 satis
653 1025 838 1051 reverenter
851 1019 1063 1059 expendimus

105 1067 179 1109 quid
208 1068 274 1098 eius
303 1065 490 1105 perfectioni
522 1063 721 1103 respondeat.
769 1062 903 1094 Certum
935 1062 1063 1102 quidem

105 1109 249 1142 estnihil
273 1118 364 1149 posse
389 1119 407 1138 a
431 1107 521 1138 nobis
545 1106 703 1146 proficisci
727 1106 814 1136 omni
836 1116 875 1135 ex
896 1110 986 1145 parte
1006 1116 1063 1144 pu-

105 1163 188 1184 rum:
213 1151 266 1182 sed
290 1151 468 1190 aspiremus
492 1149 604 1181 saltem
629 1159 691 1188 quo
715 1147 814 1185 decet,
838 1158 873 1179 ac
897 1158 1064 1188 gemamus

105 1194 245 1227 studium
269 1199 412 1224 nostrum
437 1192 533 1232 longe
557 1202 575 1222 a
598 1202 655 1222 suo
677 1192 740 1222 fine
765 1191 893 1226 distare,
918 1196 955 1221 ut
981 1190 1063 1229 quod

103 1237 191 1268 nobis
220 1236 322 1272 deest,
355 1235 507 1267 Christus
537 1234 643 1274 gratia
672 1243 729 1264 sua
762 1233 925 1272 suppleat:
963 1244 1064 1273 neque

103 1280 186 1311 enim
211 1279 340 1310 dubium
365 1283 426 1315 est,
450 1277 543 1309 modo
567 1277 723 1308 sacrificia
747 1282 857 1307 nostra
880 1286 974 1306 verae
999 1277 1065 1307 sint

102 1321 354 1362 regenerationis
374 1321 502 1358 fructus,
529 1320 605 1360 quin
625 1330 734 1350 eorum
753 1318 894 1349 maculas
913 1329 971 1349 suo
991 1329 1062 1349 san-

101 1365 199 1406 guine
220 1364 393 1403 abstergat.

187 1407 235 1438 23.
259 1405 301 1437 Et
323 1406 432 1442 bovem,
457 1408 483 1436 et
498 1414 592 1444 pecus
610 1404 810 1443 superfluum.
836 1404 993 1443 Exceptio
1012 1403 1064 1435 hic

103 1449 280 1491 poniturin
294 1449 480 1489 spontaneis
499 1447 731 1478 oblationibus:
755 1446 820 1477 illic
839 1446 923 1477 enim
945 1447 1063 1477 animal

103 1492 156 1524 vel
178 1492 342 1532 pusillum,
377 1491 427 1522 vel
450 1491 540 1522 cuius
564 1490 742 1520 membrum
769 1493 970 1520 contractum
994 1490 1064 1527 erit,
1089 1507 1092 1515 ι

104 1535 154 1566 vel
179 1537 295 1566 iustum
319 1533 449 1565 modum
473 1532 614 1570 excedet,
639 1542 702 1562 non
728 1532 877 1572 repudiat
900 1532 998 1563 Deus.
1022 1533 1066 1563 Et

104 1582 187 1609 certe
219 1577 270 1608 ubi
300 1577 387 1616 quis,
418 1586 520 1616 neque
544 1580 634 1611 voto,
659 1584 763 1614 neque
787 1574 849 1605 alia
873 1575 1065 1606 necessitate

104 1620 272 1651 obstrictus·
295 1624 352 1657 est,
376 1619 479 1650 maior
503 1618 595 1649 debet
620 1628 688 1648 esse
708 1617 848 1648 libertas.
875 1617 1064 1649 Tenendum

104 1670 210 1694 tamen
233 1667 281 1693 est
303 1662 426 1692 nullam
452 1661 614 1692 victimam
641 1659 710 1691 Deo
733 1659 860 1699 probari
886 1671 966 1700 quae
986 1661 1066 1691 vitio

103 1705 233 1736 notabili
257 1705 388 1735 laboret.

187 1747 235 1778 25.
260 1747 308 1779 De
325 1757 420 1778 manu
439 1748 538 1777 cautem
560 1745 758 1785 alienigenae.
783 1746 846 1777 Hic
866 1750 955 1777 vetat
976 1746 1065 1776 Deus

106 1790 250 1821 victimas
274 1789 447 1826 eiusmodi,
482 1789 529 1819 vel
561 1789 599 1819 ab
624 1789 767 1819 externis
790 1794 913 1828 emptas
937 1789 995 1819 sibi
1020 1789 1066 1819 of-

105 1833 189 1870 ferri,
219 1843 398 1873 quanquam
422 1831 563 1862 Hebraei
588 1831 753 1861 diversum
778 1841 907 1862 sensum
932 1831 1066 1862 fabrica-

106 1880 190 1913 runt,
214 1886 251 1906 ne
275 1875 314 1906 ab
338 1874 500 1906 extraneis
523 1873 650 1913 quidem
676 1874 858 1913 recipienda
881 1885 950 1904 esse
969 1874 1066 1904 sacri—

106 1918 178 1949 ficia
199 1928 277 1958 quae
300 1918 339 1949 ab
362 1918 439 1958 ipsis
464 1917 614 1948 ecclesiae
634 1916 708 1947 filiis
727 1916 835 1947 offerri
856 1927 917 1947 non
940 1916 1064 1948 licebat.

108 1959 274 1991 Caeterum
310 1960 384 2001 quia
419 1970 551 2000 prorsus
589 1970 607 1990 a
635 1960 732 1990 saeris
767 1959 981 1990 oblationibus
1014 1960 1064 1990 lex

107 2002 233 2034 arcebat
260 2008 373 2044 gentes
402 2001 602 2040 immundas,
635 2002 846 2040 excogitanda
876 2001 981 2033 adhuc
1004 2002 1066 2033 fuit

107 2045 220 2076 solutio
253 2046 347 2077 huius
371 2045 454 2076 nodi.
500 2045 624 2075 Volunt
655 2044 762 2084 itaque
791 2044 987 2085 alienigenas
1013 2055 1063 2075 vo—

106 2088 179 2125 cari,
203 2089 255 2128 qui
279 2088 452 2119 observant
474 2093 643 2127 praecepta
667 2087 804 2118 filiorum
831 2088 916 2125 Noe,
951 2098 1064 2127 nempe

107 2131 157 2169 qui
177 2129 280 2161 Deum
305 2130 516 2168 benedicunt,
546 2140 604 2160 nec
628 2141 661 2160 se
685 2130 906 2160 contaminant
927 2130 1064 2167 incestu,

107 2171 267 2204 abstinent
289 2173 327 2203 ab
351 2173 507 2204 effusione
526 2172 696 2212 sanguinis
715 2172 858 2209 humani,
883 2177 913 2203 et
933 2173 1063 2213 rapinis,

110 2219 141 2245 et
181 2215 264 2245 idola
296 2226 359 2246 non
395 2215 546 2246 adorant:
588 2215 640 2246 sed
682 2220 843 2255 repugnat
882 2220 1064 2247 contextus:

110 2257 182 2295 quia
203 2257 234 2287 in
257 2258 319 2288 fine
345 2258 471 2289 subiicit
501 2258 625 2295 Moses,
656 2268 719 2288 non
751 2262 879 2297 accepta
906 2259 972 2289 fore
995 2257 1065 2289 Deo

111 2298 291 2330 huiusmodi
319 2301 472 2332 sacrificia
510 2310 567 2340 pro
598 2301 675 2340 ipsis
706 2300 851 2330 Iudaeis:
888 2301 969 2340 quod
1002 2312 1063 2331 non

112 2342 277 2372 conveniet
300 2343 326 2372 si
359 2348 470 2383 gentes
499 2344 586 2383 ipsae
619 2343 764 2373 offerant.
817 2343 954 2373 Videtur
988 2354 1064 2384 ergo

112 2383 189 2413 mihi
213 2385 409 2417 confirmatio
433 2396 501 2417 esse
523 2386 699 2425 superioris
724 2385 894 2421 doctrinae,
918 2396 975 2425 per
998 2397 1064 2416 mo—

113 2425 187 2456 dum
212 2428 423 2466 occupationis
446 2429 563 2468 posita:
597 2428 697 2458 videri
730 2429 813 2458 enim
838 2433 965 2467 poterat
988 2428 1064 2459 tole—

111 2467 220 2498 rabilis
242 2468 368 2509 oblatio,
386 2471 412 2501 si
431 2471 559 2508 animal,
578 2471 724 2510 quamvis
744 2471 906 2508 mutilum,
931 2472 1067 2511 pecunia

112 2515 218 2541 tamen
243 2511 402 2543 emissent.
447 2514 542 2553 Atqui
567 2513 761 2554 pronunciat
785 2514 883 2551 Deus,
914 2513 997 2552 quod
1021 2514 1067 2544 fas

112 2563 176 2583 non
201 2557 267 2583 erat
297 2564 336 2584 ex
364 2556 496 2595 propriis
527 2556 628 2587 caulis
652 2555 804 2592 educere,
834 2555 935 2586 nihilo
966 2556 1068 2596 magis

113 2594 239 2634 probari
272 2596 297 2626 si
331 2597 430 2636 pretio
458 2605 677 2638 comparatum
708 2598 818 2635 fuerit,
850 2598 923 2638 quia
954 2599 1068 2629 vitium

114 2648 238 2677 semper
263 2637 433 2678 displiceat.
476 2640 588 2681 Neque
611 2641 671 2672 hoc
695 2641 732 2671 ad
758 2641 940 2680 proximum
969 2651 1068 2672 mem-

793 202 1045 236 SECUNDUM
1068 201 1383 234 PRAEOEPTUM.

970 458 1062 509 psa&
1088 456 1090 488 ἶ

2014 202 2077 233 542

1116 296 1209 326 brum
1233 295 1403 336 restringo,
1428 295 1510 326 sicut
1532 294 1595 325 illi:
1620 305 1655 324 ac
1675 295 1701 324 si
1721 305 1825 325 sermo
1849 300 1933 326 esset
1953 300 2078 326 tantum

1116 337 1154 368 de
1189 337 1381 369 animalibus
1415 337 1579 374 castratis,
1615 337 1663 367 vel
1700 337 1814 376 quibus
1848 339 1972 369 contusi
2002 343 2078 369 sunt

1115 423 1194 454 vitia
1222 423 1317 453 simul
1348 422 1593 462 comprehendo.
1638 421 1708 452 Iam
1740 432 1802 461 quo
1833 423 1904 463 plus
1927 423 2078 463 ponderis

1116 465 1233 495 habeat
1265 465 1457 505 prohibitio,
1497 466 1615 495 iterum
1651 465 1806 495 sacrificia
1840 470 1932 497 vocat
1962 476 2079 506 panem

1116 507 1193 538 Dei:
1220 519 1283 538 non
1309 507 1391 547 quod
1412 507 1512 544 Deus,
1537 508 1590 547 qui
1614 507 1686 537 fons
1710 507 1796 538 vitae
1820 514 1884 545 est,
1903 508 1972 539 cibo
1995 508 2078 539 indi-

1116 555 1204 590 geat:
1235 551 1284 581 vel
1315 549 1397 590 quod
1426 561 1522 581 carne
1552 549 1754 589 corruptibili
1786 555 1954 590 vescatur,
1980 561 2079 591 quum

1116 593 1157 623 sit
1180 593 1312 632 spiritus
1332 597 1496 624 aeternus:
1524 593 1577 623 sed
1603 603 1663 633 quo
1687 593 1806 623 maiore
1825 592 1993 633 diligentia
2012 599 2080 624 stu—

1117 635 1212 666 deant
1235 635 1382 666 bomines
1405 645 1494 666 sacra
1521 636 1581 666 rite
1605 645 1768 675 peragere,
1793 635 1824 666 in
1849 636 1964 675 quibus
1987 636 2079 667 fami—

1115 677 1238 708 liariter
1258 677 1295 708 ad
1317 678 1422 708 Deum
1447 677 1611 709 accedunt.
1636 676 1729 716 Quod
1749 678 1775 708 si
1795 678 1931 718 principi
1951 683 2079 709 terreno

1116 720 1220 751 cibum
1246 719 1400 750 foetidum
1426 720 1475 751 vel
1499 725 1686 760 corruptum
1711 719 1881 752 obtrudere
1905 731 1998 751 nemo
2021 731 2078 751 au-

1116 762 1220 801 deret,
1245 763 1346 793 multo
1378 763 1486 793 minus
1506 763 1672 794 tolerabile
1692 767 1740 794 est
1758 774 1900 795 mensam
1921 764 1983 795 Dei
2003 763 2079 795 ullis

1116 806 1204 836 vitiis
1224 805 1441 845 coinquinare.

1406 974 1469 1005 EX
1493 974 1626 1006 DEUT.
1650 974 1783 1006 XXIII.

1204 1060 1242 1091 18
1259 1060 1290 1102 ¹).
1317 1060 1385 1091 Non
1414 1060 1526 1099 offeres
1548 1059 1714 1091 mercedem
1737 1061 1923 1100 meretricis,
1943 1070 1995 1091 nec
2011 1070 2083 1100 pre-

1117 1104 1194 1134 rium
1223 1104 1311 1134 canis
1333 1103 1366 1133 in
1389 1102 1512 1134 domum
1537 1102 1665 1133 Ielzooae
1689 1103 1749 1135 Dei
1781 1104 1840 1141 tui,
1864 1114 1925 1142 pro
1952 1113 2083 1143 quocun-

1116 1156 1174 1184 que
1202 1148 1281 1177 coto:
1309 1146 1385 1185 quia
1417 1145 1605 1176 abominatio
1630 1144 1758 1176 Iehovae
1791 1144 1853 1176 Dei
1886 1147 1931 1177 tui
1964 1148 2083 1177 utrum-

1116 1199 1172 1227 que
1194 1191 1245 1220 est.

1204 1274 1252 1304 18.
1286 1273 1356 1304 Non
1385 1273 1499 1312 offeres.
1543 1272 1615 1303 Hoc
1646 1271 1833 1303 mandatnm
1865 1272 2083 1312 superioribus

1118 1317 1214 1347 affine
1237 1321 1294 1353 est,
1318 1316 1392 1355 quia
1407 1316 1495 1346 Deus
1520 1314 1674 1355 quidquid
1694 1319 1821 1355 partum
1846 1321 1893 1345 est
1917 1315 2028 1345 illicito
2053 1318 2084 1344 et

1120 1359 1204 1399 turpi
1217 1364 1351 1399 quaestu
1366 1357 1549 1398 repudians,
1570 1356 1736 1389 colendam
1751 1358 1784 1388 in
1804 1358 1903 1389 sacris
1923 1367 2082 1388 summam

1118 1403 1299 1433 castitatem
1330 1401 1433 1432 docet:
1463 1411 1522 1432 nec
1552 1400 1654 1431 solum
1685 1400 1787 1431 reiicit
1817 1401 1957 1440 pretium
1982 1409 2083 1429 mere-

1119 1445 1216 1482 tricis,
1241 1443 1295 1475 sed
1319 1444 1415 1474 etiam
1440 1444 1537 1480 canis,
1563 1454 1603 1474 nc
1626 1444 1780 1474 sanctitas
1804 1443 1915 1474 altaris
1938 1442 2004 1473 ulla
2026 1442 2084 1471 im-

1118 1498 1200 1527 pura
1223 1486 1383 1517 oblatione
1406 1486 1578 1526 polluatur.
1624 1485 1818 1526 Quanquam
1843 1485 1973 1516 videtur
1995 1484 2084 1516 canis

1118 1540 1194 1570 prae
1228 1529 1298 1559 aliis
1333 1529 1524 1560 animalibus
1556 1529 1642 1560 reiici
1673 1528 1711 1559 ob
1741 1532 1979 1568 contemptum:
2007 1537 2083 1557 nam

1119 1583 1207 1603 suem
1235 1572 1402 1602 immolare
1432 1571 1564 1611 perinde
1593 1571 1684 1602 nefas
1711 1570 1773 1602 fuit
1796 1582 1831 1602 ac
1855 1581 1981 1608 canem,
2010 1579 2084 1609 pre-

1119 1615 1199 1645 tium
1238 1620 1345 1645 tamen
1382 1614 1449 1645 suis
1484 1614 1600 1644 offerre
1631 1613 1731 1645 licuit.
1784 1614 1872 1654 Ergo
1902 1613 1989 1645 canis
2018 1622 2083 1642 non

1118 1657 1212 1688 modo
1237 1663 1390 1697 tanquam
1413 1657 1576 1697 impurum
1600 1657 1736 1694 animal,
1765 1656 1819 1687 sed
1844 1661 1995 1696 tanquam
2018 1654 2084 1685 vile

1119 1705 1151 1731 et
1173 1700 1331 1731 abiectum
1355 1699 1508 1731 reiicitur.
1555 1699 1593 1729 In
1619 1710 1745 1730 summa
1768 1698 1970 1730 commendat
1993 1696 2084 1727 Deus

1118 1743 1229 1782 templi
1253 1748 1284 1773 et
1306 1742 1418 1773 altaris
1441 1741 1490 1773 sui
1514 1743 1743 1773 reverentiam.

1415 1912 1479 1943 EX
1503 1912 1653 1943 LEVIT.
1679 1911 1791 1943 XXII.

1203 1998 1252 2028 526.
1289 1998 1449 2037 Loquutus
1483 2000 1527 2028 est
1561 1997 1674 2028 Iehova
1708 1998 1750 2028 ad
1784 1996 1906 2035 Mosen,
1940 1996 2082 2027 dicendo:

1118 2041 1168 2072 27.
1183 2040 1256 2078 Bos⁷
1279 2041 1327 2071 vel
1349 2050 1458 2081 aynus,
1482 2040 1527 2071 vel
1549 2050 1652 2079 capra,
1675 2050 1768 2079 quum
1787 2042 1880 2070 natus
1896 2038 2000 2078 fuerit,
2024 2038 2080 2068 erit

1117 2086 1228 2123 septem
1255 2082 1363 2113 diebus
1391 2083 1446 2114 sub
1473 2085 1570 2114 matre
1598 2093 1670 2119 sua,
1701 2093 1719 2113 α
1742 2082 1790 2113 die
1812 2084 1913 2113 autem
1935 2083 2034 2112 octavo
2055 2083 2082 2111 et

1117 2127 1272 2165 deinceps,
1295 2125 1428 2164 placebit
1455 2126 1489 2156 in
1519 2125 1697 2156 oblationem
1726 2125 1873 2164 sacrificii
1895 2124 2008 2163 inquiti
2030 2122 2079 2154 Ie-

1118 2169 1219 2200 hovae.
1264 2168 1313 2198 28.
1339 2167 1455 2199 Bovem
1478 2170 1588 2205 autem,
1611 2167 1657 2199 vel
1671 2168 1824 2207 pecudem,
1848 2169 1874 2197 et
1893 2166 1995 2206 filiwm
2013 2166 2080 2197 eius

1118 2222 1177 2243 non
1199 2210 1373 2242 mactabitis
1395 2211 1445 2241 die
1466 2220 1537 2241 una.

1417 2380 1479 2411 EX
1500 2380 1649 2412 EXODI
1672 2380 1785 2411 XXII.

1205 2466 1247 2498 30
1257 2466 1291 2508 2).
1322 2465 1394 2496 Erit
1422 2466 1660 2505 primoyenitum
1690 2464 1811 2496 animal
1838 2466 1949 2503 septem
1976 2464 2083 2495 diebus

1119 2520 1186 2542 cum
1214 2512 1311 2540 matre
1332 2519 1408 2539 sua:
1436 2509 1486 2539 die
1510 2511 1610 2539 autem
1634 2510 1734 2539 octavo
1757 2506 1872 2537 dabitis
1894 2506 1974 2538 illud
1995 2506 2081 2538 mihi.

1211 2612 1238 2643 1)
1255 2611 1336 2636 sehr.
1357 2610 1396 2635 19.

1208 2646 1236 2679 2)
1254 2645 1332 2671 Πρω.
1352 2644 1392 2670 29.
