2304 3034
126 166 165 196 89
699 165 1065 198 COMMENTARIUS
1089 165 1138 196 IN
1161 164 1309 196 EXODI
1334 166 1430 196 CAP.
1456 166 1532 198 VII.
2070 171 2111 202 90

126 264 250 291 certum
272 266 340 292 erat
359 272 425 292 non
446 262 530 292 ultro
549 261 747 301 morigerum
766 261 832 291 fore
847 259 908 290 Dei
928 258 1090 294 mandato,

127 313 187 334 nec
210 304 300 343 prius
324 314 488 335 cessurum
513 313 610 343 quam
636 303 792 334 miraculo
816 302 984 333 convictus
1008 301 1092 331 foret

126 345 199 376 ideo
223 346 341 376 illustri
365 353 516 386 certoque
540 346 671 376 virtutis
694 355 770 375 suae
795 345 987 375 documento
1001 343 1092 390 Deus

127 397 237 419 servos
260 400 334 420 suos
354 389 468 419 munit.
503 388 604 418 Porro
626 387 792 418 conversio
815 386 889 426 pedi
912 386 963 416 vel
988 385 1093 416 baculi

125 432 297 470 pastoralis
322 432 351 461 in
374 435 556 471 serpentem
576 429 639 460 huc
662 429 843 468 spectabat:
868 439 908 459 ne
928 428 1091 468 despectui

127 481 208 504 esset
233 473 384 514 ignobilis
408 479 439 504 et
462 473 600 503 rusticus
624 472 725 502 Mosis
755 471 893 502 habitus.
938 471 1021 501 Nam
1044 470 1093 511 (ut

127 526 160 546 se
196 527 287 557 reges
321 515 490 546 immodice
523 514 637 544 efferre
674 513 791 555 solent)
827 514 929 544 facete
963 512 1092 559 eludere

126 564 252 598 poterat
286 558 413 589 Pharao
448 556 613 588 audaciam
648 556 749 587 Mosis
784 560 816 587 et
850 556 999 591 Aharon,
1038 566 1091 595 qui

126 601 216 632 velut
240 602 335 632 sortis
359 611 434 631 suae
457 598 554 635 obliti,
578 608 649 628 cum
671 599 770 629 totius
784 599 926 638 Aegypti
949 598 1092 638 potentia

126 644 348 683 confligerent.
384 641 545 681 Cognovit
563 641 663 680 igitur
675 641 812 677 Pharao,
833 642 982 681 quamvis
1001 640 1092 671 nullo

127 686 246 717 eximio
275 684 445 726 splendore
475 690 581 714 essent
606 683 782 720 terribiles,
809 695 844 714 ac
864 683 945 714 nihil
965 683 1090 723 magni-

127 729 222 759 ficum
247 738 324 768 prae
347 738 379 758 se
402 727 533 761 ferrent,
563 736 625 756 non
650 731 758 757 tamen
784 726 913 757 destitui
934 727 1036 756 firmis
1060 731 1092 756 et

128 771 243 801 validis
268 769 449 810 praesidiis,
480 779 576 807 quum
609 768 731 799 videret
761 780 799 800 ex
823 769 937 800 baculo
962 768 1091 808 prodire

127 820 320 853 serpentem.
365 811 403 841 In
428 821 554 842 summa
577 814 713 841 testatus
735 817 782 842 est
804 812 895 842 Deus
918 811 976 842 sub
1000 812 1089 841 infir-

127 856 239 887 mitate
272 864 436 886 servorum
478 864 609 884 suorum
650 854 847 885 reconditam
889 865 958 885 esse
999 864 1090 884 suam

127 898 319 939 potentiam:
353 902 386 926 ut
417 896 552 936 singulis
583 897 761 936 quibusque
785 897 957 928 momentis
980 896 1090 927 formi-

127 940 249 972 dabiles
288 938 438 969 redderet
482 939 616 969 summis
660 939 861 976 monarchis,
906 940 959 979 qui
1007 939 1091 969 vasis

127 983 274 1014 testaceis
297 981 412 1020 alioqui
436 987 527 1011 erant
558 981 689 1012 similes.
735 983 802 1013 Cur
827 982 958 1013 Aharon
985 982 1091 1022 potius

126 1036 222 1065 quam
246 1025 352 1056 Moses
376 1024 523 1054 baculum
548 1025 704 1063 proiicere
727 1025 892 1061 iubeatur,
922 1025 1000 1055 mihi
1026 1035 1089 1054 non

126 1072 267 1104 constat,
299 1066 360 1097 nisi
392 1067 471 1097 forte
506 1067 587 1106 quod
620 1068 752 1098 fastuosi
783 1068 915 1107 tyranni
946 1067 1091 1098 lautitias

126 1110 272 1142 consulto
296 1109 494 1148 vilipendere
518 1109 620 1139 voluit
646 1110 749 1147 Deus,
774 1111 826 1141 ubi
851 1110 1001 1150 dignatus
1026 1120 1090 1140 non

125 1159 173 1184 est
197 1154 349 1183 virtutem
374 1162 465 1182 suam
495 1162 643 1182 exserere
674 1163 731 1192 per
761 1163 892 1183 manum
925 1153 1008 1184 servi
1040 1152 1090 1184 sui

123 1195 285 1236 primarii,
320 1193 376 1225 sed
410 1195 565 1224 minorem
599 1200 725 1225 tantum
757 1195 911 1227 adhibuit.
963 1195 1090 1235 Itaque,

123 1238 291 1269 ministerii
316 1242 470 1276 respectu,
493 1238 586 1277 virga
599 1237 659 1268 Dei
680 1243 711 1268 et
725 1238 825 1269 Musis
845 1250 932 1269 nunc
956 1244 1089 1270 vocatur

122 1281 215 1321 virga
251 1280 393 1311 Aharon.
449 1278 552 1310 Sicuti
587 1280 709 1311 Paulus
745 1281 783 1311 de
824 1281 992 1321 evangelio
1030 1291 1087 1311 suo

122 1323 296 1363 gloriatur⁷
331 1323 422 1353 cuius
456 1322 683 1362 promulgandi
715 1323 773 1353 sibi
804 1324 986 1354 iniunctum
1017 1334 1087 1355 esse

121 1377 240 1397 munus
264 1365 384 1396 sciebat
406 1364 512 1405 (Rom.
539 1365 586 1399 16,
611 1365 652 1396 25
676 1371 705 1395 et
730 1366 757 1396 2.
783 1367 863 1397 Tim.
889 1367 916 1401 2,
942 1366 983 1408 8).

208 1409 256 1439 lO.
299 1408 386 1438 Venit
414 1418 481 1447 eryo
504 1407 615 1439 Moses.
662 1407 857 1448 Quanquam
887 1420 964 1440 suae
993 1419 1085 1441 voca-

120 1451 216 1482 tionis
239 1451 304 1482 iam
328 1450 386 1481 sibi
410 1450 508 1490 probe
531 1451 648 1482 conscii
672 1456 773 1489 erant,
797 1458 829 1482 et
852 1452 995 1483 sciebant
1018 1462 1085 1483 coe-

120 1494 193 1524 lesti
212 1494 332 1525 virtute
352 1503 385 1524 se
399 1493 516 1532 pollere
528 1493 561 1523 in
577 1493 709 1524 edendis
723 1494 896 1531 miraculis,
918 1505 1083 1534 nunquam

119 1542 228 1568 tamen
247 1535 396 1567 accedere
415 1536 485 1566 ausi
504 1536 637 1567 fuissent
651 1536 689 1567 ad
703 1536 866 1568 crudelem
885 1548 1083 1577 saevumque

118 1586 304 1618 tyrannum,
329 1579 391 1610 nisi
414 1588 468 1610 eos
486 1579 620 1610 interior
641 1579 689 1611 vis
718 1580 850 1620 spiritus
870 1581 910 1612 ad
933 1584 1082 1613 constan—

118 1624 196 1653 tiam
225 1626 390 1653 armasset.
441 1622 529 1653 Hinc
560 1623 658 1663 igitur
689 1622 727 1654 ad
763 1635 874 1656 omnes
904 1623 1081 1656 vincendos

117 1670 256 1697 terrores
289 1665 555 1705 magnanimitas,
590 1665 674 1705 quod
705 1667 795 1698 Deus
824 1678 923 1707 supra
952 1678 1080 1698 omnem

117 1708 230 1740 mundi
255 1707 458 1738 altitudinem
483 1708 544 1739 fide
567 1709 652 1748 ipsos
675 1710 795 1747 erexit,
824 1716 856 1740 et
880 1709 938 1742 hac
962 1710 1082 1741 fultura

117 1752 282 1782 sustinuit.
340 1750 485 1781 Veniunt
524 1751 624 1791 igitur
659 1751 698 1782 ad
739 1753 923 1783 conflictum
962 1753 1081 1783 invicto

117 1794 246 1830 robore,
281 1800 313 1824 et
346 1793 538 1834 legationem
574 1794 714 1825 maxime
747 1795 889 1826 odiosam
923 1796 1080 1827 miraculo

117 1837 318 1868 confirmant.
363 1836 458 1875 Quod
481 1837 602 1867 moveri
637 1838 780 1876 quaestio
813 1838 894 1869 solet
927 1850 967 1869 an
1004 1848 1081 1870 vera

116 1880 213 1910 fuerit
234 1884 266 1909 et
288 1878 508 1910 substantialis
531 1878 579 1920 (ut
610 1879 801 1921 loquuntur)
830 1882 1014 1919 conversio,
1042 1882 1080 1913 de

116 1923 211 1963 virga
234 1922 351 1959 Mosis‚
382 1921 414 1952 id
438 1922 515 1952 mihi
540 1928 627 1953 certo
651 1933 840 1962 persuasum
864 1930 923 1955 est.
969 1924 1081 1964 Neque

117 1966 202 1996 enim
228 1964 298 1995 Deo
321 1965 422 2004 magis
446 1972 492 1995 est
517 1964 645 1996 difficile
668 1976 775 1996 rerum
803 1967 920 1997 formas
945 1973 1079 2003 mutare,

116 2018 211 2048 quam
232 2007 361 2038 difficile
379 2006 441 2037 fuit
459 2007 581 2038 coelum
602 2013 634 2038 et
654 2013 772 2039 terram
786 2020 895 2040 creare
915 2021 953 2040 ex
968 2010 1079 2041 nihilo.

117 2050 246 2089 Quanta
276 2050 319 2081 sit
347 2050 594 2081 conversionum
621 2051 759 2082 varietas
787 2052 818 2082 in
851 2057 984 2089 natura,
1017 2064 1079 2084 non

116 2093 268 2133 ignorant
302 2092 497 2132 philosophi,
526 2093 591 2123 imo
622 2092 726 2124 idiotis
757 2095 854 2125 etiam
885 2100 988 2135 patet:
1024 2095 1080 2127 sed

116 2136 190 2175 quia
208 2135 337 2167 insolito
358 2145 447 2165 more
466 2140 498 2166 et
516 2142 643 2175 praeter
662 2141 795 2168 naturae
817 2137 963 2169 ordinem
985 2138 1079 2170 bacu-

117 2178 168 2209 lus
187 2179 218 2208 in
238 2182 421 2217 serpentem
444 2188 618 2209 conversus
641 2178 710 2216 fuit,
734 2179 818 2210 idem
843 2180 902 2211 hoc
925 2181 1079 2213 miraculo

120 2220 271 2251 iudicium
301 2220 407 2252 facere
438 2222 590 2252 convenit
617 2221 700 2261 quod
730 2222 768 2252 de
801 2233 902 2253 uxore
927 2223 1015 2255 Loth
1046 2225 1077 2255 in

120 2266 257 2293 statuam
291 2263 367 2294 salis
401 2273 556 2294 conversa
589 2262 687 2305 (Gen.
720 2264 768 2301 19,
800 2265 868 2306 26):
900 2267 959 2297 nisi
995 2267 1077 2307 quod

120 2304 251 2336 baculus
272 2306 366 2345 paulo
385 2312 457 2346 post
476 2306 516 2337 ad
538 2307 707 2346 pristinam
728 2314 877 2339 naturam
899 2309 1003 2340 rediit.
1038 2310 1078 2340 In

120 2347 243 2378 baculis
265 2358 430 2388 magorum
454 2349 556 2379 maior
580 2354 628 2380 est
659 2350 868 2390 ambiguitas,
902 2352 975 2391 quia
1006 2363 1077 2392 pro-

119 2389 226 2420 babile
245 2395 291 2420 est
313 2391 477 2423 fallacibus
495 2402 605 2422 eorum
625 2393 806 2433 praestigiis
830 2393 957 2425 delusos
980 2394 1079 2426 fuisse

120 2431 211 2472 impii
235 2433 319 2471 regis
336 2434 452 2465 oculos.
493 2434 582 2465 Nihil
613 2440 721 2465 tamen
740 2436 868 2467 absurdi
888 2438 915 2467 si
935 2437 1079 2469 dicamus

121 2480 247 2506 tantum
271 2474 416 2507 licentiae
438 2477 502 2508 illis
524 2477 624 2508 fuisse
647 2488 665 2508 a
690 2478 757 2509 Deo
780 2480 990 2519 permissum,
1015 2492 1078 2511 non

120 2522 158 2549 ut
180 2520 328 2548 crearent
350 2527 391 2548 ex
412 2529 476 2550 uno
498 2530 630 2560 corpore
653 2520 755 2557 aliud,
783 2521 838 2552 sed
868 2527 903 2552 ut
926 2533 1078 2554 arcanum

120 2560 183 2591 Dei
202 2570 280 2599 opus
300 2560 389 2598 quasi
408 2571 502 2592 suum
522 2563 712 2602 proferrent.
748 2564 831 2595 Nam
849 2570 935 2596 certe
956 2566 1079 2606 ingenii

119 2602 223 2634 nostri
251 2602 332 2632 fines
362 2601 455 2643 longe
485 2611 614 2644 superat
644 2606 785 2638 efficacia
818 2608 950 2646 erroris,
982 2619 1078 2648 quam

1145 257 1287 288 affirmat
1310 257 1433 289 Paulus
1458 259 1598 291 Satanae
1630 261 1698 292 dari
1727 262 1766 293 ad
1798 262 1978 301 puniendos
2009 264 2112 295 incre-

1145 299 1247 336 dulos,
1261 306 1297 330 ut
1314 301 1447 332 credant
1461 303 1637 340 mendacio,
1659 304 1733 343 quia
1748 305 1875 335 veritati
1889 305 2111 346 obtemperare

1146 342 1268 372 nolunt.
1304 343 1392 373 Dicit
1416 345 1543 384 quidem
1568 345 1743 377 adventum
1768 347 1962 379 Antichristi
1987 350 2053 380 fore
2078 351 2111 380 in

1145 384 1246 424 signis
1277 390 1308 415 et
1339 385 1494 427 prodigiis
1525 388 1733 420 mendacibus
1764 389 1805 431 (2.
1832 391 1964 422 Thessa.
1989 392 2018 429 2,
2044 392 2109 433 11):

1145 427 1200 457 sed
1236 429 1411 467 potentiani
1446 429 1639 470 adiungens,
1674 433 1831 469 ostendit,
1866 434 2025 466 fallaciam
2057 435 2110 465 vel

1145 469 1328 500 illusionem
1355 481 1417 501 non
1443 477 1506 502 tam
1532 474 1563 503 in
1589 478 1723 505 externa
1754 486 1861 506 rerum
1886 477 1988 508 forma
2012 488 2109 518 quam

1144 512 1176 542 in
1218 522 1369 551 perverso
1412 514 1577 553 signorum
1619 517 1720 548 abusu
1763 519 1856 549 sitam
1901 520 1975 550 fore.
2032 519 2110 551 Ideo

1144 554 1296 585 Christus
1316 556 1504 595 simpliciter
1522 560 1714 597 pronunciat
1738 560 1834 592 falsos
1854 560 1997 594 doctores
2016 563 2109 603 signa

1144 602 1176 627 ct
1205 597 1350 638 prodigia
1380 609 1495 639 magna
1529 600 1670 633 edituros
1700 602 1792 643 (Mat.
1824 604 1874 642 24,
1904 604 1966 646 24).
2020 605 2108 636 Fieri

1144 650 1220 680 ergo
1239 646 1342 679 potest
1362 646 1398 671 ut
1412 642 1500 673 Deus
1521 643 1648 676 baculos
1667 656 1833 685 magorum
1858 647 1943 678 iusta
1968 647 2109 679 vindicta.

1143 683 1262 713 mutari
1277 683 1417 714 voluerit
1436 684 1466 715 in
1487 692 1667 725 serpentes:
1689 689 1784 719 sicuti
1802 694 1912 729 postea
1925 690 2109 722 videbimus

1143 735 1242 764 aquas
1267 726 1365 757 tuisse
1388 726 1516 758 illorum
1540 729 1813 762 incantationibus
1845 742 1954 763 versas
1978 733 2008 763 in
2033 744 2106 764 san-

1143 768 1285 807 guinem,
1311 774 1428 799 terram
1454 777 1635 810 coopertam
1659 773 1758 805 fuisse
1781 775 1868 805 ranis
1888 780 1919 805 et
1942 775 2109 815 pediculis,

1144 820 1239 850 agros
1270 811 1367 842 fuisse
1397 813 1554 851 grandine
1585 825 1768 854 percussos,
1799 821 1831 847 ct
1860 816 2106 849 obtenebratum

1143 860 1259 884 aerem.
1307 854 1498 886 Tenendum
1523 861 1630 888 tamen
1654 865 1715 895 est,
1747 871 1785 890 ne
1809 870 1953 891 muscam
1977 860 2107 900 quidem

1143 896 1205 926 nisi
1229 906 1247 926 a
1270 896 1337 927 solo
1361 896 1432 927 Deo
1455 900 1556 930 creari
1581 911 1685 940 posse:
1718 902 1772 932 sed
1801 913 1881 942 quae
1904 913 2019 934 arcano
2043 903 2106 934 Dei

1143 938 1259 969 iudicio
1290 940 1390 978 fiunt,
1422 939 1574 972 Satanan)
1607 954 1719 983 rapere
1743 943 1782 975 ad
1804 955 1877 976 suas
1901 945 2106 985 imposturas.

1230 982 1278 1012 11.
1311 982 1434 1013 Vocavit
1461 985 1552 1015 etima
1582 985 1715 1018 Pharao.
1761 987 1830 1018 Iam
1859 989 1995 1028 emergit
2025 999 2106 1028 quae

1143 1023 1233 1063 prius
1256 1024 1290 1054 in
1315 1025 1473 1064 profundo
1496 1027 1600 1059 cordis
1629 1040 1755 1060 recessu
1785 1029 1905 1061 latebat
1939 1031 2105 1071 impietas:

1143 1065 1221 1097 dum
1262 1067 1294 1097 in
1335 1072 1497 1111 certamen
1533 1081 1604 1101 cum
1639 1072 1707 1102 Deo
1742 1083 1835 1103 ruere
1874 1083 1939 1104 non
1980 1073 2107 1105 dubitat

1142 1113 1310 1149 tyrannus.
1358 1111 1446 1142 Satis
1476 1113 1560 1143 enim
1590 1113 1628 1144 de
1658 1114 1839 1146 admirabili
1862 1116 1923 1146 Dci
1961 1117 2107 1156 potentia

1142 1151 1272 1183 edoctus
1296 1158 1380 1190 erat,
1406 1153 1468 1184 nisi
1492 1165 1563 1186 eum
1589 1156 1627 1186 ad
1652 1156 1854 1197 desperatum
1879 1159 2017 1190 furorem
2043 1159 2105 1190 im-

1141 1194 1278 1234 pelleret
1311 1206 1369 1226 sua
1402 1197 1555 1235 pravitas.
1611 1199 1692 1230 Nam
1727 1200 1856 1240 signum
1901 1201 2104 1240 postulando,

1141 1236 1190 1278 (ut
1225 1248 1328 1277 nuper
1361 1238 1440 1279 dixi)
1474 1241 1601 1279 putavit
1631 1242 1748 1273 iustam
1781 1243 1840 1274 sibi
1871 1254 1939 1274 esse
1973 1255 2104 1276 causam

1141 1281 1315 1319 spernendi
1349 1281 1460 1312 Mosis.
1514 1283 1616 1315 Sicuti
1650 1285 1738 1325 impii
1772 1285 1939 1317 confidunt
1973 1287 2104 1327 impune

1141 1323 1200 1353 sibi
1225 1323 1353 1363 quidvis
1377 1324 1480 1361 licere,
1505 1326 1567 1357 nisi
1586 1327 1691 1367 palam
1716 1328 1754 1359 ad
1777 1328 1863 1368 ipsos
1885 1329 2104 1369 prohibendos

1141 1373 1291 1405 appareat
1317 1377 1333 1396 o
1357 1367 1442 1397 coelo
1468 1368 1563 1400 Deus.
1610 1369 1673 1400 Sed
1709 1371 1781 1410 quia
1812 1371 1998 1403 inflexibilis
2028 1382 2104 1404 con-

1140 1410 1280 1440 tumacia
1308 1410 1438 1449 penitus
1470 1411 1565 1442 corda
1594 1422 1703 1443 eorum
1734 1419 1884 1454 occupat,
1910 1415 2104 1455 conspicuae

1138 1450 1200 1482 Dei
1236 1452 1351 1482 virtuti
1387 1453 1536 1484 resistere
1576 1465 1639 1485 non
1681 1455 1838 1487 dubitant.
1894 1457 1945 1488 Ita
1979 1457 2103 1489 malitia

1137 1494 1246 1525 oculos
1270 1495 1435 1526 Pharaoni
1458 1498 1661 1535 perstrinxit,
1686 1503 1722 1529 ut
1746 1499 1849 1530 lucem
1871 1499 2010 1531 videndo
2033 1511 2098 1531 non

1137 1537 1268 1575 videret,
1303 1538 1467 1569 convictus
1491 1544 1598 1571 tamen
1632 1541 1669 1571 ad
1704 1542 1979 1582 exstinguendum
2014 1543 2095 1575 lucis

1135 1586 1342 1621 conspectum
1372 1587 1548 1614 accerseret
1577 1583 1636 1614 sibi
1667 1585 1822 1616 tenebras.
1868 1585 1948 1616 Tam
1977 1585 2095 1626 impiae

1135 1623 1234 1664 igitur
1268 1635 1304 1656 ac
1339 1623 1511 1656 diabolicae
1545 1628 1744 1667 arrogantiae
1778 1627 1882 1659 soluta
1916 1628 1975 1658 fuit
2007 1628 2094 1659 iusta

1135 1677 1273 1703 merces,
1303 1678 1401 1707 quum
1426 1678 1592 1709 magorum
1623 1680 1753 1700 suorum
1778 1670 1911 1701 fallaciis
1942 1670 2093 1710 deceptus

1134 1710 1204 1740 fuit.
1250 1710 1446 1751 Exemplum
1470 1711 1503 1741 in
1527 1712 1637 1751 primis
1660 1713 1736 1743 utile
1759 1716 1790 1743 ct
1813 1717 1925 1744 notatu
1949 1712 2093 1753 dignum,

1134 1764 1195 1793 quo
1218 1754 1361 1793 primum
1385 1753 1551 1792 docemur,
1575 1756 1703 1794 impios,
1733 1766 1958 1795 quamcunque
1983 1755 2092 1787 docili-

1133 1800 1234 1826 tatem
1258 1796 1419 1831 simulent,
1443 1796 1529 1828 intus
1553 1802 1660 1828 tamen
1683 1809 1814 1829 manere
1837 1798 2034 1837 praefractos
2057 1809 2093 1830 ac

1134 1839 1204 1869 Deo
1227 1839 1378 1870 rebelles:
1411 1838 1525 1870 deinde
1548 1851 1611 1870 non
1642 1840 1735 1871 modo
1764 1851 1938 1881 propensos
1961 1851 2030 1872 esse
2053 1841 2094 1872 ad

1133 1892 1290 1920 errorem,
1320 1881 1375 1912 scd
1405 1881 1521 1921 cupide
1550 1887 1613 1913 toto
1644 1883 1759 1914 affectu
1790 1883 1865 1914 illuc
1889 1883 1974 1914 ferri.
2020 1884 2093 1915 Non

1133 1935 1276 1965 semper,
1308 1935 1409 1964 neque
1432 1925 1466 1955 in
1488 1926 1637 1956 omnibus
1660 1926 1855 1966 conspicitur
1877 1925 1937 1957 hoc
1961 1926 2092 1957 vitium:

1133 1967 1188 1998 sed
1212 1968 1267 1998 ubi
1290 1967 1393 1998 lucem
1417 1978 1509 1998 suam
1532 1968 1664 2008 propius
1694 1969 1842 1999 admovet
1865 1967 1972 2006 Deus,
2001 1969 2093 2000 facile

1133 2010 1294 2050 detegitur
1315 2021 1351 2041 ac
1370 2021 1403 2041 se
1422 2010 1535 2049 prodit.
1569 2010 1673 2050 Quam
1694 2011 1787 2042 multi
1806 2011 1902 2041 hodie
1922 2011 1954 2042 in
1971 2016 2093 2051 papatu

1132 2053 1348 2093 simplicitatis
1372 2057 1541 2092 praetextu
1561 2054 1674 2093 impias
1692 2054 1938 2093 superstitiones
1957 2064 2094 2094 sequun-

1133 2096 1208 2127 tur?
1249 2095 1415 2134 Quamdiu
1446 2095 1504 2126 sub
1534 2096 1734 2137 ignorantiae
1757 2097 1981 2137 integumento
2004 2107 2037 2127 se
2061 2101 2094 2127 et

1133 2139 1212 2169 alios
1240 2138 1375 2173 fallunt,
1406 2138 1560 2169 videntur
1588 2139 1807 2170 misericordia
1838 2139 1942 2179 digni:
1978 2149 2091 2170 verum

1131 2181 1266 2212 simulac
1290 2181 1400 2211 illucet
1424 2181 1553 2217 veritas,
1578 2182 1683 2222 palam
1707 2182 1825 2213 faciunt
1847 2192 1880 2212 se
1899 2181 2092 2220 imposturas

1132 2224 1246 2264 quibus
1280 2229 1413 2263 pereant
1446 2229 1613 2264 appetere:
1655 2229 1685 2254 et
1719 2223 1893 2255 mendaciis
1927 2223 2090 2256 oblectari.

1132 2268 1227 2298 Certe
1248 2267 1394 2298 veritatis
1413 2266 1612 2297 dilectionem
1633 2266 1683 2307 (ut
1701 2267 1745 2297 ait
1760 2266 1880 2297 Paulus
1904 2266 1932 2296 2.
1946 2266 2091 2298 Thessal.

1131 2310 1160 2347 2,
1185 2309 1237 2351 10)
1260 2309 1440 2349 repudiant.
1486 2309 1645 2340 Miramur
1666 2309 1878 2345 Pharaonem,
1903 2314 1938 2339 ut
1960 2319 2092 2341 sensum

1131 2353 1261 2383 virtutis
1293 2353 1352 2383 Dei
1384 2363 1402 2382 a
1435 2362 1468 2383 se
1498 2352 1646 2391 repellat,
1682 2362 1791 2392 magos
1821 2351 1953 2382 vocare?
1988 2351 2091 2390 Quasi

1132 2407 1207 2426 vero
1242 2406 1305 2425 non
1340 2394 1433 2425 multi
1468 2394 1559 2425 hodie
1590 2394 1734 2425 mercede
1768 2394 1928 2434 improbos
1962 2394 2091 2426 rabulas

1131 2437 1326 2475 conducant,
1355 2448 1492 2477 quorum
1517 2437 1678 2468 blanditiis
1702 2436 1847 2468 fascinati
1871 2437 1904 2466 in
1929 2436 2090 2468 erroribus

1131 2480 1334 2520 obstupeant.
1387 2479 1569 2510 Notandum
1604 2489 1678 2510 vero
1707 2479 1788 2519 quod
1825 2479 1999 2510 honorifice
2033 2490 2090 2519 per

1131 2523 1370 2554 concessionem
1383 2523 1544 2562 sapientes
1563 2527 1724 2559 vocantur,
1744 2522 1797 2561 qui
1812 2521 1851 2552 ad
1865 2521 2088 2561 decipiendum

1132 2566 1286 2603 artifices,
1321 2575 1399 2596 sana
1433 2564 1575 2595 doctrina
1611 2565 1703 2595 vacui
1738 2570 1840 2594 erant.
1897 2564 1968 2595 Etsi
2002 2565 2088 2595 enim

1132 2609 1242 2639 floruit
1260 2608 1342 2647 apud
1364 2618 1416 2638 eos
1435 2607 1607 2647 astrologia
1625 2612 1656 2637 et
1668 2606 1754 2638 culta
1766 2607 1895 2637 fuerunt
1908 2606 2089 2639 liberalium
