2304 3034
182 208 245 239 469

183 301 250 332 Cur
272 301 488 332 sanctuarium
513 309 613 330 unum
636 297 766 337 elegerit
790 296 889 334 Deus,
918 296 992 327 alibi
1017 295 1137 327 dictum

183 344 256 374 fuit:
290 355 378 375 nunc
400 343 605 383 pronunciat,
632 340 694 371 nisi
725 339 802 370 illuc
832 338 990 369 adductae
1017 338 1139 369 fuerint

183 387 342 421 victimae,
366 385 617 425 profanationem
640 383 729 413 illam
750 382 817 412 fore
840 382 941 412 instar
963 381 1078 419 caedis,
1103 390 1139 412 ac

183 428 211 459 si
234 429 330 460 homo
352 434 435 459 esset
456 427 584 458 occisus.
628 425 721 456 Iubet
743 435 818 464 ergo
841 424 911 455 sisti
940 434 1051 455 omnes
1074 423 1140 455 vic-

183 471 279 502 timas
310 481 414 502 coram
437 469 539 506 altari,
569 467 692 498 etiamsi
726 466 837 506 procul
866 467 972 497 absint
1002 466 1055 506 qui
1085 476 1138 496 cas

183 518 310 544 vovent.
361 513 442 544 Nam
473 510 653 551 superficies
683 510 751 549 agri
782 509 924 540 locorum
952 508 1138 539 distantiam

183 557 353 597 significat,
383 566 422 585 ne
445 554 514 594 quis
536 557 667 584 excuset
691 552 861 583 molestum
891 551 951 582 sibi
975 562 1044 582 esse
1068 552 1137 582 iter.

183 598 348 630 Sacrificia
376 596 620 637 prosperitatum
651 594 769 625 diserte
793 594 961 634 exprimit:
985 594 1059 633 quia
1082 593 1138 624 illa

183 646 252 672 erat
281 640 400 680 species
429 649 488 678 qua
521 648 612 668 suam
647 637 798 676 pietatem
835 637 955 677 privati
990 637 1137 667 homines

183 683 325 715 solebant
349 681 468 712 testari.

181 725 371 766 pronunciat
394 723 495 759 Deus,
530 723 555 753 si
580 722 775 753 interveniat
798 722 946 753 sacerdos
970 722 1022 761 qui
1047 732 1138 752 sacra

182 779 240 808 pro
265 768 334 798 iure
363 765 496 797 iniuncti
526 764 585 796 sibi
616 765 760 796 muneris
791 770 934 805 peragat.
991 763 1136 795 Tandem

182 811 235 841 lex
258 810 291 841 in
314 819 424 840 omnes
446 812 566 838 aetates
589 808 742 844 sancitur,
768 818 807 838 ne
826 818 889 847 qua
910 811 1052 837 tentetur
1070 807 1138 837 eius

182 853 353 893 abrogatio.
394 851 552 881 Inseritur
575 855 683 880 tamen
704 851 801 887 ratio,
825 860 907 889 quae
927 849 1000 880 alibi
1021 849 1138 880 clarius

181 896 242 926 fuit
274 894 432 935 exposita,
467 893 571 924 locum
607 903 706 923 unum
741 893 781 923 ad
815 903 909 932 quem
943 893 1138 923 conveniant

180 937 328 978 praefigi:
348 935 459 966 deinde
478 934 674 966 sacerdotem
694 936 822 975 praefici
843 935 894 974 qui
915 935 997 965 ritus
1017 936 1049 965 in
1068 935 1138 974 lege

180 979 313 1010 traditos
334 979 496 1015 observet,
526 983 560 1008 ut
584 978 690 1008 Deum
715 989 816 1008 unum
841 988 919 1017 pure
943 978 1057 1013 colant,
1083 987 1138 1007 ne-

180 1033 241 1062 que
272 1021 454 1053 adventitiis
484 1020 764 1060 superstitionibus
794 1021 940 1060 polluant
970 1026 1025 1051 aut
1049 1019 1138 1050 adul-

179 1069 284 1095 terent
295 1065 361 1095 eius
374 1074 471 1094 sacra.
504 1062 657 1094 Diximus
671 1063 755 1093 enim
776 1063 957 1094 sanctuario
971 1063 1138 1103 alligatum

178 1107 275 1138 fuisse
297 1106 449 1146 populum
474 1111 633 1136 veterem:
665 1116 705 1136 ne
734 1116 790 1145 pro
814 1106 980 1136 bominum
1006 1104 1138 1136 libidine

176 1149 328 1180 flexibilis
357 1156 438 1179 esset
469 1147 590 1187 religio,
618 1152 650 1178 et
682 1159 720 1178 ne
743 1159 805 1188 qua
828 1149 985 1188 figmenta
1009 1148 1138 1188 obrepe-

177 1197 258 1229 rent,
288 1202 305 1222 a
334 1191 447 1230 quibus
476 1190 580 1222 facilis
610 1195 659 1221 est
683 1190 722 1221 ad
751 1190 966 1222 idololatriam
991 1191 1135 1222 defectio.

176 1234 364 1266 Mandatum
389 1243 464 1273 crgo
488 1234 572 1273 quod
597 1233 705 1271 edidit,
726 1239 760 1264 ut
784 1234 871 1265 solus
895 1234 1043 1265 sacerdos
1068 1234 1136 1264 bes-

175 1277 237 1308 tias
266 1277 394 1314 offerat‚
428 1285 446 1306 a
474 1286 599 1307 summa
629 1276 770 1307 utilitate
800 1277 1017 1308 commendat:
1050 1276 1135 1316 quod

175 1319 295 1350 scilicet
328 1318 386 1350 hoc
417 1318 510 1349 modo
541 1319 685 1349 fraenum
716 1319 838 1350 inliciat
867 1319 999 1359 populo,
1035 1329 1074 1350 ne
1102 1330 1135 1350 se

175 1362 346 1402 prostituat
373 1360 591 1392 daemonibus.
636 1361 730 1393 Unde
760 1362 922 1402 colligitur
946 1362 1037 1393 utilis
1061 1361 1134 1393 doc-

175 1405 270 1443 trina,
293 1414 356 1434 non
380 1403 474 1434 aliter
497 1404 638 1435 cohiberi
663 1415 754 1444 posse
775 1405 921 1435 homines
941 1416 981 1435 ne
1005 1404 1044 1436 ad
1068 1404 1135 1435 ido-

174 1447 332 1478 lolatriam
353 1447 534 1484 deflectant,
553 1457 648 1486 quam
669 1447 695 1478 si
715 1457 755 1478 ex
775 1458 828 1478 ore
843 1448 903 1478 Dei
923 1453 1050 1487 petatur
1070 1458 1135 1478 una

173 1494 206 1521 et
228 1489 364 1530 simplex
388 1489 517 1529 pietatis
541 1490 660 1530 regula.

259 1533 286 1564 8.
311 1531 406 1563 Dices
423 1535 585 1572 praeterea
616 1533 687 1564 illis.
739 1532 832 1564 Nune
863 1532 1048 1564 extenditur
1082 1533 1135 1563 lex

175 1575 214 1606 ad
237 1575 433 1615 peregrinos,
463 1586 525 1605 non
558 1575 612 1615 qui
643 1575 769 1615 profani
793 1580 909 1612 essent,
937 1575 992 1607 sed
1016 1576 1070 1616 qui
1095 1576 1133 1607 ab

174 1617 244 1649 aliis
267 1617 417 1658 gentibus
444 1617 572 1648 oriundi
602 1629 720 1649 nomen
744 1629 842 1658 purae
865 1618 1014 1659 religioni
1039 1617 1132 1649 dede-

174 1665 256 1691 rant.
302 1660 383 1690 Nam
414 1660 441 1691 si
472 1660 543 1700 plus
575 1660 637 1691 illis
670 1661 780 1691 fuisset
812 1662 1007 1701 permissum
1038 1672 1134 1701 quam

175 1703 320 1743 genuinis
345 1702 494 1734 Abrahae
518 1703 600 1740 filiis,
625 1714 662 1734 ex
688 1714 797 1734 eorum
822 1714 909 1734 more
933 1704 1041 1734 statim
1066 1704 1131 1734 lon-

174 1745 246 1786 gius
275 1755 384 1785 sparsa
406 1746 519 1776 fuisset
549 1746 740 1785 corruptela.
785 1746 895 1777 Noluit
920 1747 1020 1787 igitur
1045 1747 1134 1777 Deus

175 1788 391 1819 sanctuarium
421 1799 514 1819 suum
545 1789 584 1820 ab
613 1789 732 1820 exteris
757 1790 872 1827 vitiari,
898 1800 938 1820 ne
962 1801 1072 1820 eorum
1096 1789 1134 1819 li-

173 1830 279 1861 eentia
306 1830 345 1860 ad
376 1835 478 1861 totum
509 1831 662 1871 populum
693 1838 844 1871 serperet.
897 1832 1069 1863 Caeterum
1094 1843 1134 1863 ex

175 1872 235 1904 hoc
263 1873 402 1904 secundo
433 1875 574 1905 membro
606 1874 770 1914 colligitur
800 1875 963 1905 mactandi
1000 1875 1135 1906 verbum

173 1915 257 1955 quod
279 1915 353 1946 alibi
376 1916 472 1948 latius
495 1917 691 1954 extenditur,
721 1917 759 1947 ad
784 1918 943 1948 sacrificia
966 1918 1134 1958 restringi:

174 1957 426 1998 quandoquidem
454 1959 529 1990 alibi
558 1959 710 1991 vescendi
738 1960 870 1991 libertas
901 1960 996 1991 datur
1018 1961 1137 2000 populo

174 2000 210 2031 in
228 2000 375 2032 omnibus
398 2001 529 2033 urbibus
549 2010 581 2033 et
604 2003 702 2042 pagis,
728 2002 822 2033 modo
845 2013 864 2034 a
886 2004 1045 2043 sanguine
1068 2004 1137 2035 abs—

175 2042 308 2081 tineant.
354 2044 543 2076 Tenendum
573 2045 674 2085 igitur
704 2050 752 2076 est
774 2057 835 2076 non
861 2045 911 2077 hic
930 2047 981 2086 agi
1004 2046 1042 2077 de
1063 2057 1136 2086 pro-

174 2085 294 2116 miscuo
317 2086 412 2123 victu,
437 2087 492 2118 sed
515 2093 640 2118 tantum
666 2087 704 2118 de
728 2088 868 2119 victimis
892 2100 1026 2129 quarum
1050 2089 1137 2120 obla·
1164 2100 1165 2112 ³

177 2127 220 2159 tio
243 2129 382 2168 separari
406 2140 468 2161 non
493 2130 603 2161 debuit
626 2142 644 2161 a
668 2130 886 2163 tabernaculo.

479 2299 542 2330 EX
566 2300 698 2333 DEUT.
723 2301 836 2332 XVII.

263 2380 292 2428 8ζ
317 2381 353 2412 St
370 2383 444 2421 quid
463 2383 588 2416 latuerit
605 2389 631 2416 le
644 2387 677 2416 in
690 2386 804 2417 iudicio
818 2387 894 2417 inter
912 2388 1094 2427 ssitiyuinem
1112 2390 1138 2418 et

178 2433 368 2470 sanquinem,
388 2425 465 2456 inter
484 2436 607 2458 eausam
626 2432 652 2459 et
669 2439 806 2467 causam,
826 2432 851 2460 et
871 2430 947 2461 inter
962 2430 1092 2469 playam
1111 2433 1138 2461 et

173 2465 311 2506 plagam,
328 2476 356 2496 oz
369 2467 455 2498 rebus
466 2469 617 2509 rixarum,
630 2473 711 2502 intra
722 2475 832 2510 portas
844 2475 924 2510 tuas,
938 2475 1009 2504 tune
1020 2483 1135 2513 sumes,

179 2511 205 2539 et
227 2508 369 2556 ascendes
387 2510 427 2540 ad
450 2510 544 2542 locum
562 2523 648 2551 quem
671 2514 790 2554 eteyerit
814 2515 925 2546 Ielzova
946 2516 1034 2546 Deus
1056 2519 1136 2546 tuus.

179 2551 208 2581 9.
233 2550 274 2598 Et
295 2561 397 2599 uenies.
417 2552 457 2582 ad
475 2555 641 2587 sacerdotes
662 2557 801 2597 Levites,
825 2560 851 2588 et
869 2558 911 2589 ad
932 2559 1063 2589 iudicem
1082 2558 1137 2597 qui·

178 2593 275 2632 fuerit
303 2603 337 2640 m
364 2594 466 2642 dietim
492 2596 564 2633 illis,
595 2601 621 2629 et
649 2610 792 2638 quaere&
821 2603 847 2631 et
875 2601 1053 2632 indicabunt
1083 2601 1138 2631 tibi

178 2635 302 2667 verbum
323 2636 441 2667 iudicii.
486 2638 534 2669 10.
557 2639 597 2671 Et
617 2642 713 2680 facies
734 2643 823 2673 iuxta
846 2643 968 2674 verbum
991 2644 1070 2683 quod
1092 2645 1138 2674 ‘in-

869 203 1124 236 SECUNDUM
1146 205 1469 237 PRAEOEPTUM.

513 680 567 711 Sic
591 690 666 719 ergo
689 686 816 720 gratum
841 679 900 710 sibi
924 679 992 710 fore
1016 679 1137 710 cultum
1163 683 1165 691 '

2090 208 2156 238 470

1190 297 1360 328 dicaverint
1382 297 1438 328 tibi
1460 308 1474 329 e
1497 298 1556 330 loeo
1579 298 1631 329 illo
1654 309 1741 337 quem
1763 299 1882 339 eleyerit
1905 299 2026 337 Ieliova,
2057 303 2083 331 et
2105 300 2154 331 ob-

1189 340 1325 371 servabis
1355 341 1456 379 facere
1489 341 1654 372 seeundum
1686 342 1792 371 omnia
1825 352 1903 380 quae
1931 342 2088 373 docuerint
2117 346 2152 374 te.

1192 382 1240 412 11.
1268 382 1438 414 Secundum
1469 384 1562 424 legem
1591 394 1684 422 quam
1706 384 1862 415 docuerint
1883 386 1917 419 te,
1941 388 1968 415 et
1989 386 2155 416 secundum

1190 425 1341 456 iudicium
1364 426 1443 464 quod
1465 427 1603 457 dixerint
1624 426 1686 464 tibi,
1715 426 1828 465 facies:
1856 437 1914 457 non
1943 427 2109 459 declinabis
2134 439 2154 459 a

1190 468 1277 498 verbo
1309 468 1388 507 quod
1421 469 1623 499 indicaverint
1655 468 1726 507 tibi,
1760 469 1801 500 ad
1834 469 1990 505 deoetram,
2026 474 2082 502 aut
2113 471 2155 501 ad

1191 510 1362 541 sinistram.

1277 595 1304 625 8.
1326 594 1361 625 Si
1384 596 1458 634 quid
1481 596 1612 626 latuerit.
1648 596 1711 627 Hic
1735 597 1793 627 sub
1817 607 1882 627 una
1905 597 2009 636 specie
2032 599 2154 637 praeci-

1190 647 1291 675 puum
1316 639 1516 669 sacerdotum
1542 649 1659 669 munus
1683 639 1891 670 describitur:
1915 651 2039 679 nempe,
2064 648 2099 671 ut
2120 640 2155 671 in

1191 679 1286 710 rebus
1310 681 1470 720 ambiguis
1493 686 1524 711 et
1542 681 1684 712 obscuris
1708 681 1922 721 respondeant
1945 693 1985 712 ex
2009 683 2078 722 lege
2092 683 2155 714 Dei

1192 721 1267 761 quid
1297 730 1418 753 rectum
1449 723 1499 754 sit.
1545 724 1617 754 Etsi
1647 724 1731 754 enim
1762 724 1890 755 videtur
1914 725 2002 755 Deus
2026 730 2154 756 tantum

1190 764 1338 804 politicas
1361 767 1597 796 controversias
1617 767 1785 806 attingere,
1810 778 1873 797 non
1893 767 2026 798 dubium
2046 772 2155 799 tamen

1191 811 1240 837 est
1268 808 1344 846 quin
1375 818 1432 847 per
1463 809 1684 848 synecdochen
1716 820 1770 840 eos
1792 810 1966 841 constituat
1989 810 2156 841 doctrinae

1191 849 1303 889 legalis
1326 851 1527 890 interpretes.
1573 851 1695 882 Verum
1720 862 1781 891 quo
1805 853 1945 884 sanctior
1969 863 2024 892 per
2047 853 2157 884 omnia

1191 898 1276 923 esset
1300 903 1410 923 eorum
1434 894 1598 930 autoritas,
1624 895 1709 925 iubet
1734 895 1885 934 populum
1909 895 1942 925 in
1963 896 2059 926 rebus
2078 906 2155 934 quo-

1191 945 1252 974 que
1278 936 1378 975 inagis
1402 935 1519 966 odiosis
1543 947 1651 966 eorum
1676 937 1792 968 iudicio
1816 939 2025 977 acquiescere.
2070 938 2156 968 Nam

1191 978 1216 1008 si
1246 988 1357 1008 eorum
1388 989 1541 1017 responso
1570 979 1721 1009 standum
1750 985 1797 1010 est
1821 980 1875 1011 ubi
1899 980 1937 1010 de
1961 981 2027 1011 vita
2050 980 2155 1011 homi—

1191 1020 1241 1051 nis
1265 1021 1388 1060 agitur,
1421 1021 1469 1051 vcl
1493 1021 1654 1060 quaelibet
1678 1022 1749 1052 lites
1777 1028 1853 1053 sunt
1877 1022 2092 1060 dirimendae,
2121 1023 2156 1054 in

1190 1063 1252 1093 Dei
1271 1063 1359 1093 cultu
1380 1071 1410 1093 et
1429 1064 1589 1103 spirituali
1609 1064 1754 1095 doctrina
1778 1065 1880 1095 multo
1905 1066 2008 1105 magis
2031 1066 2157 1096 tollitur

1189 1106 1295 1136 omnis
1326 1106 1479 1145 exceptio.
1526 1106 1719 1146 Quanquam
1741 1108 1826 1138 enim
1851 1118 1915 1138 non
1940 1108 2024 1139 solos
2048 1119 2152 1140 sacer-

1191 1147 1279 1179 dotes
1306 1148 1430 1179 iudiciis
1460 1149 1510 1179 hic
1539 1150 1668 1188 practici
1692 1149 1810 1185 fatcor,
1843 1150 1897 1181 sed
1921 1151 2058 1191 collegas
2090 1151 2154 1181 illis

1190 1190 1322 1231 adiungi
1344 1203 1383 1222 ex
1403 1191 1524 1230 reliquo
1544 1192 1674 1231 populo:
1700 1193 1839 1223 maxime
1859 1198 1965 1224 tamen
1988 1193 2154 1224 extollitur

1189 1233 1360 1264 sacerdotii
1379 1233 1528 1274 dignitas.
1572 1234 1664 1273 Quod
1690 1235 1833 1265 nonnulli
1858 1246 1914 1275 per
1938 1247 2054 1266 nomen
2074 1236 2154 1267 iudi-

1189 1277 1233 1307 cis
1258 1287 1421 1307 summum
1445 1278 1630 1317 pontificem
1655 1278 1850 1318 intelligunt,
1876 1278 1967 1309 facile
1987 1278 2152 1317 refellit-ur,

1188 1319 1263 1358 quia
1294 1319 1443 1350 distincte
1474 1326 1639 1350 enumerat
1664 1320 1770 1351 Moses
1793 1320 1983 1359 sacerdotes,
2009 1321 2152 1359 chitas,

1189 1368 1220 1392 et
1250 1362 1397 1393 iudicem.
1449 1362 1619 1393 Probabile
1655 1369 1762 1393 tamen
1796 1368 1843 1393 est
1877 1363 2046 1404 enallagen
2081 1373 2152 1395 esse

1189 1405 1315 1435 numeri
1340 1405 1371 1435 in
1398 1405 1526 1435 nomine
1554 1404 1685 1436 indicis:
1717 1406 1790 1445 quia
1813 1406 1920 1445 plures
1944 1407 2042 1437 fuisse
2064 1416 2152 1437 crea-

1188 1453 1237 1478 tos
1261 1453 1395 1487 apparet
1418 1458 1457 1478 ex
1481 1458 1570 1479 sacra
1594 1448 1745 1479 historia:
1769 1449 1823 1478 ubi
1837 1453 1987 1479 narratur
1998 1448 2153 1489 Iosaphat

1188 1490 1227 1521 de
1250 1490 1377 1521 Levitis
1396 1496 1427 1520 et
1446 1490 1674 1527 sacerdotibus
1697 1497 1727 1521 et
1742 1491 1939 1531 principibus
1959 1491 2151 1522 familiarum

1189 1532 1288 1563 Israel
1322 1533 1437 1573 legisse
1472 1534 1523 1573 qui
1559 1533 1774 1573 Ierosolymae
1809 1540 1993 1573 praeessent
2024 1534 2154 1565 iudiciis

1188 1575 1220 1616 (2
1239 1576 1313 1606 Par.
1340 1576 1387 1614 19,
1409 1576 1469 1617 10).
1508 1576 1619 1606 Noluit
1638 1581 1722 1606 certe
1742 1577 1813 1616 pius
1833 1587 1891 1606 rex
1910 1577 1960 1607 vel
1980 1577 2151 1607 minimum

1188 1619 1360 1650 deflectere
1381 1629 1399 1649 a
1424 1619 1503 1659 legis
1527 1629 1654 1649 norma:
1685 1624 1715 1649 et
1739 1618 1879 1649 studium
1907 1620 1973 1649 eius
2000 1619 2151 1650 laudatur

1187 1661 1320 1701 spiritus
1351 1661 1453 1692 sancti
1477 1661 1588 1702 elogio.
1645 1661 1700 1692 Sic
1735 1666 1842 1692 autem
1878 1661 2051 1692 distributa
2092 1662 2152 1692 fuit

1188 1704 1278 1740 ratio,
1302 1703 1573 1743 quemadmodum
1606 1703 1669 1734 illie
1693 1703 1788 1744 paulo
1811 1709 1883 1744 post
1907 1705 2086 1741 subiicitur,
2117 1710 2152 1735 ut

1187 1757 1334 1778 summus
1353 1746 1501 1778 sacerdos
1515 1747 1690 1786 primatum
1711 1752 1835 1777 teneret
1854 1747 1886 1776 in
1908 1747 2003 1777 rebus
2023 1746 2151 1784 divinis,

1189 1789 1368 1829 praefectus
1398 1795 1505 1820 autem
1540 1790 1646 1829 regius
1681 1790 1790 1820 civiles
1821 1799 1931 1820 causas
1961 1795 1992 1819 et
2022 1790 2153 1829 negotia

1188 1837 1317 1862 terrena
1340 1837 1476 1863 curaret.
1519 1831 1590 1870 Quo
1614 1832 1730 1862 iterum
1751 1833 1960 1862 confirmatur
1984 1832 2068 1871 quod
2092 1843 2152 1863 nu-

1188 1885 1246 1914 per
1266 1875 1366 1915 attigi,
1392 1874 1609 1906 sacerdotibus
1634 1875 1753 1905 scilicet
1777 1875 1901 1914 iniungi
1924 1874 2060 1905 docendi
2084 1885 2153 1905 mu-

1189 1928 1267 1954 nus,
1302 1923 1337 1948 ut
1371 1917 1409 1948 de
1439 1918 1676 1957 quaestionibus
1709 1917 1813 1948 dubiis
1846 1927 1999 1956 responsa
2029 1917 2152 1948 darent.

1190 1960 1423 2000 Snffragantur
1446 1965 1476 1990 et
1502 1959 1597 1991 verba
1621 1960 1782 1999 Iosaphat,
1813 1960 1865 1990 nbi
1889 1959 1979 1990 dicit:
2012 1958 2151 1991 Omnem

1190 2013 1318 2034 eausam
1351 2014 1431 2042 quae
1463 2002 1588 2033 venerit
1623 2002 1662 2032 ad
1697 2013 1751 2032 vos
1781 2003 1865 2032 inter
1898 2003 2087 2042 sanguinem
2122 2008 2156 2033 et

1191 2045 1400 2086 sanguinem,
1432 2045 1515 2076 inter
1546 2045 1648 2085 legem
1680 2050 1709 2075 et
1734 2050 1949 2084 praeceptum,
1979 2050 2099 2076 statuta
2123 2050 2155 2076 et

1192 2088 1320 2125 iudicia,
1352 2088 1564 2119 admonebitis
1595 2088 1707 2118 fratres
1740 2092 1874 2124 vestros,
1904 2092 1939 2117 ut
1963 2098 2026 2117 non
2051 2088 2154 2118 delin-

1191 2138 1294 2171 quant
1317 2136 1428 2161 contra
1451 2131 1615 2161 Iehovam.
1661 2130 1755 2160 Certe
1787 2130 1871 2160 sieut
1902 2140 2008 2160 rerum
2033 2131 2153 2171 capita-

1192 2174 1271 2204 hum
1300 2173 1441 2213 cognitio
1469 2173 1596 2213 proprie
1627 2172 1665 2203 ad
1695 2171 1814 2202 iudices
1846 2172 1979 2202 aliarum
2012 2172 2154 2204 tribuum

1191 2216 1366 2257 spectabat,
1390 2218 1434 2247 sie
1459 2216 1606 2246 discretio
1629 2216 1662 2245 in
1686 2215 1864 2254 praeceptis
1888 2220 1917 2245 et
1948 2216 2090 2253 statutis,
2122 2222 2154 2247 et

1192 2261 1289 2290 totius
1314 2259 1393 2298 legis
1414 2259 1635 2298 interpretatio
1655 2257 1825 2297 peculiaris
1846 2257 1905 2287 fuit
1922 2257 2152 2289 sacerdotibus.

1192 2302 1258 2333 Nee
1282 2302 1415 2332 dubium
1440 2306 1485 2332 est
1509 2302 1584 2340 quin
1604 2312 1643 2331 ex
1664 2300 1723 2330 hoc
1741 2300 1808 2330 loco
1827 2305 1993 2339 sumptum
2012 2301 2054 2331 sit
2072 2301 2153 2332 illud

1192 2344 1369 2375 Malachiae
1393 2344 1435 2384 (2,
1460 2343 1500 2385 7),
1525 2343 1626 2374 Labia
1649 2342 1822 2373 sacerdotis
1845 2342 2028 2374 custodient
2051 2344 2153 2374 scien·

1192 2388 1285 2425 tiam,
1313 2392 1344 2417 ct
1367 2387 1469 2427 legem
1494 2386 1633 2425 requires
1665 2396 1704 2415 ex
1729 2395 1783 2415 ore
1807 2385 1892 2415 eius:
1916 2385 1991 2425 quia
2014 2387 2153 2418 nuncius

1193 2431 1252 2461 Dei
1276 2430 1477 2460 exercituum
1501 2435 1557 2459 cst.
1603 2428 1705 2463 Nune,
1736 2436 1769 2458 ut
1793 2438 1950 2458 summam
1975 2434 2152 2465 teneamus,

1191 2472 1299 2503 sedem
1330 2472 1448 2502 summi
1473 2471 1580 2502 iudicii
1607 2470 1695 2500 Deus
1718 2469 1808 2505 locat,
1842 2470 1894 2501 ubi
1918 2471 1979 2501 erit
2003 2477 2153 2502 sanctua-

1192 2516 1285 2546 rium.
1333 2515 1401 2545 Etsi
1432 2520 1538 2544 autem
1567 2513 1669 2553 primo
1700 2523 1795 2543 versu
1821 2512 1948 2544 videtur
1971 2515 2152 2553 promiscue

1192 2566 1256 2588 tam
1281 2557 1462 2588 sacerdotes
1485 2568 1577 2595 quam
1603 2554 1723 2586 iudices
1748 2557 1921 2595 praeficere
1946 2562 2072 2586 tantum
2098 2556 2152 2587 de-

1191 2600 1341 2631 finiendis
1364 2600 1500 2630 terrenis
1524 2598 1640 2634 litibus,
1664 2605 1776 2637 quarto
1796 2604 1904 2629 tamen
1924 2604 2034 2638 postea
2053 2610 2152 2630 versu

1189 2644 1267 2674 satis
1292 2643 1497 2678 demonstrat,
1528 2640 1745 2672 sacerdotibus
1775 2651 1808 2671 se
1831 2641 1909 2672 alias
1933 2646 2040 2680 partes
2062 2652 2154 2672 man-

1899 2691 1947 2717 30*
