2304 3034
75 216 136 247 333

162 309 188 339 1.
214 308 279 339 Hoc
302 311 344 340 est
366 311 510 339 statutum
533 309 616 348 Zeyis.
653 308 736 346 91113
760 308 829 338 fieri
850 318 913 337 non
935 313 1038 346 potest

75 351 151 391 quin
180 350 290 382 fidi—les
316 351 390 381 dum
416 356 588 382 versantur
612 353 643 380 in
664 350 791 386 mundo,
820 350 938 389 aliquid
963 360 1037 379 con·
1063 352 1064 375 l

75 394 214 433 tagionis
232 393 367 424 subinde
386 404 426 424 ex
446 394 620 424 multarum
645 392 785 422 sordium
813 398 935 422 attactu
963 402 1037 422 con·
1062 395 1064 426 ζ

73 437 218 473 trahant,
242 435 435 467 describitur
448 436 499 466 hic
518 445 618 475 aquae
637 435 801 470 confectio,
821 435 910 465 cuius
931 444 1038 474 asper·
1062 448 1063 466 1

74 480 164 510 sione
194 479 327 509 abluant
356 484 388 509 et
416 479 548 518 expient
578 487 667 508 suam
691 477 945 506 immunditiem:
982 476 1035 506 de-

74 521 149 552 inde
178 528 333 552 notantur
360 529 447 552 certa
485 530 603 560 genera
632 519 862 558 pollutionum,
897 521 1034 558 quarum
1061 531 1062 537 ¹

1060 567 1062 575 '
1088 572 1145 600 pcr
1179 563 1354 593 sacerdotis
1387 573 1539 600 manum,

72 565 221 604 purgatio
241 565 390 604 exigitur.
420 563 513 593 Iubet
528 563 614 593 Deus
628 561 760 592 mactari
775 571 904 591 vaccam
919 562 1033 597 rufam,

72 617 155 646 quae
178 607 287 646 iugum
313 616 475 645 nunquam
500 615 593 644 passa
616 604 672 634 sit:
703 609 734 633 et-
764 604 906 634 comburi
940 610 1034 634 extra

73 656 177 680 castra
218 648 313 679 simul
347 658 419 679 00111
455 647 536 687 pelle
575 652 607 676 ct
639 647 867 683 excrementis,
909 647 1060 688 cineres}

1059 689 1060 692 ’
1086 689 1175 728 fungi
1208 689 1382 720 sacerdotis
1411 691 1565 729 partibus.

73 691 180 731 colligi
206 693 244 721 ab
264 691 392 721 homine
412 689 539 723 mundo,
565 694 595 719 et
619 689 736 728 exponi
756 694 849 719 extra
868 695 973 719 castra
993 689 1031 718 ad

72 744 256 765 communes
280 733 387 773 populi
411 743 496 763 usus.
520 731 643 761 Verum
665 737 700 761 ut
720 731 782 762 vim
803 731 1031 762 reconciliandi

72 776 188 807 habeat
219 786 299 815 aqua
330 785 410 815 quae
443 775 543 805 tincta
572 774 668 804 fuerit
698 773 756 804 hoc
790 774 912 811 cinere,
943 774 1032 804 iubet

71 818 168 849 simul
195 819 283 849 Deus
308 819 425 857 septies
451 827 557 848 coram
584 816 677 846 altari
708 816 815 855 spargi
840 816 1030 856 sanguinem

72 861 171 902 digito
194 860 377 892 sacerdotis.

70 904 130 934 fuit
154 904 237 934 finis.
279 903 392 933 Voluit
415 902 499 932 enim
523 900 612 931 Deus
636 906 795 931 attentum
820 900 953 932 reddere
977 912 1028 941 po-

69 946 181 985 pulum
205 945 244 976 ad
270 945 379 976 sordes
397 954 469 974 suas
492 944 623 983 propius
642 943 853 983 reputandas:
881 949 976 983 atque
996 950 1031 974 ut

69 989 156 1019 intus
176 989 246 1028 puri
266 994 381 1020 essent.
407 986 507 1017 voluit
527 992 632 1016 tamen
653 986 766 1017 sedulo
786 987 1030 1026 circumspicere

67 1041 108 1061 ne
139 1031 267 1061 aliunde
297 1030 553 1069 inquinarentur.
607 1029 732 1059 Deinde
761 1030 885 1068 quoties
920 1030 1028 1060 infecti

68 1080 175 1104 essent
205 1073 310 1112 aliqua
340 1072 425 1107 labe,
457 1072 565 1102 docuit
595 1071 724 1101 aliunde
758 1072 930 1111 petendam
961 1082 1030 1103 0550

67 1116 294 1156 expiationem,
319 1124 434 1154 nempe
457 1125 474 1144 a
498 1114 655 1145 sacrificio
678 1120 709 1144 et
733 1115 928 1153 aspersione.
975 1116 1030 1145 At-

67 1169 127 1197 que
151 1158 195 1188 ita
218 1157 391 1193 admonuit,
416 1158 534 1187 frustra
557 1156 703 1187 homines
727 1167 745 1187 a
768 1167 801 1187 se
825 1157 903 1197 ipsis
926 1168 1027 1188 reme-

67 1200 120 1231 dia
148 1210 299 1240 quaerere
329 1199 367 1230 ad
397 1210 430 1230 se
459 1198 658 1239 purgandos:
693 1199 767 1239 quia
790 1200 878 1230 nulla
903 1200 1028 1239 puritas

66 1243 129 1274 nisi
153 1254 191 1274 ex
215 1242 398 1273 sanctuario
421 1242 573 1282 prodiret.
623 1241 688 1280 Qui
712 1241 874 1273 subtiliter
898 1244 928 1273 in
961 1244 1026 1273 sin·

65 1286 149 1326 gulis
179 1290 387 1325 argutantur,
417 1284 573 1324 quaedam
605 1295 717 1323 parum
752 1285 845 1315 firma
868 1285 1026 1316 afferunt:

66 1328 217 1359 fruantur
243 1338 319 1367 ergo
345 1338 403 1358 5110
422 1338 526 1358 sensu.
579 1327 679 1358 Nobis
706 1338 781 1358 vero
807 1328 947 1358 sufficiat
978 1333 1025 1359 te-

65 1382 141 1402 nere
164 1380 317 1410 quorsum
342 1370 431 1400 Deus
455 1370 650 1409 spectaverit
673 1370 707 1400 in
732 1370 792 1401 hac
815 1371 1025 1409 caeremonia,

64 1418 96 1444 et
118 1423 198 1453 quae
218 1413 293 1443 inde
316 1413 439 1443 utilitas
463 1412 593 1443 redierit
616 1411 655 1442 ad
679 1412 842 1453 populum.
888 1413 951 1444 Per
974 1424 1025 1444 co-

62 1456 162 1487 lorem
188 1456 293 1486 rufum
317 1455 432 1486 volunt
454 1456 559 1486 notari
584 1462 759 1495 peccatum.
784 1455 915 1487 Interea
932 1467 971 1486 00
992 1456 1023 1487 10

63 1499 263 1529 manifestam
294 1499 541 1539 repugnantiam
571 1498 753 1535 incurrant,
784 1504 945 1538 coguntur
968 1498 1022 1529 ab-

63 1541 160 1572 surde
182 1541 388 1581 interpretari
412 1541 494 1580 quod
519 1541 678 1580 sequitur,
712 1541 872 1581 integram
904 1542 1023 1581 requiri

62 1594 190 1615 vaccam
205 1590 236 1614 et
249 1583 368 1623 absque
391 1583 525 1621 macula,
549 1593 584 1613 ac
608 1584 634 1613 51
658 1583 778 1614 dictum
798 1589 890 1622 esset,
910 1595 1024 1624 nequa

61 1627 103 1658 sit
121 1627 153 1657 iu
174 1627 246 1666 pilis
266 1627 416 1657 varietas:
436 1637 534 1666 quum
554 1625 638 1656 idem
658 1627 768 1666 exigat
782 1627 869 1657 Deus
888 1627 970 1667 quod
990 1628 1023 1657 in

62 1669 193 1709 reliquis
216 1669 389 1706 sacrificiis,
420 1679 500 1708 9030
523 1674 560 1699 ut
583 1670 699 1700 vitiosa
722 1670 965 1705 reficiebantur,
997 1670 1024 1701 si

62 1723 124 1752 qua
145 1713 178 1742 in
204 1711 268 1742 illis
287 1717 429 1742 exstaret
447 1711 600 1742 deformis
620 1717 702 1742 nota.
728 1711 800 1750 Quo
820 1723 915 1743 sensu
935 1712 1024 1743 addi-

62 1759 130 1785 tur:
151 1754 242 1793 Quae
256 1765 420 1794 nunquam
434 1755 543 1794 iugum
558 1754 677 1785 tulerit.
697 1754 785 1795 Ergo
799 1755 878 1785 mihi
892 1754 1022 1786 dubium

63 1807 126 1828 non
146 1804 194 1828 est
214 1798 290 1837 quin
310 1797 486 1837 praecipiat
500 1797 590 1827 Deus
610 1797 683 1836 eligi
706 1808 818 1837 puram
842 1798 1022 1836 iuvencam,

63 1850 125 1870 non
138 1840 284 1870 mutilam
300 1840 349 1871 vel
363 1840 520 1877 claudam,
533 1845 564 1870 et
577 1850 638 1879 qno
651 1840 764 1871 melius
777 1846 931 1880 appareat
943 1841 1023 1871 inte-

63 1883 172 1922 gritas,
193 1883 257 1923 iugi
272 1883 377 1913 adhuc
391 1888 566 1922 expertem.
587 1882 672 1921 Quid
687 1893 763 1923 ergo
777 1882 836 1913 51111
850 1883 920 1914 vult
934 1884 1024 1914 rufus

63 1925 167 1956 color?
190 1925 338 1956 Primum
366 1926 489 1956 nescire
515 1925 598 1955 malo
625 1936 718 1964 quam
747 1925 878 1956 dubium
902 1926 1022 1966 aliquid

64 1977 218 1998 asserere:
244 1967 358 1998 deinde
383 1967 555 2007 probabilis
578 1968 762 1999 coniectura
789 1974 850 2005 est,
885 1969 1023 2000 electum

64 2009 159 2041 fuisse
182 2011 317 2041 colorem
350 2011 454 2050 magis
485 2011 652 2049 vulgarem
688 2016 719 2041 et
750 2017 956 2049 consuetum,
985 2023 1024 2042 ne

67 2052 138 2091 quid
162 2060 243 2083 esset
263 2053 358 2084 nimis
382 2053 599 2092 conspicuum,
620 2053 671 2083 vel
692 2054 723 2083 10
744 2053 902 2091 albedine,
923 2055 970 2085 vel
991 2055 1022 2085 in

68 2095 242 2135 nigredine.
287 2096 359 2127 Hoc
382 2095 511 2135 quidem
535 2096 636 2126 fixum
660 2107 791 2127 manere
815 2096 917 2132 dcbet,
942 2098 1023 2127 inte-

69 2147 156 2176 gram
177 2144 207 2168 et
224 2139 309 2169 omni
329 2138 407 2168 vitio
427 2149 539 2177 puram
560 2140 729 2169 iuvencam
751 2139 896 2170 debuisse
916 2140 1023 2170 offerri
1050 2162 1052 2171 1

70 2184 102 2209 et
128 2190 205 2218 quae
234 2180 273 2210 ad
303 2180 470 2211 ferendum
500 2181 611 2221 iugum
644 2192 705 2212 non
730 2182 844 2212 fuisset
874 2183 1024 2213 manibus

70 2220 233 2252 hominum
256 2223 394 2261 subacta,
418 2228 454 2254 ut
477 2225 626 2263 purgatio
650 2224 731 2254 nihil
754 2224 889 2255 haberet
912 2224 1023 2255 huma·

71 2273 158 2294 num.
208 2265 276 2295 'Poti
307 2272 413 2297 autem
443 2267 560 2306 populo
596 2267 691 2297 datur
725 2267 911 2298 mandatum
947 2268 1023 2298 offe-

72 2305 178 2336 rendi:
201 2307 286 2345 quia,
313 2314 347 2338 ut
370 2309 542 2339 ablutionis
565 2310 665 2340 simus
689 2309 870 2349 participes,
896 2321 1025 2341 necesse
1051 2328 1052 2339 i

72 2355 117 2379 est
138 2353 170 2378 ut
183 2348 346 2380 Christum
360 2351 495 2391 quisque
516 2351 599 2391 patri
619 2352 741 2382 offerat.
774 2353 843 2383 Etsi
858 2353 943 2383 enim
958 2353 1025 2392 ipse

73 2400 172 2427 110115,
201 2396 231 2420 et
259 2392 383 2430 quidem
412 2394 526 2429 semel,
561 2405 595 2425 50
626 2395 731 2434 ipsum
758 2394 890 2433 obtulit,
921 2396 1024 2435 quoti-

73 2432 168 2463 diana
190 2438 294 2463 tamen
319 2435 449 2473 oblatio,
478 2447 557 2476 quae
584 2438 620 2467 fit
649 2448 706 2477 per
732 2437 826 2468 fidem
851 2442 883 2468 et
906 2448 1024 2478 preces,

72 2474 164 2505 nobis
186 2475 367 2508 mandatur:
392 2488 455 2509 non
479 2480 603 2519 qualem
628 2479 795 2520 imaginati
818 2486 894 2511 sunt
920 2482 1024 2520 papis-

74 2522 140 2554 tae,
175 2517 330 2564 a.q¹¹ib¹¹⁵
353 2529 450 2551 coena
471 2522 566 2561 impie
596 2522 654 2553 hoc
679 2533 829 2561 perverso
854 2534 961 2554 errore
993 2524 1025 2553 in

73 2559 263 2590 sacrificium
292 2570 442 2592 conversa
469 2564 543 2599 fuit,
582 2565 664 2604 quod
696 2565 856 2604 putabant
885 2566 1026 2605 quotidie

73 2601 302 2632 immolandum
325 2614 392 2634 0550
407 2604 581 2645 Christum,
603 2613 637 2637 ut
661 2618 745 2638 mors
764 2609 833 2638 eius
853 2607 1025 2647 prodesset.
1053 2620 1054 2627 ¹

74 2645 196 2674 Verum
225 2643 316 2684 longe
346 2645 471 2678 diversa
498 2654 545 2679 est
569 2649 647 2680 haec
671 2650 708 2680 de
732 2661 793 2689 qua
820 2650 928 2690 loquor
953 2651 1025 2681 fidei
1053 2670 1055 2678 ι

797 214 982 246 PRIMUM
1006 214 1326 245 PRAECEPTUM.

424 860 524 890 Porro
548 858 643 889 huius
666 859 887 889 caeremoniae
911 859 1030 899 duplex
1056 895 1058 902 Ι

1991 216 2053 247 334

1063 312 1064 316 ’
1091 312 1123 336 et
1152 318 1284 346 precum
1313 307 1447 343 oblatio,
1483 318 1544 347 qua
1573 312 1700 339 tantum
1729 308 1820 340 nobis
1853 309 2052 349 applicamus

1090 349 1157 379 vim
1181 355 1213 380 et
1235 350 1376 381 fructum
1400 351 1512 381 mortis
1534 350 1668 382 Christi.

1174 392 1202 422 3.
1225 392 1268 423 Et
1289 393 1403 423 dabitis
1421 403 1488 423 eam
1509 391 1655 424 Eleazar.
1687 393 1750 424 Hic
1773 393 1894 425 clarum
1919 395 2052 434 ponitur

1090 433 1259 465 discrimen
1291 435 1375 465 inter
1406 435 1483 466 duas
1507 436 1701 467 oblationes:
1737 436 1810 476 quia
1840 437 1956 476 populo
1985 447 2051 468 non

1089 477 1286 515 permittitur
1309 478 1479 509 iuvencam
1504 483 1660 516 mactare,
1691 479 1745 509 sed
1781 479 1840 509 hoc
1863 490 1980 510 munus
2004 485 2051 511 est

1089 520 1253 558 proprium
1288 521 1470 551 sacerdotis.
1522 521 1572 551 Ita
1600 521 1738 552 mediate
1767 521 1883 552 obtulit
1913 522 2051 562 populus

1580 574 1641 603 quo
1675 563 1768 594 modo
1808 565 1904 594 etiam
1946 565 2049 603 hodie,

1087 605 1234 643 quamvis
1266 604 1335 635 Deo
1365 605 1519 644 placando
1548 611 1621 637 ante
1652 607 1720 637 eius
1744 606 1856 637 faciem
1881 606 2048 638 Christum

1087 647 1253 681 sistamus,
1286 658 1414 678 11000550
1449 653 1555 679 tamen
1584 654 1632 679 est
1655 649 1759 688 ipsum
1789 649 1987 680 intervenire
2018 654 2049 681 et

1617 691 1718 722 Porro
1751 691 1923 723 iuvencam
1957 692 2048 724 educi

1085 732 1225 770 oportuit
1248 743 1264 762 e
1287 733 1409 767 castris,
1434 734 1466 763 in
1490 734 1618 773 signum
1638 734 1867 765 anathematis:
1895 735 2047 774 quoniam

1085 774 1246 813 piaculum
1271 780 1347 805 erat.
1394 774 1468 814 Qua
1491 776 1613 806 ratione
1637 777 1731 807 etiam
1756 777 1935 816 piaculares
1959 778 2048 809 victi-

1085 827 1165 853 mae,
1190 827 1325 856 quarum
1350 818 1481 857 sanguis
1504 818 1705 849 inferebatur
1727 819 1761 849 in
1785 825 1896 851 sancta
1918 824 2046 851 sancto-

1084 870 1165 895 rum,
1190 859 1415 890 cremabantur
1438 865 1529 890 extra
1553 867 1666 892 castra.
1691 861 1792 893 Cuius
1816 862 1938 902 figurae
1962 863 2046 894 veri-

1084 907 1133 932 tas
1162 902 1194 932 in
1220 902 1351 933 Christo
1376 902 1506 942 impleta
1531 904 1605 934 fuit:
1641 905 1694 943 qui
1717 904 1788 934 ideo
1811 909 1903 935 extra
1933 911 2044 945 portas

1085 944 1174 975 urhis
1209 955 1323 984 passus
1357 949 1419 981 est,
1462 951 1542 976 teste
1582 946 1723 986 apostolo
1757 946 1853 988 (Heh.
1889 947 1943 986 13,
1980 947 2041 989 11).

1083 987 1166 1026 Quia
1192 992 1301 1018 autem
1334 987 1412 1018 haec
1435 988 1590 1027 quaedam
1616 996 1682 1019 erat
1706 990 1888 1021 reiectionis
1912 991 2043 1030 species,

1082 1041 1122 1060 ne
1145 1030 1278 1060 minoris
1302 1030 1394 1069 pretii
1418 1036 1501 1061 esset
1524 1032 1708 1068 iuvencula,
1741 1037 1795 1062 aut
1819 1032 2042 1065 maledictione

1084 1072 1240 1112 pollutam
1265 1072 1420 1103 ducerent
1438 1073 1613 1111 Israelitae,
1637 1085 1762 1106 sacrum
1783 1085 1811 1104 et
1834 1075 1918 1115 grati
1936 1075 2044 1107 odoris

1083 1115 1150 1146 eius
1180 1115 1370 1155 sanguinem
1402 1115 1541 1146 ostendit
1561 1116 1664 1153 Deus,
1697 1118 1814 1156 septivs
1843 1117 1945 1149 altare
1974 1118 2043 1157 ipso

1082 1158 1211 1198 aspergi
1236 1158 1363 1195 iubens,
1395 1158 1477 1197 quod
1501 1159 1547 1190 fas
1570 1170 1632 1190 non
1658 1165 1727 1190 erat
1750 1159 1814 1190 11113
1838 1160 2042 1192 immunditie

1080 1201 1252 1240 inquinari.
1278 1200 1347 1232 Hoc
1371 1200 1454 1231 idem
1478 1201 1510 1231 in
1534 1201 1665 1232 Christo
1688 1202 1866 1233 clarissime
1888 1204 2042 1243 perspici-

1081 1249 1141 1274 tur.
1188 1244 1260 1274 Etsi
1284 1244 1369 1273 enim
1395 1244 1496 1274 factus
1518 1248 1567 1275 est
1589 1255 1646 1284 pro
1669 1245 1759 1275 nobis
1782 1244 1979 1282 maledictio,
2010 1250 2042 1277 et

1081 1291 1247 1326 peccatum
1282 1291 1430 1322 vocatur,
1470 1287 1543 1326 quia
1577 1291 1705 1326 peccata
1738 1293 1848 1318 nostra
1880 1288 1914 1318 in
1948 1298 2041 1320 cruce

1082 1329 1251 1359 maledicta
1283 1329 1456 1368 porta-ndo,
1495 1330 1657 1368 expiatrix
1687 1330 1748 1360 fuit
1777 1330 1925 1368 victima,
1959 1331 2040 1362 nihil

1080 1378 1188 1401 tamen
1214 1382 1252 1402 ex
1278 1374 1345 1402 eius
1372 1372 1510 1411 puritate
1544 1372 1720 1403 detractum
1745 1377 1809 1410 est,
1841 1383 1941 1412 quum
1970 1373 2040 1405 eius

1079 1414 1234 1445 sanctitas
1264 1415 1361 1445 totius
1392 1414 1505 1444 mundi
1531 1420 1615 1445 esset
1648 1415 1866 1446 sanctificatio.
1912 1415 2041 1447 Obtulit

1079 1458 1164 1487 enim
1194 1467 1227 1487 50
1256 1457 1362 1496 ipsum
1392 1457 1424 1487 in
1452 1457 1582 1496 spiritu,
1613 1462 1644 1487 et
1677 1468 1734 1497 per
1756 1458 1947 1497 sanguinem
1970 1469 2041 1498 pro—

1078 1500 1182 1539 prium
1214 1500 1347 1530 intravit
1375 1499 1407 1529 10
1438 1506 1547 1530 sancta
1577 1499 1672 1541 (Heb.
1703 1500 1756 1536 10,
1790 1500 1858 1541 14),
1892 1505 1923 1531 et
1953 1511 2040 1532 mors

1078 1543 1148 1573 eius
1177 1548 1313 1573 vocatur
1340 1541 1415 1572 alibi
1447 1553 1464 1572 a
1494 1542 1595 1573 Paulo
1627 1542 1820 1573 sacrificium
1855 1543 2038 1575 suavissimi

1079 1585 1184 1616 odoris
1207 1584 1339 1625 (Ephes.
1364 1585 1391 1619 5,
1416 1585 1434 1615 2
1458 1591 1488 1615 et
1510 1585 1595 1615 Phil.
1619 1585 1647 1623 4,
1673 1584 1733 1626 18).

1164 1628 1192 1658 6.
1221 1628 1306 1659 Tunc
1328 1628 1454 1666 accipiet
1476 1628 1616 1658 sacerdos
1645 1628 1762 1667 limeum
1784 1628 1948 1658 cedrinum.
1993 1628 2039 1660 Ut

1078 1681 1150 1702 cum
1165 1681 1264 1710 aquae
1278 1671 1461 1710 aspersione
1475 1671 1645 1701 coniuncta
1658 1670 1752 1700 simul
1770 1677 1853 1701 esset
1873 1671 2039 1710 sanguinis

1079 1715 1233 1753 aspersio,
1259 1714 1290 1744 in
1316 1714 1425 1753 ignem
1445 1712 1696 1743 coniiciebautur
1714 1713 1838 1753 lignum
1862 1712 2037 1752 cedrinum,

1079 1756 1248 1796 hyssopus,
1274 1761 1304 1787 et
1324 1757 1505 1787 coccineum
1526 1756 1673 1795 ligamen,
1698 1766 1737 1785 ex
1758 1755 1874 1794 quihus
1893 1766 2038 1795 asperso-

1078 1800 1161 1830 rium
1186 1799 1255 1829 fieri
1280 1798 1409 1830 solebat.
1456 1797 1525 1828 Nisi
1550 1799 1633 1828 enim
1660 1798 1717 1828 hoc
1740 1798 1860 1828 visibili
1892 1798 2037 1838 symbolo

1078 1842 1234 1872 admoniti
1257 1842 1395 1872 fuissent
1417 1840 1596 1877 Israelitae‚
1628 1851 1692 1871 nou
1716 1841 1761 1871 ita
1783 1840 1903 1880 liquido
1927 1840 2037 1872 scivis-

1077 1890 1149 1915 sent
1172 1895 1205 1915 sc
1228 1895 1291 1915 non
1317 1890 1442 1915 tantum
1466 1894 1547 1922 aqua
1570 1883 1665 1919 ablui,
1690 1882 1744 1913 sed
1768 1883 1915 1914 sacrificii
1938 1883 2037 1914 etiam

1077 1927 1238 1958 oblatione
1263 1926 1361 1957 deleri
1385 1937 1459 1957 suas
1482 1926 1600 1956 sordes.
1627 1925 1823 1966 Sanguinem
1848 1936 1924 1956 vero
1946 1925 2037 1956 fundi

1078 1981 1140 2000 non
1163 1971 1242 2000 satis
1267 1975 1345 2006 erat,
1369 1969 1429 2000 nisi
1453 1970 1521 1999 01115
1544 1968 1731 2009 irrigatione
1754 1968 1898 1998 mundati
1922 1973 2037 2006 essent⁷

1077 2018 1112 2043 ut
1135 2018 1209 2043 aute
1233 2013 1340 2043 visum
1365 2013 1432 2043 fuit⁴
1461 2011 1568 2050 Quum
1593 2016 1698 2041 autem
1722 2010 1801 2050 ligni
1823 2010 1944 2041 cedrini
1965 2021 2036 2050 pre-

1077 2056 1176 2086 tiosus
1208 2056 1250 2086 sit
1279 2055 1371 2091 odor,
1403 2055 1433 2084 in
1464 2054 1603 2094 hyssopo
1627 2054 1675 2084 vis
1699 2053 1741 2083 sit
1763 2053 1935 2093 purgandi:
1961 2054 2036 2084 hinc

1077 2099 1193 2128 iterum
1221 2098 1416 2134 colligimus,
1444 2096 1597 2126 mundam
1616 2096 1713 2127 fuisse
1743 2095 1830 2126 illam
1861 2096 2035 2133 victimam,

1077 2142 1225 2180 quamvis
1248 2146 1378 2180 peccata
1400 2139 1493 2170 simul
1525 2150 1595 2169 cum
1625 2149 1733 2169 eorum
1757 2138 1982 2168 maledictione
2005 2142 2038 2169 et

1079 2184 1204 2222 piaculo
1239 2184 1422 2214 sustineret.
1479 2181 1646 2220 Quomodo
1687 2186 1793 2211 autem
1827 2190 2038 2220 aspergamur

1050 2234 1052 2245 l
1079 2226 1201 2257 Christi
1225 2227 1392 2266 sanguine,
1417 2225 1506 2255 docet
1528 2224 1652 2259 Petrus,
1677 2233 1791 2262 nempe
1815 2234 1870 2262 per
1889 2223 2038 2262 spiritum

1079 2269 1119 2309 (1.
1145 2270 1213 2299 Pet.
1240 2270 1266 2305 1,
1291 2268 1339 2309 2);
1363 2269 1426 2298 imo
1449 2267 1594 2306 singulas
1616 2266 1712 2296 huius
1731 2266 1950 2296 caeremoniae
1969 2276 2039 2305 par-

1079 2318 1127 2342 tes
1151 2312 1182 2341 in
1208 2311 1339 2342 Christo
1363 2310 1502 2341 inveniri
1528 2309 1618 2339 docet
1641 2309 1778 2339 Ioannes
1806 2309 1839 2338 in
1862 2318 1920 2338 sua.
1942 2318 2037 2339 cano-

1080 2355 1152 2385 nica
1175 2354 1216 2395 (1.
1243 2354 1351 2384 loann.
1376 2354 1403 2389 ὃ,
1427 2353 1468 2392 G),
1499 2352 1665 2383 Christum
1690 2351 1816 2382 venisse
1840 2351 1981 2381 scribens
2004 2351 2036 2381 in

1052 2397 1053 2403 ¹
1079 2407 1161 2436 aqua
1185 2402 1216 2427 et
1237 2397 1402 2437 sanguine,
1426 2401 1455 2425 ct
1479 2395 1627 2434 spiritum
1647 2394 1700 2433 qui
1720 2393 1838 2423 veritas
1861 2398 1918 2430 est,
1943 2392 1981 2423 de
2000 2403 2037 2424 eo

1078 2440 1253 2470 testificari.

1166 2483 1192 2512 7.
1218 2481 1261 2513 Et
1283 2481 1397 2512 lavabit
1418 2483 1510 2510 vestes
1532 2488 1614 2509 snas,
1650 2478 1811 2509 Videntur
1834 2478 1911 2509 haec
1935 2478 2038 2517 primo

1080 2525 1198 2555 intuitu
1224 2534 1376 2564 pugnare,
1406 2532 1526 2553 sacram
1551 2522 1619 2552 Deo
1642 2527 1674 2551 et
1696 2531 1810 2561 puram
1835 2531 1904 2551 esse
1927 2520 2038 2551 iuven-

1080 2578 1149 2598 cam
1164 2573 1195 2597 et
1209 2572 1316 2598 tamen
1336 2566 1478 2606 polluere
1492 2564 1687 2595 sacerdotem
1703 2574 1760 2594 suo
1773 2568 1938 2594 contactu:
1957 2573 2037 2602 quae

1081 2614 1187 2640 tamen
1213 2610 1332 2649 optime
1356 2610 1438 2639 intcr
1461 2618 1493 2638 se
1517 2606 1721 2638 conveniunt.
1745 2605 1838 2644 Quod
1862 2606 1947 2636 enim
1973 2611 2038 2636 tam

1081 2652 1229 2683 sacerdos
1275 2662 1369 2691 9030]
1417 2651 1561 2681 minister
1606 2648 1834 2680 combustionis
1880 2648 2039 2679 immundi
