2304 3034
119 211 179 244 297

117 306 214 337 Nune
236 316 312 336 vero
335 305 487 336 admonet
500 305 600 342 Deus,
623 314 709 334 anno
733 304 773 334 ad
798 305 895 335 finem
921 311 1089 345 vergente,

117 348 240 379 instare
264 348 347 378 diem
368 358 461 387 quem
481 347 626 387 paschati
646 347 850 386 praefixerat,
875 357 938 386 quo
962 349 1081 379 certius

118 391 278 422 discerent
311 390 491 427 Israelitae,
532 389 703 428 quotannis
743 399 909 420 recurrere
949 390 1081 421 solenne

116 433 202 464 istud
234 433 441 469 sacrificium,
473 435 568 471 atque
598 432 642 461 ita
674 431 762 461 nefas
793 441 862 462 esse
897 432 1080 463 intermitti.

117 475 246 506 Deinde
269 476 358 506 iubet
381 475 552 514 diligenter
575 474 696 503 servari
720 483 831 504 omnes
852 475 1080 513 caeremonias,

116 529 156 549 ne
195 529 256 558 quc
297 522 449 548 extraneo
490 517 645 547 fermento
684 525 797 554 puram
844 517 1079 548 institutionem

116 565 332 600 corrumpant.
378 558 520 590 Tandem
555 557 707 588 laudatur
742 568 850 588 eorum
886 559 1079 596 obedientia,

116 603 199 640 quod
223 603 303 634 nihil
327 603 387 632 Dei
410 600 562 632 mandato
586 600 786 637 addiderint,
812 601 863 631 vel
888 601 964 632 inde
987 602 1078 641 quid-

116 657 210 685 quam
235 645 408 676 omiserint.

201 689 228 719 6.
254 687 393 718 Fuerunt
413 688 512 716 autem
534 685 672 723 quidam.
706 684 770 716 Hic
794 695 851 724 per
874 687 1077 717 occasionem

114 731 267 761 inseritur
290 729 449 769 quaestio,
473 728 499 757 si
524 737 604 766 quos
627 727 781 766 impediat
805 727 912 758 subita
934 729 1075 759 immun—

114 772 208 803 dities
241 783 281 802 ne
311 771 430 811 paseha
461 769 556 800 simul
584 780 654 800 cum
687 769 759 800 aliis
788 770 969 807 eelebrent,
1001 772 1076 811 quid

115 815 202 846 factu
225 826 303 854 opus
325 815 382 844 sit:
413 823 510 852 quum
534 823 550 843 e
574 812 690 851 populo
713 822 770 842 suo
795 821 961 853 expungat
986 814 1076 845 Deus

115 858 293 898 quicunque
326 867 388 886 non
423 855 582 885 coluerint
615 865 684 885 eam
726 854 957 894 redemptionis
998 867 1075 887 suae

113 900 310 931 memoriam.
345 898 416 929 Etsi
435 903 541 927 autem
563 897 613 928 hic
637 898 812 937 attingitur
836 898 978 935 historia,
1000 900 1074 938 quia

114 948 220 973 tamen
248 941 436 981 praecipuas
466 945 574 980 partes
605 940 728 970 obtinet
759 940 904 971 doctrina
928 951 1009 980 quae
1033 942 1073 972 ad

112 995 223 1024 puram
248 985 425 1023 iustamque
449 982 609 1022 paschatis
632 983 890 1013 observationem
921 984 1071 1022 pertinet,

110 1028 175 1058 imo
204 1027 290 1058 locus
320 1026 371 1056 hic
401 1025 493 1065 quasi
524 1025 687 1064 appendix
717 1032 767 1055 est
794 1026 956 1064 generalis
979 1037 1071 1066 prae-

111 1070 202 1110 cepti,
222 1071 254 1100 in
267 1069 402 1099 eundem
417 1073 603 1099 contextum
624 1069 743 1098 referre
763 1068 870 1098 visum
890 1074 947 1099 est.
983 1069 1070 1100 Dicit

109 1113 216 1143 Moses
250 1110 403 1151 quosdam
438 1115 580 1150 repertos
613 1111 712 1141 fuisse
745 1110 931 1141 immundos
971 1122 1070 1151 super

108 1156 215 1185 anima
238 1154 389 1185 hominis.
414 1164 528 1192 nempe
551 1153 626 1192 quia
649 1154 699 1184 vel
723 1152 860 1184 cadaver
882 1154 1068 1194 attigerant,

108 1197 158 1228 vel
180 1197 315 1236 ingressi
338 1197 465 1227 fuerant
488 1196 617 1226 domum
642 1196 813 1233 funestam,
837 1196 888 1226 vel
911 1197 1068 1229 interfue-

101 1245 175 1270 rant
198 1239 315 1269 mortui
339 1239 479 1269 hominis
503 1238 680 1278 exsequiis:
705 1238 787 1269 tales
810 1239 895 1268 enim
922 1240 971 1270 lex
996 1240 1067 1279 pol-

100 1281 186 1312 lutos
218 1281 384 1317 censebat,
419 1287 455 1312 ut
486 1280 561 1311 alibi
597 1281 766 1312 videbitur.
821 1280 909 1312 Hinc
942 1284 1063 1321 species

99 1325 348 1364 repugnantiae:
373 1324 446 1364 quia
468 1334 527 1355 nec
546 1324 722 1354 immundis
739 1323 854 1354 licebat
872 1324 912 1354 ad
931 1335 1058 1356 sacrum

101 1367 232 1407 epulum
245 1367 404 1403 accedere,
424 1373 456 1397 et
474 1366 624 1397 omittere
643 1366 705 1397 tale
725 1367 855 1406 pietatis
874 1368 1065 1399 exercitium

101 1410 190 1440 nefas
220 1416 298 1440 erat.
344 1409 388 1440 Et
411 1410 519 1440 Moses
547 1410 712 1440 confessus
742 1414 791 1440 est
817 1419 851 1440 se
883 1409 943 1440 hae
973 1411 1006 1440 in
1031 1422 1066 1442 re

99 1452 288 1492 perplexum
302 1462 379 1490 esse,
393 1462 492 1492 quum
507 1457 635 1491 tempus
654 1451 694 1483 ad
708 1453 813 1483 Deum
830 1452 1064 1484 consulendum

100 1495 199 1535 petiit.
255 1494 295 1525 In
335 1505 396 1534 quo
436 1495 631 1534 perspicitur
671 1495 845 1535 singularis
885 1495 1063 1535 prophetae

100 1537 272 1574 modestia,
296 1537 379 1577 quod
404 1537 442 1568 de
466 1548 500 1568 re
523 1537 619 1568 dubia
640 1538 853 1577 pronunciare
877 1548 975 1569 ausus
999 1549 1063 1569 non

101 1585 156 1617 est,
175 1580 324 1619 quamvis
336 1579 452 1610 fuisset
464 1580 638 1620 legislator.
675 1580 740 1611 Sed
755 1581 813 1611 hoc
832 1580 926 1611 modo
944 1581 1063 1613 clarius

100 1623 240 1654 ostendit
263 1633 297 1653 se
321 1623 453 1654 minime
476 1633 515 1653 ex
539 1624 668 1662 proprio
691 1634 787 1654 sensu
810 1623 915 1663 legem
939 1624 1061 1661 tulisse,

100 1665 190 1696 cuius
208 1675 249 1696 ne
266 1666 426 1705 interpres
445 1665 572 1705 quidem
592 1676 661 1696 esse
680 1666 820 1703 auderet,
846 1666 909 1696 nisi
933 1674 1062 1707 accepto

100 1718 183 1738 novo
223 1707 384 1739 mandato.
440 1709 529 1749 Ergo
570 1708 661 1740 Deus
702 1709 832 1748 speciali
873 1710 1062 1749 exceptione

100 1750 219 1790 posita,
243 1749 408 1789 ἀντινομίαν
432 1751 524 1782 tollit.

102 1835 165 1866 sint
194 1836 253 1875 ipsi
283 1846 408 1876 quoque
439 1838 626 1876 participes,
661 1848 719 1868 nec
750 1844 857 1868 tamen
888 1837 970 1868 diem
1001 1849 1058 1868 suo

103 1877 233 1908 arbitrio
265 1884 399 1910 mutent.

103 1920 238 1951 mundos
269 1920 430 1958 sublevat,
459 1922 513 1953 sed
546 1923 600 1962 qui
628 1923 737 1962 procul
768 1924 881 1953 remoti
906 1928 998 1953 erant
1022 1924 1061 1954 ab

103 1962 268 1994 hominum
308 1965 517 1996 contubernio
558 1965 596 1996 de
636 1965 751 2005 quibus
791 1966 901 1997 eadem
936 1966 1061 1997 moveri

101 2011 225 2044 poterat
243 2007 393 2046 quaestio.
429 2007 541 2047 Neque
559 2009 646 2038 enim
669 2013 923 2039 consentaneum
948 2008 1062 2039 fuisset

103 2047 241 2087 aliquem
264 2059 407 2080 seorsum
431 2051 551 2089 pascha
575 2051 685 2082 edere:
710 2052 789 2089 imo,
814 2052 839 2082 si
864 2052 968 2082 minor
991 2057 1061 2082 erat

102 2090 235 2128 familia,
258 2092 503 2124 accersebantur
527 2093 640 2130 vieini,
669 2099 705 2124 ut
735 2094 775 2125 ad
807 2099 908 2125 totum
940 2104 1059 2134 agnum

103 2131 259 2163 edendum
284 2145 437 2166 numerus
460 2136 631 2167 sufficeret.
679 2137 874 2176 Peregrinus
905 2147 981 2177 ergo
1005 2144 1061 2168 aut

103 2175 221 2212 viator,
251 2176 278 2206 si
307 2178 417 2216 procul
441 2189 458 2208 a
478 2179 544 2209 suis
568 2179 709 2215 abesset,
739 2190 817 2218 opus
849 2180 986 2211 habebat
1010 2191 1059 2211 re-

103 2217 205 2247 medio
227 2228 266 2248 ne
285 2219 318 2249 in
337 2230 471 2259 poenam
490 2222 654 2253 incideret.
690 2222 792 2252 Porro
812 2223 986 2254 tenendum
1011 2230 1060 2254 est

103 2258 162 2289 hoc
177 2269 239 2306 non
259 2260 325 2291 dari
344 2264 627 2303 contemptoribus,
652 2275 753 2304 neque
773 2265 833 2296 hac
855 2265 1058 2306 indulgentia

103 2300 203 2331 foveri
246 2304 407 2341 profanam
452 2307 626 2345 incuriam,
671 2308 725 2338 sed
767 2313 893 2339 tantum
934 2309 1059 2339 consuli

102 2353 211 2373 eorum
233 2347 411 2378 necessitati
431 2349 483 2388 qui
502 2350 739 2381 immunditiem
761 2361 870 2382 errore
889 2357 1058 2383 contraxe-

102 2391 192 2421 rant,
215 2386 276 2434 *vel-
296 2399 366 2434 ⁶non
398 2397 567 2430 potuerant
590 2394 746 2433 effugere,
777 2394 829 2424 vel
852 2395 905 2434 qui
929 2401 1058 2433 praeter

101 2438 189 2467 spem
213 2439 245 2458 in
268 2435 381 2462 itinere
403 2432 590 2472 deprehensi
614 2436 750 2467 fuerant.
786 2437 947 2468 Dicuntur
970 2438 1055 2468 enim

100 2471 187 2519 ultro
227 2474 392 2519 conquesti
431 2476 527 2508 fuisse
561 2478 645 2517 apud
679 2479 794 2509 Mosen
829 2480 883 2518 qui
924 2485 1058 2519 propter

98 2513 336 2562 immunditiem
374 2517 490 2555 privati
528 2520 633 2551 fuerat
672 2522 747 2561 agni
788 2522 950 2561 paschalis
990 2533 1055 2553 esu.

99 2555 193 2587 Unde
232 2556 392 2605 colligitur
431 2561 482 2599 pia
522 2573 633 2594 eorum
674 2564 864 2596 sollicitudo.
924 2565 1056 2596 Talibus

100 2608 176 2638 ergo
198 2606 394 2636 permittitur
414 2603 548 2635 altorum
571 2607 704 2645 pascha:
730 2613 765 2637 ut
787 2608 927 2638 secundo
946 2619 1056 2639 mense

99 2647 290 2680 recuperent
329 2643 411 2681 quod
451 2645 567 2686 absque
607 2659 666 2679 sua
705 2649 799 2690 culpa
836 2650 1082 2690 perdiderant.=

569 1751 652 1782 Nam
677 1762 756 1791 quos
779 1752 863 1783 iusta
887 1753 1062 1783 necessitas
1087 1768 1089 1793 2

100 1793 280 1830 excusabat,
290 1794 330 1824 iis
343 1794 487 1834 assignat
498 1794 674 1825 secundum
688 1805 840 1832 mensem,
852 1800 886 1824 ut
898 1795 1062 1834 paschatis
1087 1831 1088 1836 ¹

445 1879 516 1910 Hoc
543 1879 713 1919 privilegio
747 1890 812 1910 non
847 1886 972 1910 tautum
1003 1882 1062 1911 im-
1087 1912 1088 1923 ἵ

842 213 1029 244 PRIMUM
1054 214 1372 250 PRAEOEPTUM.

2034 223 2096 255 298

1135 309 1266 341 Interea
1297 322 1408 343 severe
1437 313 1612 344 mandatur
1640 325 1681 344 ne
1710 314 1784 353 quid
1816 318 1942 345 mutent
1972 315 2004 346 in
2029 320 2095 346 toto

1134 352 1206 383 ritu.
1258 354 1301 384 Et
1336 354 1395 385 hac
1429 366 1525 386 causa
1559 357 1676 387 iterum
1711 358 1869 397 repetitur
1903 358 1986 397 quod
2020 364 2095 389 ante

1133 395 1238 425 visum
1264 397 1338 431 fuit,
1363 402 1398 428 ut
1421 408 1492 428 cum
1518 399 1625 429 herbis
1647 400 1765 430 amaris
1789 400 1971 435 comedant,
1997 411 2037 431 ne
2057 411 2094 432 os

1133 438 1347 478 confringant,
1368 446 1398 470 et
1418 441 1545 472 similia.
1581 440 1645 472 Sed
1665 452 1705 472 ne
1722 442 1848 482 longius
1866 443 2095 474 extenderetur

1133 479 1272 516 libertas,
1298 492 1409 513 rursus
1432 494 1534 522 poena
1557 484 1694 514 edicitur
1713 484 1739 515 si
1758 485 1926 524 quispiam,
1951 486 2093 526 exceptis

1132 521 1256 553 duabus
1277 523 1326 554 his
1345 526 1457 562 causis,
1478 526 1595 565 pascha
1615 527 1720 558 facere
1740 527 1929 567 neglexerit.
1965 527 2093 560 Scimus

1131 565 1226 601 enim,
1251 566 1313 596 nisi
1338 577 1547 599 coerceantur
1571 569 1725 605 homines,
1751 570 1886 600 nimium
1911 570 1969 601 sibi
1994 571 2092 602 licen-

1131 607 1193 637 tiae
1217 609 1391 640 concedere
1415 611 1453 640 ad
1478 611 1653 650 captandos
1681 612 1756 642 hinc
1785 612 1861 642 inde
1891 619 2090 652 praetextus.

1131 649 1259 681 Clarius
1283 658 1390 682 autem
1415 652 1465 684 hic
1489 655 1681 693 exprimitur
1704 665 1799 694 quam
1829 660 1935 692 antea,
1970 666 2090 696 agnum

1130 692 1312 730 paschalem
1337 696 1433 725 fuisse
1458 696 1629 727 victimam.
1666 696 1719 728 Sic
1742 698 1828 727 enim
1853 697 1972 728 dicitur
1994 709 2090 730 versu

1131 734 1163 764 7:
1197 735 1264 766 Cur
1297 737 1537 775 prohibebimur
1578 750 1617 769 ne
1657 740 1828 770 offeramus
1871 740 2088 772 oblationem?

1129 776 1170 807 Et
1185 788 1212 808 V.
1230 778 1282 809 13:
1307 779 1391 818 Quia
1410 780 1602 811 oblationem
1617 781 1756 813 Iehovae
1770 792 1833 812 non
1847 783 1969 814 obtulit.
1995 783 2088 822 Quod

1128 819 1198 849 ideo
1222 822 1394 859 admoneo,
1423 823 1497 862 quia
1521 824 1707 854 existimant
1729 824 1856 864 quidam
1882 825 1926 856 sic
1949 827 2088 857 occisum

1128 862 1226 893 fuisse
1265 874 1384 903 agnum
1426 866 1608 904 paschalem
1648 872 1685 896 ut
1722 878 1785 897 non
1820 873 1905 898 esset
1938 869 2087 900 sacrificii

1127 905 1321 937 immolatio:
1362 918 1459 946 quum
1495 914 1601 938 tamen
1636 909 1786 940 distincte
1820 910 1943 941 Paulus
1977 911 2087 942 doceat

1126 948 1290 978 victimam
1321 949 1386 980 illic
1415 950 1514 980 fuisse
1544 951 1699 988 oblatam,
1730 957 1761 982 et
1785 952 1900 983 deinde
1923 963 2087 984 annexum

1126 990 1266 1029 epulum.
1323 991 1377 1023 Sic
1417 993 1503 1023 enim
1538 999 1653 1024 sonant
1686 994 1754 1025 eius
1788 995 1902 1031 verba,
1936 995 2086 1027 Christus

1124 1033 1243 1071 pascha
1264 1040 1409 1065 nostrum
1430 1035 1613 1067 immolatus
1633 1041 1689 1073 est,
1709 1037 1816 1077 itaque
1835 1037 2011 1077 epulemur.
2046 1039 2086 1069 In

1124 1076 1254 1106 nomine
1268 1078 1403 1113 animae,
1423 1084 1546 1117 quoties
1563 1089 1618 1118 pro
1637 1089 1769 1118 corpore
1788 1081 1929 1111 exanimi
1948 1082 2084 1121 capitur,

1122 1118 1326 1158 antiphrasin
1362 1130 1432 1151 esse
1465 1121 1612 1152 existimo
1646 1122 1776 1162 linguae
1808 1123 1976 1155 hebraicae
2006 1124 2084 1155 satis

1121 1160 1332 1200 frequentem.

1150 1305 1390 1337 APPENDIX
1414 1308 1598 1338 ALTERA
1622 1307 1683 1339 DE
1708 1308 2046 1341 PRIMOGENITIS

1213 1373 1576 1407 CONSECRANDIS.
1622 1376 1686 1407 EX
1710 1376 1859 1408 EXODI
1880 1377 1978 1407 XIII.

1205 1459 1230 1489 1.
1262 1459 1304 1489 Et
1333 1459 1476 1498 loquutus
1505 1463 1547 1491 est
1570 1461 1682 1492 Iolcova
1710 1462 1751 1492 ad
1782 1461 1906 1498 Mosen,
1937 1462 2079 1494 dicendo:

1118 1501 1147 1531 2.
1170 1501 1333 1541 Sanctifica
1358 1502 1434 1532 milii
1450 1503 1702 1542 primoyeiiitnm:
1724 1505 1877 1543 quidquid
1895 1506 1994 1544 aperit
2014 1506 2078 1536 vul-

1116 1553 1185 1574 vam
1209 1545 1242 1575 ‘in
1263 1545 1342 1583 filiis
1365 1545 1475 1583 Israel,
1499 1548 1561 1576 tam
1591 1547 1624 1576 in
1651 1546 1823 1577 hominibus
1851 1557 1943 1586 quam
1976 1549 2005 1578 in
2028 1549 2076 1578 ’ἰα-

1116 1587 1233 1624 mentis,
1257 1598 1356 1619 mcum
1379 1591 1429 1618 est.

1372 1758 1434 1788 EX
1458 1757 1619 1788 EODEM
1643 1757 1817 1789 GAPITE.

1201 1842 1248 1872 ii.
1284 1842 1442 1881 Quumque
1474 1843 1676 1873 introduxerit
1704 1845 1731 1873 te
1758 1842 1870 1873 Iehova
1897 1844 1930 1873 ‘tn
1959 1846 2074 1875 terram

1115 1884 1376 1921 Clzanailacorum,
1401 1885 1653 1923 quonmdmodum
1670 1886 1787 1916 inravit
1809 1886 1864 1916 tibi
1885 1889 1911 1917 et
1931 1886 2074 1927 patribus

1113 1927 1184 1965 luis,
1208 1930 1235 1957 et
1257 1928 1370 1958 dederit
1392 1938 1460 1958 etim
1483 1927 1545 1958 tim.
1594 1928 1640 1958 12.
1658 1928 1743 1958 Tunc
1765 1928 1933 1967 transferes
1955 1939 2073 1960 omnem

1113 1971 1300 2009 apertionem
1327 1970 1433 2001 vulvae
1456 1971 1496 2001 ad
1519 1970 1677 2000 [choram.-
1706 1980 1822 2000 omnem
1850 1972 2035 2009 apertionem
2049 1971 2072 2013 ¹)

1113 2013 1306 2043 emissionem
1321 2014 1445 2043 iumenti
1467 2013 1547 2051 quod
1569 2015 1654 2043 mmm
1677 2013 1750 2043 erit:
1772 2013 1920 2050 mascula,
1944 2013 2073 2045 Ionovae

1113 2058 1210 2086 erunt.
1259 2056 1307 2085 13.
1335 2056 1428 2086 ΟΜΝ
1457 2058 1558 2085 antem
1575 2056 1813 2095 prinioyenitnm
1836 2056 1920 2086 asini
1942 2057 2073 2087 redimes

1112 2097 1219 2129 hoedo:
1249 2099 1328 2137 quod
1356 2099 1384 2128 si
1414 2109 1470 2127 non
1499 2098 1677 2135 redemeris,
1706 2099 1845 2129 cervicem
1873 2098 2001 2138 franyes
2029 2099 2072 2130 ei:

1111 2151 1198 2171 omne
1220 2151 1335 2179 quoquo
1354 2141 1591 2180 primossmz'tszon
1618 2140 1750 2171 hominis
1777 2141 1807 2171 in
1836 2141 1914 2179 siliis
1941 2141 2004 2171 tuis
2025 2151 2071 2171 re-

1111 2184 1215 2214 dimes.
1265 2184 1312 2213 14.
1340 2185 1437 2222 (guum
1461 2186 1559 2214 <tidem
1587 2184 1818 2222 ‘interrotsaverit
1845 2185 1871 2213 te
1891 2183 1979 2221 filius
2000 2186 2072 2214 tuus

1110 2236 1189 2261 cras,
1212 2226 1354 2257 dicendo:
1380 2226 1461 2265 Quid
1482 2226 1559 2256 hoc?
1584 2226 1663 2255 Tum
1685 2226 1766 2257 (lices
1789 2226 1830 2255 ad
1852 2236 1928 2263 eum,
1952 2226 1985 2256 m
2006 2226 2071 2265 for-

1111 2269 1240 2299 titudine
1260 2279 1373 2299 manus
1394 2269 1498 2299 educit
1519 2278 1573 2299 nos
1596 2268 1708 2299 Ieliova
1731 2278 1768 2298 ea:
1791 2270 1926 2308 Aeyypto
1948 2279 1963 2298 e
1984 2269 2071 2299 domo

1111 2321 1277 2342 serrorwn.
1325 2312 1372 2341 15.
1403 2311 1445 2341 Et
1471 2311 1533 2350 ficit
1561 2321 1655 2350 quum
1684 2311 1861 2341 indurasset
1889 2321 1920 2341 se
1945 2310 2070 2341 Pharao

1110 2355 1275 2392 quominus
1297 2354 1459 2384 dinzltteret
1482 2363 1550 2390 nos,
1579 2353 1685 2383 occidit
1706 2353 1819 2383 Iehova
1850 2363 1936 2383 omne
1953 2353 2069 2392 primo-

1108 2397 1244 2436 yenitnm
1266 2397 1300 2427 in
1322 2399 1403 2427 terra.
1426 2396 1572 2435 Aeygspt‘i,
1595 2407 1614 2426 α
1632 2396 1834 2435 primogenito
1863 2396 1996 2426 hominis
2018 2406 2069 2426 us-

1109 2449 1165 2477 que
1194 2440 1235 2470 ad
1253 2439 1489 2478 primoyeiiitmn
1518 2438 1682 2468 ‹iiitmalz's:
1711 2439 1822 2469 ideirco
1851 2447 1901 2478 eyo
1930 2438 2070 2477 sacrifico

1110 2481 1239 2513 Iehovae
1268 2492 1383 2512 omnem
1418 2482 1600 2519 «pm-tionem
1629 2481 1738 2511 vulvae
1774 2491 1866 2511 sexus
1895 2481 2068 2519 masculini,

1108 2534 1194 2555 omne
1222 2526 1321 2554 antem
1344 2523 1583 2563 primoyonitztnc
1609 2523 1749 2561 filiorum
1779 2533 1914 2554 meorum
1939 2523 2067 2554 redimo.

1110 2567 1158 2597 16.
1190 2567 1232 2597 Et
1261 2568 1319 2597 crit
1352 2568 1384 2597 εήΥ
1416 2567 1539 2606 siynicm
1571 2576 1664 2604 sapor
1697 2576 1823 2597 manum
1844 2568 1946 2603 tuam,
1980 2568 2006 2597 et
2035 2566 2069 2596 in

1194 2660 1221 2692 1)
1241 2660 1277 2685 In
1295 2660 1430 2692 marqine:
1450 2660 1490 2684 vel
1509 2660 1616 2689 foetum,
1637 2659 1677 2683 vel
1696 2659 1910 2692 primogenitum.
