2304 3034
162 236 225 268 fuit
251 235 360 267 Deum
392 245 460 265 esse
492 233 590 264 totius
622 233 757 264 actionis
787 237 948 269 autorem,
979 233 1064 273 quod
1095 233 1134 264 ad

163 279 285 312 vocalis
314 277 478 309 doetrinae
506 275 819 307 commendationem
847 275 942 306 valet.
994 276 1137 307 Tametsi

164 323 252 354 enim
272 321 406 352 Aharon
423 319 484 350 Dei
504 318 631 357 legatus
650 323 681 348 et
700 318 835 357 spiritus
855 318 957 348 sancti
978 328 1137 358 organum

164 366 235 399 fuit.
261 363 408 395 videmus
433 367 541 392 tamen
565 372 628 391 non
655 360 752 391 fuisse
779 361 957 391 immunem
989 361 1028 392 ab
1052 361 1137 392 ordi-

164 409 257 439 naria
281 405 488 441 subiectione,
513 410 548 434 ut
571 403 693 434 scilieet
705 403 814 434 Deum
833 403 979 434 mortalis
997 403 1138 434 hominis

163 461 218 482 ore
243 449 429 488 loquentem
454 446 592 477 audiret.
634 446 747 485 Itaque
771 446 798 476 si
822 456 899 486 quos
923 446 1011 486 piget
1033 446 1138 477 doceri

164 491 359 524 intermedia
390 490 530 521 hominis
560 499 654 525 voce,
687 488 812 529 indigni
848 493 926 519 sunt
956 489 1072 528 quibus
1105 499 1138 520 se

166 535 258 567 Deus
282 534 444 564 doctorem
470 543 505 563 ac
529 532 721 572 magistrum
742 537 893 571 praestet.
939 531 1022 562 Nam
1044 532 1139 572 paulo

164 586 239 626 post
270 576 456 612 subiicitur,
488 575 601 606 Mosen
633 585 784 605 narrasse
814 574 968 614 quidquid
1002 574 1140 605 habebat

166 622 200 652 in
224 619 322 651 mand
327 620 405 653 1,1ῐ15
431 624 460 648 et
485 622 606 657 quanta
631 617 752 648 virtute
777 617 816 648 ad
839 616 997 648 miracula
1016 617 1140 648 edenda

166 664 348 695 instructus
382 662 471 692 foret.
525 660 659 691 Aharon
694 670 770 691 vero
805 660 890 700 ipse
932 659 1006 690 licet
1036 665 1139 690 aetate

167 707 290 739 maior.
313 706 463 737 fratrem.
483 714 577 743 quem
602 703 724 734 sciebat
747 703 809 734 Dei
838 712 907 733 esse
938 702 1138 742 prophetam,

168 760 233 781 non
257 748 361 779 solum
387 752 560 777 veneratus
584 751 648 781 est,
679 745 733 776 sed
763 746 853 785 quasi
882 745 1032 785 angelum
1053 745 1139 776 ultro

168 792 230 824 sibi
254 790 419 831 praefecit.
452 788 608 820 Osculum
633 790 764 829 ponitur
789 796 942 828 tanquam
967 789 1139 828 agnitionis

170 836 311 876 sio-num
335 843 396 872 quo
421 832 494 863 fidei
518 842 594 862 suae
618 831 844 862 certitudinem
871 836 1009 862 testatus
1032 836 1089 862 est.

255 877 305 907 29
340 875 483 906 Peroezit
506 875 602 915 igitur
625 874 729 905 Mose>³
752 877 777 905 et
800 874 941 905 Alimon.
988 874 1140 905 Breviter

166 921 220 952 hic
240 919 396 951 recitatur
416 923 537 957 quanta
561 917 623 948 fide
647 924 677 948 et
702 917 858 952 relioione
882 917 1051 956 exsequuti
1075 917 1141 947 sint

167 964 230 995 duo
254 963 371 993 fratres
398 960 551 991 mandata
578 960 649 991 Dei.
698 959 850 991 seniores
880 959 990 999 populi
1022 969 1139 990 convo-

166 1011 257 1043 cant,
287 1005 361 1044 quia
392 1004 551 1034 immensa
581 1002 756 1034 multitudo
786 1002 837 1043 (ut
868 1002 990 1033 dictum
1016 1002 1076 1043 est)
1106 1002 1139 1032 in

166 1059 268 1080 unum
293 1048 399 1078 locum
423 1047 492 1086 cogi
517 1057 580 1076 non
605 1050 742 1085 poterat.
785 1045 913 1076 Deinde
937 1050 1060 1076 certare
1082 1055 1137 1075 vo-

166 1091 253 1123 lebat
278 1090 367 1120 Deus
397 1100 460 1120 non
494 1088 695 1119 tumultuoso
726 1092 757 1119 et
787 1089 919 1120 confuso
943 1088 1046 1128 plebis
1075 1088 1139 1119 cla-

167 1145 266 1171 more,
291 1133 346 1164 sed
366 1132 531 1163 miraculis
555 1131 724 1163 coelestem
745 1132 925 1171 potentiam
949 1142 1021 1162 011111
1047 1130 1140 1171 gravi

167 1176 388 1209 moderatione
422 1174 632 1214 spirantibus.
696 1174 819 1205 Iterum
856 1184 933 1205 vero
967 1173 1140 1205 observatu

168 1220 303 1260 dignum
330 1223 386 1254 est
410 1218 547 1249 Aharon
572 1217 726 1248 substitui
749 1218 802 1257 qui
822 1217 926 1248 Mosis
950 1217 1019 1248 vioe
1041 1216 1140 1248 verba

166 1263 274 1295 faciat.
321 1245 404 1292 Nan]
429 1261 456 1291 si
480 1260 564 1291 Mosi
588 1259 736 1290 obstabat
760 1261 861 1296 hncm
863 1271 890 1291 10
914 1259 1057 1296 tarditas,
1083 1269 1140 1290 cur

168 1317 232 1337 non
267 1304 306 1335 ad
336 1314 410 1335 eum
441 1303 594 1342 (111-1011111·
619 1303 747 1334 sermo?
802 1294 966 1341 Quorsum
998 1302 1049 1333 hie
1078 1302 1140 1333 cir-

169 1349 291 1384 cuitus,
323 1352 359 1378 ut
389 1346 575 1386 promulget
599 1346 682 1386 apud
706 1345 861 1386 populum
886 1356 950 1376 non
978 1345 1060 1385 quod
1084 1355 1140 1375 au-

170 1391 253 1423 divit
277 1391 344 1430 ipse
372 1389 509 1426 directe,
539 1388 587 1429 (ut
611 1388 800 1430 loquuntur)
831 1388 886 1420 sed
917 1388 1055 1419 mediate
1084 1398 1141 1427 per

169 1444 303 1465 manum
335 1433 444 1463 fratris
476 1432 614 1471 accepit:
650 1432 712 1462 nisi
742 1431 827 1472 quod
863 1432 970 1463 Deum
1004 1430 1141 1462 oblectat

171 1477 250 1508 ordo
274 1477 334 1507 iste
363 1475 403 1506 ad
434 1475 632 1515 probandam
656 1485 788 1505 suorum
819 1473 936 1505 fidem?
983 1474 1027 1506 Ut
1055 1478 1141 1505 certe

172 1531 249 1551 vero
273 1519 423 1550 examine
446 1519 575 1558 cognita.
603 1518 664 1548 fuit
687 1518 902 1548 mansuetudo
931 1521 964 1548 et
986 1516 1142 1548 modestia

172 1563 326 1599 Aharon,
355 1561 431 1592 duni
455 1571 495 1591 ex
526 1561 632 1591 fratris
656 1571 710 1591 ore
733 1560 874 1601 pendere
899 1567 1054 1601 gravatus
1077 1569 1142 1590 non

174 1611 238 1637 est:
275 1603 390 1635 deinde
425 1604 589 1634 seniorum
619 1604 715 1634 etiam
752 1603 910 1639 docilitas,
947 1603 1023 1634 dum
1058 1602 1143 1643 passi

174 1655 249 1680 suut
274 1647 311 1678 de
334 1658 432 1677 manu
464 1647 497 1676 in
528 1657 662 1677 manum
693 1647 753 1677 sibi
783 1647 867 1677 tradi
891 1647 953 1678 Dei
982 1645 1143 1682 mandata,

175 1703 232 1723 nec
257 1690 383 1721 curiose
415 1690 551 1720 scrutati
581 1694 657 1720 sunt
680 1701 737 1720 cur
760 1700 825 1720 11011
849 1695 937 1721 recta
960 1690 1044 1730 ipsos
1067 1688 1144 1719 allo-

175 1740 327 1774 queretur
350 1733 449 1769 Deus,
475 1732 524 1762 vel
549 1742 566 1763 0
585 1732 673 1764 00010
697 1738 833 1764 tonaret..
874 1732 1068 1772 Quanquam
1092 1731 1146 1762 ad-

175 1778 236 1808 iuti
261 1777 357 1807 etiam
383 1775 513 1806 fuerunt
537 1775 717 1806 miraculis:
747 1776 823 1815 quia
846 1777 891 1808 sic
913 1775 1146 1815 obstupuerant

177 1821 209 1851 in
234 1820 302 1851 suis
326 1818 419 1849 malis
439 1824 475 1848 ut
494 1818 576 1848 nihil
596 1818 716 1858 alioqui
735 1819 889 1850 momenti
910 1818 1040 1850 haberet
1062 1817 1146 1857 apud

176 1863 264 1903 ipsos
288 1861 374 1892 nuda
399 1861 604 1900 praedicatio.

263 1905 313 1935 31.
338 1904 380 1935 Et
401 1904 531 1935 credidit
548 1904 692 1943 populus.
736 1904 796 1934 Vel
820 1909 867 1935 est
891 1903 1091 1944 synecdoche
1113 1903 1146 1934 in

176 1949 309 1980 nomine
332 1947 453 1987 populi,
478 1947 530 1977 vel
554 1947 716 1987 significat
740 1947 860 1984 Moses,
885 1952 1053 1987 postquam
1078 1946 1148 1977 vul-

177 1997 253 2033 gata
276 1991 338 2021 fuit
356 1991 452 2025 fama
473 2000 584 2021 omncs
604 2001 668 2020 uno
687 2001 845 2021 consensu
865 1990 1031 2030 amplexos
1050 1989 1148 2020 fuisse

176 2035 311 2066 missum
333 2033 370 2063 de
394 2032 616 2072 redemptione
641 2044 697 2064 5110
721 2034 885 2064 nuncium.
917 2033 1011 2063 Prior
1034 2043 1148 2063 sensus

176 2077 281 2117 magis
300 2076 432 2112 arridet,
457 2084 581 2115 partem
603 2086 661 2116 pro
681 2082 748 2106 toto
768 2077 858 2116 poni:
883 2076 956 2115 quia
976 2086 1050 2106 mox
1074 2075 1147 2105 sub-

178 2120 320 2151 nectitur
344 2119 487 2149 solennis
511 2118 654 2149 adoratio
687 2129 767 2158 quae
799 2119 869 2149 fieri
901 2119 962 2150 nisi
993 2119 1027 2149 in
1057 2122 1148 2149 coetu

178 2174 244 2194 non
269 2169 402 2202 poterat.
438 2162 611 2192 Caeterum
636 2172 729 2201 quam
754 2162 843 2192 fluxa
867 2166 897 2192 et
920 2161 1058 2192 erratica
1081 2161 1150 2191 fue-

179 2207 221 2237 rit
246 2206 324 2236 haec
345 2204 432 2240 fides,
456 2215 514 2235 suo
534 2204 601 2235 loco
620 2210 731 2244 postea
751 2204 946 2235 videbimus:
971 2210 1055 2236 certe
1076 2204 1150 2234 viva

182 2248 290 2279 radice
314 2248 470 2283 caruisse,
501 2258 540 2277 ex
572 2248 790 2278 inconstantia
821 2252 854 2278 et
877 2247 1009 2278 levitate
1034 2246 1148 2286 patuit.

181 2291 247 2323 Sed
283 2302 402 2321 novum
436 2302 496 2321 non
533 2296 596 2321 est.
632 2290 795 2321 Credendi
831 2289 965 2320 verbum
1003 2290 1042 2320 ad
1078 2299 1148 2328 pro-

181 2345 315 2375 pensam
348 2333 535 2364 facilitatem
571 2333 747 2373 improprie
779 2333 949 2364 transferri
972 2342 1053 2372 quae
1083 2342 1149 2362 mo-

182 2383 291 2408 mento
322 2376 497 2407 evanescit
550 2375 655 2407 Sicuti
686 2376 781 2406 ctiam
815 2375 965 2406 Christus
996 2374 1090 2405 fidem
1117 2375 1148 2404 in

183 2420 295 2451 multis
322 2419 531 2458 temporalem
563 2429 632 2449 0550
656 2418 748 2450 docet
771 2418 886 2459 (Marc
910 2418 1025 2459 415).
1072 2417 1148 2448 Cre-

184 2463 265 2493 didit
286 2473 362 2502 ergo
375 2462 513 2502 populus
525 2468 694 2501 postquam
715 2462 839 2492 audivit
862 2472 937 2492 suas
960 2460 1150 2491 afflictiones

185 2506 301 2545 respici
325 2516 341 2534 a
362 2505 446 2535 Deo:
472 2506 545 2544 quia
565 2514 671 2535 sermo
691 2504 745 2535 ille
770 2504 865 2535 fidem
891 2510 922 2534 et
943 2503 1149 2534 autoritatem

182 2549 330 2578 obtinuit.
388 2547 452 2578 Sed
498 2548 570 2578 talis
612 2548 672 2578 fuit
712 2547 887 2578 credulitas
922 2556 1017 2586 quam
1058 2545 1149 2576 facile

183 2590 358 2621 discuteret
392 2590 549 2621 adversus
583 2590 716 2629 quilibet
746 2591 857 2628 flatus,
898 2589 992 2621 sicuti
1024 2588 1148 2619 accidit.

157 146 191 173 m
756 138 1127 171 COMMENTARIUS
1150 139 1199 170 IN
1223 138 1372 170 EXODI
1395 137 1493 170 GAP.
1518 137 1560 171 V.

2113 136 2156 167 68

1190 233 1294 264 Docet
1324 236 1430 264 autem
1455 233 1508 264 hic
1536 232 1623 263 locus
1652 231 1733 262 nihil
1763 221 1873 269 niagni
1898 240 1951 261 eos
1981 233 2155 270 praestare,

1191 286 1249 307 nec
1275 286 1394 315 magna
1426 275 1518 306 laude
1549 285 1619 306 esse
1648 273 1761 314 dignos
1785 273 1838 312 qui
1866 272 1979 312 cupide
2004 272 2052 304 vel
2084 283 2157 312 pro-

1191 318 1266 349 clivi
1290 318 1407 349 affectu
1432 318 1595 357 recipiunt
1613 316 1696 356 quod
1717 316 1777 347 Dei
1802 315 1932 345 nomine
1955 317 2154 355 proponitur,

1192 361 1253 391 nisi
1283 361 1362 392 fides
1393 371 1502 391 eorum
1535 359 1683 391 cordibus
1718 359 1846 398 penitus
1881 358 1996 396 infixa,
2031 357 2158 389 fortiter

1193 404 1408 434 tentationum
1441 403 1580 433 insultus
1611 402 1780 432 sustinea.t
1825 400 1891 431 Alii
1922 383 2014 431 500115
2044 401 2158 432 distin-

1193 456 1311 487 guunt
1348 456 1464 485 nempe
1494 445 1575 485 quod
1608 444 1744 493 populus
1781 443 1967 479 crediderit,
2006 448 2035 473 et
2071 448 2159 483 post-

1193 500 1289 528 quam
1318 489 1443 519 audivit
1471 498 1563 527 opem
1595 488 1661 518 suis
1692 487 1785 517 malis
1810 491 1954 526 paratam
1980 495 2065 523 esse,
2090 486 2159 517 Deo

1193 533 1295 572 eoffciit
1319 532 1448 571 gratias.
1494 531 1595 562 Recte
1619 535 1727 560 tamen
1759 529 1873 569 copula
1902 529 1935 559 in
1966 529 2159 568 particulam

1193 575 1407 614 expositivam
1440 573 1629 609 resolvitur,
1660 572 1720 604 hoe
1744 582 1857 609 sensu,
1886 571 2029 612 Populus
2060 581 2159 611 quum

1194 618 1336 648 audisset
1359 616 1441 656 quod
1466 615 1622 646 referebat
1646 615 1790 651 Aharon.
1814 614 1959 646 credidit.
2006 613 2160 645 Visitatio

1194 660 1254 690 Dei
1280 659 1339 690 1100
1362 659 1429 689 1000
1453 659 1602 689 effectum
1626 659 1659 689 in
1684 669 1718 689 se
1741 658 1898 689 continet:
1931 657 2014 696 quod
2039 657 2161 688 scilicet

1193 703 1282 734 Deus
1317 702 1482 741 suppetias
1524 702 1607 732 ferre
1649 701 1746 732 vellet
1779 700 1896 732 misere
1929 700 2160 731 laborantibus.

1193 745 1348 776 Adoratio
1373 750 1478 775 autem
1507 744 1726 774 testimonium
1751 744 1810 774 fuit
1834 742 2060 784 gratitudiniS‚
2086 742 2161 782 quia.

1194 798 1255 819 non
1282 788 1359 818 satis
1383 788 1441 817 fuit
1464 787 1608 827 singulos
1633 787 1728 818 tacite
1760 786 1842 825 apud
1867 796 1901 817 se
1924 791 2075 825 reputare
2097 785 2161 816 Dei

1193 831 1394 866 beneficium,
1420 830 1481 860 nisi
1505 829 1610 869 palam
1635 840 1759 869 quoque
1777 829 1930 869 pietatem
1954 838 2045 859 suam
2069 838 2160 859 mon—

1193 879 1344 904 strarent.
1390 873 1463 903 Non
1488 873 1571 911 quod
1602 883 1798 913 magnopere
1822 872 1964 912 requirat
1987 870 2079 902 Deus
2105 881 2160 902 ex-

1194 921 1304 947 ternos
1336 916 1431 953 ritus,
1462 914 1517 946 scd
1554 916 1703 954 quoniam
1733 915 1825 946 utilia
1855 919 1929 946 sunt
1964 914 2161 945 infirmitatis

1194 964 1322 990 nostrae
1351 958 1560 989 adminicula:
1604 963 1636 988 et
1668 968 1804 997 aequum
1839 963 1886 989 est
1920 967 1984 987 non
2016 956 2160 988 animum

1193 1001 1288 1032 modo
1314 1001 1366 1032 sed
1392 1001 1489 1032 etiam
1514 1011 1632 1042 corpus
1656 1001 1688 1032 in
1713 1001 1774 1032 Dei
1800 1001 1888 1031 cultu
1911 1000 2064 1031 exerceri.

1573 1172 1722 1204 CAPUT
1745 1172 1786 1204 V.

1282 1258 1308 1288 1.
1335 1257 1444 1289 Postea
1467 1260 1613 1289 venerunt
1638 1257 1741 1289 1110305
1763 1261 1789 1289 et
1810 1257 1950 1296 Almo-on,
1970 1260 1995 1288 et
2017 1257 2163 1288 dixerunt

1196 1300 1375 1332 Pharaoni:
1400 1300 1452 1331 »Sic
1474 1302 1555 1332 dia-it
1579 1300 1693 1331 Ielzova
1711 1301 1800 1332 Deus
1818 1300 1938 1332 Israel:
1960 1300 2091 1331 Dimitte
2108 1309 2163 1338 po-

1188 1344 1300 1383 pulum
1324 1354 1424 1374 meum
1442 1347 1476 1374 nt
1492 1344 1601 1383 festum
1618 1344 1699 1374 diem
1719 1343 1862 1374 eelebrent
1880 1343 1958 1374 milei
1981 1344 2015 1374 in
2037 1343 2162 1374 deserto.

1195 1387 1223 1418 2.
1247 1386 1289 1417 Et
1309 1387 1389 1417 <lixit
1413 1386 1558 1418 Pharao:
1583 1387 1661 1426 Quis
1679 1389 1723 1417 est
1746 1387 1868 1424 Ieleova,
1891 1388 1925 1417 ut
1943 1386 2081 1417 obediam
2099 1385 2164 1416 voci

1194 1430 1261 1460 aas
1283 1430 1461 1461 dinzittmzdo
1486 1429 1664 1461 Israelem?
1701 1429 1773 1460 Non
1795 1430 1866 1460 novi
1890 1429 2050 1466 Ielzovam,
2075 1430 2165 1468 atque

1194 1473 1287 1503 etlam
1310 1472 1413 1503 Israel
1435 1483 1492 1503 uon
1514 1473 1678 1503 dimittam.
1723 1472 1752 1503 3.
1786 1472 1872 1503 Tunc
1893 1472 2052 1510 dixerunt,
2075 1470 2164 1502 Deus

1196 1515 1407 1546 ΗΘΜ-(10011011
1429 1516 1560 1547 occurrit
1582 1515 1674 1546 nobis.
1729 1515 1814 1555 Eryo
1842 1525 1950 1546 eamus
1979 1515 2037 1546 iter
2067 1514 2164 1545 trium

1195 1559 1315 1590 dieram
1356 1558 1384 1588 in
1421 1559 1587 1595 desertam,
1628 1561 1659 1588 ut
1693 1558 1903 1597 sacrificemus
1937 1557 2065 1588 Ielzovae
2097 1555 2165 1588 Deo

1196 1604 1311 1639 nostro,
1342 1611 1378 1631 110
1405 1601 1481 1640 forte
1514 1602 1615 1632 irruat
1648 1602 1681 1632 in
1712 1611 1767 1632 1103
1790 1601 1890 1640 pestis
1915 1600 1962 1632 vel
1987 1599 2164 1641 yladius¹).

1196 1645 1224 1675 4.
1249 1644 1343 1675 Dixit
1365 1643 1407 1674 ad
1425 1654 1473 1675 eos
1494 1654 1549 1675 rex
1568 1645 1718 1684 Aeyypti:
1749 1644 1787 1675 Ut
1804 1644 1880 1683 quid
1899 1643 2005 1675 Moses
2026 1645 2052 1674 et
2074 1642 2164 1673 Aha-

1196 1698 1251 1718 ron
1281 1686 1461 1717 abstrahitis
1483 1688 1636 1726 populum
1669 1687 1707 1718 ab
1736 1687 1878 1727 operibus
1911 1686 2003 1718 suis?
2047 1686 2095 1716 Ite
2123 1685 2166 1717 ad

1197 1730 1315 1762 labores
1338 1731 1458 1761 vestros.
1503 1730 1530 1761 5.
1555 1730 1597 1761 Et
1619 1730 1700 1761 dizit
1724 1730 1866 1761 Pharao.-
1896 1729 1948 1760 En
1970 1728 2060 1760 multi
2082 1737 2164 1759 nunc

1192 1773 1329 1812 populas
1351 1775 1458 1811 terrae,
1482 1776 1507 1804 et
1532 1783 1582 1804 ros
1604 1783 1723 1804 cessare
1744 1773 1851 1813 facitis
1872 1783 1891 1804 a
1910 1772 2065 1804 laboribus
2086 1771 2164 1803 suis.

1286 1859 1312 1889 1.
1340 1858 1449 1889 Postea
1472 1862 1616 1889 venerunt
1639 1858 1741 1890 Illoses
1764 1861 1791 1889 et
1816 1858 1956 1889 Allaron.
2012 1857 2076 1889 Hic
2098 1857 2164 1888 iam

1200 1912 1359 1942 exponere
1383 1901 1495 1941 incipit
1515 1902 1623 1933 Moses
1647 1907 1725 1942 quot
1748 1908 1778 1933 et
1802 1911 1899 1941 quam
1918 1901 2091 1950 magnifica
2110 1900 2165 1931 do-

1200 1949 1351 1976 cumenta
1380 1955 1457 1975 51100
1488 1945 1618 1976 virtutis
1649 1945 1785 1976 ediderit
1815 1944 1905 1975 Deus
1936 1945 1968 1974 in
1998 1941 2165 1974 liberando

1201 1988 1328 2028 populo.
1385 1987 1467 2018 Nam
1499 1998 1596 2027 quum
1620 1988 1652 2018 in
1677 1998 1752 2028 rege
1776 1986 1981 2018 indomabilis
2004 1990 2089 2017 esset
2111 1996 2164 2017 511-

1201 2030 1322 2071 perbia,
1342 2030 1432 2060 furor
1451 2037 1482 2060 et
1501 2030 1682 2067 obstinatio,
1707 2031 1834 2061 clausae
1849 2038 1942 2060 erant
1953 2039 2065 2060 omnes
2084 2029 2165 2065 viae,

1202 2073 1263 2104 nisi
1283 2072 1474 2103 mirabiliter
1493 2083 1528 2104 ac
1543 2074 1641 2104 variis
1653 2073 1756 2105 modis
1776 2074 1896 2104 fractus
1915 2078 2008 2103 esset.
2033 2072 2167 2103 Poterat

1202 2116 1331 2156 quidem
1356 2115 1444 2146 Deus
1469 2127 1540 2146 eum
1571 2117 1638 2147 solo
1664 2122 1745 2147 nutu
1771 2117 1879 2148 statim
1908 2115 2096 2155 profligare,
2129 2118 2167 2145 ut

1202 2159 1298 2189 etiam
1319 2158 1358 2188 ad
1378 2158 1480 2189 solum
1496 2159 1597 2190 Mosis
1619 2164 1827 2199 conspectum
1847 2158 2006 2189 exanimis
2018 2157 2165 2188 caderet:

1203 2201 1257 2232 sed
1282 2201 1384 2240 primo
1409 2201 1510 2231 voluit
1530 2201 1579 2242 (ut
1603 2207 1676 2233 ante
1696 2202 1875 2242 attigimus,
1911 2206 1942 2232 et
1961 2204 2072 2240 postea
2097 2200 2167 2240 ipse

1203 2243 1374 2284 exprimet)
1398 2244 1549 2275 virtutem
1580 2256 1671 2276 suam
1703 2245 1820 2276 clarius
1848 2244 2035 2283 patefacere.
2082 2243 2167 2274 Nam

1203 2287 1231 2318 si
1262 2286 1313 2317 vel
1343 2291 1455 2326 sponte
1484 2288 1632 2319 cessisset
1664 2288 1794 2319 Pharao
1829 2286 1878 2317 vel
1914 2286 2004 2317 nullo
2035 2286 2165 2326 negotio

1203 2330 1309 2361 victus
1321 2329 1411 2366 foret,
1433 2340 1496 2360 non
1516 2336 1581 2360 tam
1602 2331 1739 2362 illustris
1758 2330 1872 2361 fuisset
1886 2329 2040 2361 victoriae
2053 2328 2167 2369 gloria.

1202 2372 1317 2404 Voluit
1341 2371 1480 2403 secundo
1505 2373 1563 2404 hoc
1591 2378 1837 2404 monumentum
1868 2377 1995 2403 exstare
2025 2372 2090 2402 rari
2117 2371 2167 2402 sui

1203 2426 1280 2454 crea
1299 2415 1437 2445 electum
1452 2416 1604 2463 populum
1625 2416 1757 2447 amoris:
1777 2415 1852 2456 quia
1865 2420 1931 2446 tam
1945 2425 2039 2454 saepe
2052 2424 2089 2445 ac
2101 2419 2167 2445 tam

1204 2442 1308 2489 valide
1339 2468 1412 2488 cum
1445 2458 1658 2496 potentissimi
1688 2459 1773 2500 regis
1802 2458 1980 2498 pertinacia
2005 2456 2168 2495 certando,

1202 2500 1314 2566 quanti
1338 2500 1503 2531 ecclesiam
1536 2512 1626 2532 suam
1657 2501 1779 2534 faceret
1809 2512 1873 2532 non
1897 2501 2031 2532 obscure
2054 2499 2167 2540 proba-

1289 2594 1315 2627 1)
1335 2593 1370 2619 1n
1388 2594 1524 2626 maraine:
1545 2594 1601 2625 Vel,
1621 2596 1753 2628 pernicies
1773 2599 1819 2621 aut
1837 2595 1940 2628 gladius
1959 2598 2090 2620 occurrat.
