<?xml version="1.0" encoding="UTF-8"?>
<!DOCTYPE html PUBLIC "-//W3C//DTD XHTML 1.0 Transitional//EN"
    "http://www.w3.org/TR/xhtml1/DTD/xhtml1-transitional.dtd">
<html xmlns="http://www.w3.org/1999/xhtml" xml:lang="en" lang="en">
 <head>
  <title>
</title>
<meta http-equiv="Content-Type" content="text/html;charset=utf-8" />
  <meta name='ocr-system' content='tesseract 3.04.00' />
  <meta name='ocr-capabilities' content='ocr_page ocr_carea ocr_par ocr_line ocrx_word'/>
</head>
<body>
  <div class='ocr_page' id='page_1' title='image "./ioanniscalviniop24calv_0073.png"; bbox 0 0 2304 3034; ppageno 0'>
   <div class='ocr_carea' id='block_1_1' title="bbox 150 180 211 211">
    <p class='ocr_par' dir='ltr' id='par_1_1' title="bbox 150 180 211 211">
     <span class='ocr_line' id='line_1_1' title="bbox 150 180 211 211; baseline 0.016 -1"><span class='ocrx_word' id='word_1_1' title='bbox 150 180 211 211; x_wconf 79' lang='lat'>125</span> 
     </span>
    </p>
   </div>
   <div class='ocr_carea' id='block_1_2' title="bbox 142 269 1115 1500">
    <p class='ocr_par' dir='ltr' id='par_1_2' title="bbox 142 269 1115 1500">
     <span class='ocr_line' id='line_1_2' title="bbox 149 269 1114 314; baseline -0.007 -9"><span class='ocrx_word' id='word_1_2' title='bbox 149 275 204 314; x_wconf 91' lang='lat' dir='ltr'>qui</span> <span class='ocrx_word' id='word_1_3' title='bbox 227 273 365 305; x_wconf 88' lang='lat' dir='ltr'>scientes</span> <span class='ocrx_word' id='word_1_4' title='bbox 389 278 421 305; x_wconf 89' lang='lat' dir='ltr'>et</span> <span class='ocrx_word' id='word_1_5' title='bbox 445 273 587 305; x_wconf 88' lang='lat' dir='ltr'>volentes</span> <span class='ocrx_word' id='word_1_6' title='bbox 610 270 795 302; x_wconf 88' lang='lat' dir='ltr'>hominibus</span> <span class='ocrx_word' id='word_1_7' title='bbox 818 269 976 306; x_wconf 83' lang='lat' dir='ltr'>illudunt,</span> <span class='ocrx_word' id='word_1_8' title='bbox 1006 273 1038 299; x_wconf 91' lang='lat' dir='ltr'>et</span> <span class='ocrx_word' id='word_1_9' title='bbox 1061 278 1114 299; x_wconf 90' lang='lat' dir='ltr'>eos</span> 
     </span>
     <span class='ocr_line' id='line_1_3' title="bbox 148 310 1115 356; baseline -0.007 -9"><span class='ocrx_word' id='word_1_10' title='bbox 148 316 204 356; x_wconf 91' lang='lat' dir='ltr'>qui</span> <span class='ocrx_word' id='word_1_11' title='bbox 233 317 294 347; x_wconf 89' lang='lat' dir='ltr'>sibi</span> <span class='ocrx_word' id='word_1_12' title='bbox 323 317 401 356; x_wconf 91' lang='lat' dir='ltr'>ipsis</span> <span class='ocrx_word' id='word_1_13' title='bbox 431 315 604 346; x_wconf 86' lang='lat' dir='ltr'>blanditias</span> <span class='ocrx_word' id='word_1_14' title='bbox 634 314 766 349; x_wconf 86' lang='lat' dir='ltr'>faciunt,</span> <span class='ocrx_word' id='word_1_15' title='bbox 803 316 834 342; x_wconf 90' lang='lat' dir='ltr'>et</span> <span class='ocrx_word' id='word_1_16' title='bbox 863 311 908 342; x_wconf 90' lang='lat' dir='ltr'>sic</span> <span class='ocrx_word' id='word_1_17' title='bbox 938 310 1115 341; x_wconf 85' lang='lat' dir='ltr'>exhorrent</span> 
     </span>
     <span class='ocr_line' id='line_1_4' title="bbox 148 353 1113 390; baseline -0.008 0"><span class='ocrx_word' id='word_1_18' title='bbox 148 358 211 390; x_wconf 93' lang='lat' dir='ltr'>Dei</span> <span class='ocrx_word' id='word_1_19' title='bbox 240 358 394 390; x_wconf 90' lang='lat' dir='ltr'>iudicium</span> <span class='ocrx_word' id='word_1_20' title='bbox 425 363 461 389; x_wconf 90' lang='lat' dir='ltr'>ut</span> <span class='ocrx_word' id='word_1_21' title='bbox 493 357 626 388; x_wconf 88' lang='lat' dir='ltr'>interior</span> <span class='ocrx_word' id='word_1_22' title='bbox 654 355 758 387; x_wconf 88' lang='lat' dir='ltr'>cordis</span> <span class='ocrx_word' id='word_1_23' title='bbox 788 364 932 384; x_wconf 81' lang='lat' dir='ltr'>recessus</span> <span class='ocrx_word' id='word_1_24' title='bbox 956 353 1113 383; x_wconf 86' lang='lat' dir='ltr'>malitiam</span> 
     </span>
     <span class='ocr_line' id='line_1_5' title="bbox 150 395 1113 440; baseline -0.008 -8"><span class='ocrx_word' id='word_1_25' title='bbox 150 406 182 432; x_wconf 89' lang='lat' dir='ltr'>et</span> <span class='ocrx_word' id='word_1_26' title='bbox 205 401 403 440; x_wconf 80' lang='lat' dir='ltr'><strong>impietatem</strong></span> <span class='ocrx_word' id='word_1_27' title='bbox 428 401 545 431; x_wconf 87' lang='lat' dir='ltr'>foveat.</span> <span class='ocrx_word' id='word_1_28' title='bbox 579 398 686 429; x_wconf 88' lang='lat' dir='ltr'>Huius</span> <span class='ocrx_word' id='word_1_29' title='bbox 709 396 869 427; x_wconf 86' lang='lat' dir='ltr'>secundae</span> <span class='ocrx_word' id='word_1_30' title='bbox 892 400 988 426; x_wconf 89' lang='lat' dir='ltr'>notae</span> <span class='ocrx_word' id='word_1_31' title='bbox 1009 395 1113 435; x_wconf 76' lang='lat' dir='ltr'>hypo-</span> 
     </span>
     <span class='ocr_line' id='line_1_6' title="bbox 149 438 1115 481; baseline -0.007 -7"><span class='ocrx_word' id='word_1_32' title='bbox 149 444 229 475; x_wconf 87' lang='lat' dir='ltr'>crita</span> <span class='ocrx_word' id='word_1_33' title='bbox 258 444 319 474; x_wconf 85' lang='lat' dir='ltr'>fuit</span> <span class='ocrx_word' id='word_1_34' title='bbox 347 443 491 478; x_wconf 83' lang='lat' dir='ltr'>Pharao,</span> <span class='ocrx_word' id='word_1_35' title='bbox 521 441 575 481; x_wconf 88' lang='lat' dir='ltr'>qui</span> <span class='ocrx_word' id='word_1_36' title='bbox 607 440 733 470; x_wconf 88' lang='lat' dir='ltr'>tametsi</span> <span class='ocrx_word' id='word_1_37' title='bbox 764 449 804 469; x_wconf 82' lang='lat' dir='ltr'>ex</span> <span class='ocrx_word' id='word_1_38' title='bbox 834 438 977 478; x_wconf 90' lang='lat' dir='ltr'>professo</span> <span class='ocrx_word' id='word_1_39' title='bbox 1011 438 1115 468; x_wconf 89' lang='lat' dir='ltr'>noluit</span> 
     </span>
     <span class='ocr_line' id='line_1_7' title="bbox 149 481 1112 521; baseline -0.008 -4"><span class='ocrx_word' id='word_1_40' title='bbox 149 485 200 517; x_wconf 91' lang='lat' dir='ltr'>vel</span> <span class='ocrx_word' id='word_1_41' title='bbox 231 485 301 517; x_wconf 87' lang='lat' dir='ltr'>Deo</span> <span class='ocrx_word' id='word_1_42' title='bbox 331 486 380 516; x_wconf 89' lang='lat' dir='ltr'>vel</span> <span class='ocrx_word' id='word_1_43' title='bbox 411 484 495 515; x_wconf 87' lang='lat' dir='ltr'>Mosi</span> <span class='ocrx_word' id='word_1_44' title='bbox 524 482 672 518; x_wconf 84' lang='lat' dir='ltr'>illudere,</span> <span class='ocrx_word' id='word_1_45' title='bbox 706 482 781 521; x_wconf 84' lang='lat' dir='ltr'>quia</span> <span class='ocrx_word' id='word_1_46' title='bbox 812 487 919 511; x_wconf 88' lang='lat' dir='ltr'>tamen</span> <span class='ocrx_word' id='word_1_47' title='bbox 950 490 983 510; x_wconf 89' lang='lat' dir='ltr'>se</span> <span class='ocrx_word' id='word_1_48' title='bbox 1007 481 1112 519; x_wconf 88' lang='lat' dir='ltr'>ipsum</span> 
     </span>
     <span class='ocr_line' id='line_1_8' title="bbox 148 523 1114 564; baseline -0.007 -5"><span class='ocrx_word' id='word_1_49' title='bbox 148 539 214 559; x_wconf 90' lang='lat' dir='ltr'>non</span> <span class='ocrx_word' id='word_1_50' title='bbox 238 529 387 564; x_wconf 77' lang='lat' dir='ltr'>excussit,</span> <span class='ocrx_word' id='word_1_51' title='bbox 411 538 475 557; x_wconf 91' lang='lat' dir='ltr'>non</span> <span class='ocrx_word' id='word_1_52' title='bbox 499 527 622 556; x_wconf 82' lang='lat' dir='ltr'>sincere</span> <span class='ocrx_word' id='word_1_53' title='bbox 644 529 807 564; x_wconf 87' lang='lat' dir='ltr'>peccatum</span> <span class='ocrx_word' id='word_1_54' title='bbox 833 533 925 554; x_wconf 91' lang='lat' dir='ltr'>suum</span> <span class='ocrx_word' id='word_1_55' title='bbox 950 523 1114 554; x_wconf 86' lang='lat' dir='ltr'>confessus</span> 
     </span>
     <span class='ocr_line' id='line_1_9' title="bbox 149 564 1113 610; baseline -0.008 -8"><span class='ocrx_word' id='word_1_56' title='bbox 149 575 206 602; x_wconf 88' lang='lat' dir='ltr'>est.</span> <span class='ocrx_word' id='word_1_57' title='bbox 259 571 366 610; x_wconf 84' lang='lat' dir='ltr'>Atque</span> <span class='ocrx_word' id='word_1_58' title='bbox 395 569 427 599; x_wconf 91' lang='lat' dir='ltr'>id</span> <span class='ocrx_word' id='word_1_59' title='bbox 455 568 628 608; x_wconf 78' lang='lat' dir='ltr'>diligenter</span> <span class='ocrx_word' id='word_1_60' title='bbox 660 565 835 596; x_wconf 87' lang='lat' dir='ltr'>notandum</span> <span class='ocrx_word' id='word_1_61' title='bbox 873 570 937 602; x_wconf 83' lang='lat' dir='ltr'>est,</span> <span class='ocrx_word' id='word_1_62' title='bbox 971 575 1011 595; x_wconf 90' lang='lat' dir='ltr'>ne</span> <span class='ocrx_word' id='word_1_63' title='bbox 1042 564 1113 604; x_wconf 91' lang='lat' dir='ltr'>quis</span> 
     </span>
     <span class='ocr_line' id='line_1_10' title="bbox 149 607 1112 652; baseline -0.008 -7"><span class='ocrx_word' id='word_1_64' title='bbox 149 614 275 645; x_wconf 77' lang='lat' dir='ltr'>fucatae</span> <span class='ocrx_word' id='word_1_65' title='bbox 295 611 512 652; x_wconf 89' lang='lat' dir='ltr'>poenitentiae</span> <span class='ocrx_word' id='word_1_66' title='bbox 534 609 725 646; x_wconf 83' lang='lat' dir='ltr'>indormiat,</span> <span class='ocrx_word' id='word_1_67' title='bbox 761 619 796 639; x_wconf 89' lang='lat' dir='ltr'>ac</span> <span class='ocrx_word' id='word_1_68' title='bbox 827 608 853 639; x_wconf 88' lang='lat' dir='ltr'>si</span> <span class='ocrx_word' id='word_1_69' title='bbox 877 608 985 638; x_wconf 90' lang='lat' dir='ltr'>Deum</span> <span class='ocrx_word' id='word_1_70' title='bbox 1009 607 1112 647; x_wconf 88' lang='lat' dir='ltr'>placa-</span> 
     </span>
     <span class='ocr_line' id='line_1_11' title="bbox 149 649 1112 694; baseline -0.006 -8"><span class='ocrx_word' id='word_1_71' title='bbox 149 661 200 686; x_wconf 91' lang='lat' dir='ltr'>ret</span> <span class='ocrx_word' id='word_1_72' title='bbox 230 654 414 694; x_wconf 87' lang='lat' dir='ltr'>temporalis</span> <span class='ocrx_word' id='word_1_73' title='bbox 437 659 557 688; x_wconf 81' lang='lat' dir='ltr'>metusy</span> <span class='ocrx_word' id='word_1_74' title='bbox 593 652 642 682; x_wconf 90' lang='lat' dir='ltr'>vel</span> <span class='ocrx_word' id='word_1_75' title='bbox 664 656 771 682; x_wconf 84' lang='lat' dir='ltr'>coacta</span> <span class='ocrx_word' id='word_1_76' title='bbox 796 650 971 681; x_wconf 81' lang='lat' dir='ltr'>humilitas.</span> <span class='ocrx_word' id='word_1_77' title='bbox 1018 649 1112 688; x_wconf 82' lang='lat' dir='ltr'>Quod</span> 
     </span>
     <span class='ocr_line' id='line_1_12' title="bbox 148 692 1112 734; baseline -0.007 -5"><span class='ocrx_word' id='word_1_78' title='bbox 148 709 182 729; x_wconf 88' lang='lat' dir='ltr'>se</span> <span class='ocrx_word' id='word_1_79' title='bbox 206 699 239 728; x_wconf 92' lang='lat' dir='ltr'>in</span> <span class='ocrx_word' id='word_1_80' title='bbox 263 698 368 728; x_wconf 90' lang='lat' dir='ltr'>Deum</span> <span class='ocrx_word' id='word_1_81' title='bbox 393 702 423 725; x_wconf 92' lang='lat' dir='ltr'>et</span> <span class='ocrx_word' id='word_1_82' title='bbox 444 695 607 726; x_wconf 86' lang='lat' dir='ltr'>Israelitas</span> <span class='ocrx_word' id='word_1_83' title='bbox 626 703 775 734; x_wconf 80' lang='lat' dir='ltr'>peccasse</span> <span class='ocrx_word' id='word_1_84' title='bbox 799 693 891 729; x_wconf 89' lang='lat' dir='ltr'>dicit,</span> <span class='ocrx_word' id='word_1_85' title='bbox 919 693 964 723; x_wconf 88' lang='lat' dir='ltr'>ita</span> <span class='ocrx_word' id='word_1_86' title='bbox 995 692 1112 723; x_wconf 87' lang='lat' dir='ltr'>resolvi</span> 
     </span>
     <span class='ocr_line' id='line_1_13' title="bbox 150 735 1111 776; baseline -0.006 -5"><span class='ocrx_word' id='word_1_87' title='bbox 150 740 252 776; x_wconf 89' lang='lat' dir='ltr'>debet,</span> <span class='ocrx_word' id='word_1_88' title='bbox 277 740 372 769; x_wconf 87' lang='lat' dir='ltr'>fuisse</span> <span class='ocrx_word' id='word_1_89' title='bbox 396 739 428 768; x_wconf 90' lang='lat' dir='ltr'>in</span> <span class='ocrx_word' id='word_1_90' title='bbox 452 736 558 768; x_wconf 90' lang='lat' dir='ltr'>Deum</span> <span class='ocrx_word' id='word_1_91' title='bbox 589 736 749 773; x_wconf 76' lang='lat' dir='ltr'>rebellem,</span> <span class='ocrx_word' id='word_1_92' title='bbox 783 736 856 775; x_wconf 86' lang='lat' dir='ltr'>quia</span> <span class='ocrx_word' id='word_1_93' title='bbox 880 736 998 765; x_wconf 86' lang='lat' dir='ltr'>iniuste</span> <span class='ocrx_word' id='word_1_94' title='bbox 1029 735 1111 766; x_wconf 85' lang='lat' dir='ltr'>affli-</span> 
     </span>
     <span class='ocr_line' id='line_1_14' title="bbox 148 777 1111 821; baseline -0.006 -8"><span class='ocrx_word' id='word_1_95' title='bbox 148 784 231 813; x_wconf 76' lang='lat' dir='ltr'>xerit</span> <span class='ocrx_word' id='word_1_96' title='bbox 256 781 406 821; x_wconf 90' lang='lat' dir='ltr'>populum</span> <span class='ocrx_word' id='word_1_97' title='bbox 430 790 523 819; x_wconf 92' lang='lat' dir='ltr'>quem</span> <span class='ocrx_word' id='word_1_98' title='bbox 555 779 608 809; x_wconf 92' lang='lat' dir='ltr'>ille</span> <span class='ocrx_word' id='word_1_99' title='bbox 638 780 672 809; x_wconf 91' lang='lat' dir='ltr'>in</span> <span class='ocrx_word' id='word_1_100' title='bbox 703 789 813 810; x_wconf 88' lang='lat' dir='ltr'>curam</span> <span class='ocrx_word' id='word_1_101' title='bbox 837 777 997 817; x_wconf 82' lang='lat' dir='ltr'>fidemque</span> <span class='ocrx_word' id='word_1_102' title='bbox 1020 788 1111 808; x_wconf 90' lang='lat' dir='ltr'>suam</span> 
     </span>
     <span class='ocr_line' id='line_1_15' title="bbox 149 820 1111 863; baseline -0.005 -8"><span class='ocrx_word' id='word_1_103' title='bbox 149 830 323 863; x_wconf 83' lang='lat' dir='ltr'>receperat.</span> <span class='ocrx_word' id='word_1_104' title='bbox 359 822 431 853; x_wconf 82' lang='lat' dir='ltr'>Etsi</span> <span class='ocrx_word' id='word_1_105' title='bbox 455 822 540 852; x_wconf 89' lang='lat' dir='ltr'>enim</span> <span class='ocrx_word' id='word_1_106' title='bbox 565 831 627 852; x_wconf 93' lang='lat' dir='ltr'>non</span> <span class='ocrx_word' id='word_1_107' title='bbox 653 827 723 851; x_wconf 83' lang='lat' dir='ltr'>erat</span> <span class='ocrx_word' id='word_1_108' title='bbox 746 832 765 851; x_wconf 89' lang='lat' dir='ltr'>a</span> <span class='ocrx_word' id='word_1_109' title='bbox 780 821 947 860; x_wconf 89' lang='lat' dir='ltr'>prophetis</span> <span class='ocrx_word' id='word_1_110' title='bbox 970 820 1111 856; x_wconf 88' lang='lat' dir='ltr'>edoctus,</span> 
     </span>
     <span class='ocr_line' id='line_1_16' title="bbox 150 863 1112 903; baseline -0.005 -5"><span class='ocrx_word' id='word_1_111' title='bbox 150 867 277 898; x_wconf 87' lang='lat' dir='ltr'>tenebat</span> <span class='ocrx_word' id='word_1_112' title='bbox 308 872 412 895; x_wconf 86' lang='lat' dir='ltr'>tamen</span> <span class='ocrx_word' id='word_1_113' title='bbox 444 865 640 903; x_wconf 87' lang='lat' dir='ltr'>principium</span> <span class='ocrx_word' id='word_1_114' title='bbox 666 863 760 894; x_wconf 77' lang='lat' dir='ltr'>illud2</span> <span class='ocrx_word' id='word_1_115' title='bbox 791 864 865 902; x_wconf 87' lang='lat' dir='ltr'>quia</span> <span class='ocrx_word' id='word_1_116' title='bbox 894 864 984 893; x_wconf 87' lang='lat' dir='ltr'>Deus</span> <span class='ocrx_word' id='word_1_117' title='bbox 1016 863 1112 893; x_wconf 89' lang='lat' dir='ltr'>claris</span> 
     </span>
     <span class='ocr_line' id='line_1_17' title="bbox 148 905 1111 948; baseline -0.005 -8"><span class='ocrx_word' id='word_1_118' title='bbox 148 914 179 940; x_wconf 82' lang='lat' dir='ltr'>et</span> <span class='ocrx_word' id='word_1_119' title='bbox 212 907 390 948; x_wconf 84' lang='lat' dir='ltr'>insignibus</span> <span class='ocrx_word' id='word_1_120' title='bbox 424 907 587 937; x_wconf 76' lang='lat' dir='ltr'>miraculis</span> <span class='ocrx_word' id='word_1_121' title='bbox 617 906 801 937; x_wconf 75' lang='lat' dir='ltr'>ostenderat</span> <span class='ocrx_word' id='word_1_122' title='bbox 831 905 986 946; x_wconf 87' lang='lat' dir='ltr'>populum</span> <span class='ocrx_word' id='word_1_123' title='bbox 1019 905 1111 936; x_wconf 89' lang='lat' dir='ltr'>illum</span> 
     </span>
     <span class='ocr_line' id='line_1_18' title="bbox 147 949 1111 989; baseline -0.004 -7"><span class='ocrx_word' id='word_1_124' title='bbox 147 951 208 983; x_wconf 88' lang='lat' dir='ltr'>sub</span> <span class='ocrx_word' id='word_1_125' title='bbox 250 950 349 981; x_wconf 91' lang='lat' dir='ltr'>tutela</span> <span class='ocrx_word' id='word_1_126' title='bbox 391 954 422 980; x_wconf 91' lang='lat' dir='ltr'>et</span> <span class='ocrx_word' id='word_1_127' title='bbox 464 949 664 989; x_wconf 88' lang='lat' dir='ltr'>protectione</span> <span class='ocrx_word' id='word_1_128' title='bbox 709 959 767 979; x_wconf 88' lang='lat' dir='ltr'>sua</span> <span class='ocrx_word' id='word_1_129' title='bbox 809 959 895 985; x_wconf 85' lang='lat' dir='ltr'>esse,</span> <span class='ocrx_word' id='word_1_130' title='bbox 937 949 1047 987; x_wconf 88' lang='lat' dir='ltr'>iniqua</span> <span class='ocrx_word' id='word_1_131' title='bbox 1081 955 1111 978; x_wconf 87' lang='lat' dir='ltr'>et</span> 
     </span>
     <span class='ocr_line' id='line_1_19' title="bbox 147 990 1110 1035; baseline -0.006 -9"><span class='ocrx_word' id='word_1_132' title='bbox 147 993 317 1035; x_wconf 80' lang='lat' dir='ltr'>tyrannica</span> <span class='ocrx_word' id='word_1_133' title='bbox 350 991 436 1022; x_wconf 85' lang='lat' dir='ltr'>illius</span> <span class='ocrx_word' id='word_1_134' title='bbox 469 992 677 1031; x_wconf 82' lang='lat' dir='ltr'>oppressione</span> <span class='ocrx_word' id='word_1_135' title='bbox 712 993 828 1022; x_wconf 84' lang='lat' dir='ltr'>factam</span> <span class='ocrx_word' id='word_1_136' title='bbox 863 1002 931 1021; x_wconf 76' lang='lat' dir='ltr'>esse</span> <span class='ocrx_word' id='word_1_137' title='bbox 958 990 1110 1021; x_wconf 85' lang='lat' dir='ltr'>iniuriam</span> 
     </span>
     <span class='ocr_line' id='line_1_20' title="bbox 146 1033 1111 1076; baseline -0.003 -10"><span class='ocrx_word' id='word_1_138' title='bbox 146 1042 279 1076; x_wconf 88' lang='lat' dir='ltr'>patrono</span> <span class='ocrx_word' id='word_1_139' title='bbox 303 1039 334 1064; x_wconf 85' lang='lat' dir='ltr'>et</span> <span class='ocrx_word' id='word_1_140' title='bbox 356 1033 488 1065; x_wconf 80' lang='lat' dir='ltr'>custodi.</span> <span class='ocrx_word' id='word_1_141' title='bbox 535 1034 593 1065; x_wconf 88' lang='lat' dir='ltr'>Bis</span> <span class='ocrx_word' id='word_1_142' title='bbox 615 1045 692 1074; x_wconf 84' lang='lat' dir='ltr'>ergo</span> <span class='ocrx_word' id='word_1_143' title='bbox 711 1044 745 1064; x_wconf 90' lang='lat' dir='ltr'>se</span> <span class='ocrx_word' id='word_1_144' title='bbox 764 1045 854 1065; x_wconf 89' lang='lat' dir='ltr'>reum</span> <span class='ocrx_word' id='word_1_145' title='bbox 876 1034 1004 1070; x_wconf 76' lang='lat' dir='ltr'>fatetur,</span> <span class='ocrx_word' id='word_1_146' title='bbox 1027 1033 1111 1072; x_wconf 91' lang='lat' dir='ltr'>quod</span> 
     </span>
     <span class='ocr_line' id='line_1_21' title="bbox 144 1076 1112 1118; baseline -0.005 -8"><span class='ocrx_word' id='word_1_147' title='bbox 144 1079 177 1110; x_wconf 89' lang='lat' dir='ltr'>in</span> <span class='ocrx_word' id='word_1_148' title='bbox 209 1077 359 1118; x_wconf 87' lang='lat' dir='ltr'>populum</span> <span class='ocrx_word' id='word_1_149' title='bbox 387 1077 484 1107; x_wconf 88' lang='lat' dir='ltr'>fuerit</span> <span class='ocrx_word' id='word_1_150' title='bbox 513 1076 666 1113; x_wconf 85' lang='lat' dir='ltr'>crudelis,</span> <span class='ocrx_word' id='word_1_151' title='bbox 701 1083 732 1107; x_wconf 90' lang='lat' dir='ltr'>et</span> <span class='ocrx_word' id='word_1_152' title='bbox 765 1077 873 1107; x_wconf 90' lang='lat' dir='ltr'>Deum</span> <span class='ocrx_word' id='word_1_153' title='bbox 907 1076 1005 1115; x_wconf 88' lang='lat' dir='ltr'>impie</span> <span class='ocrx_word' id='word_1_154' title='bbox 1039 1086 1112 1107; x_wconf 89' lang='lat' dir='ltr'>con-</span> 
     </span>
     <span class='ocr_line' id='line_1_22' title="bbox 145 1119 1111 1160; baseline -0.003 -9"><span class='ocrx_word' id='word_1_155' title='bbox 145 1121 320 1160; x_wconf 82' lang='lat' dir='ltr'>tempserit.</span> <span class='ocrx_word' id='word_1_156' title='bbox 371 1119 442 1150; x_wconf 90' lang='lat' dir='ltr'>Hoc</span> <span class='ocrx_word' id='word_1_157' title='bbox 471 1130 566 1150; x_wconf 87' lang='lat' dir='ltr'>verae</span> <span class='ocrx_word' id='word_1_158' title='bbox 592 1120 849 1159; x_wconf 86' lang='lat' dir='ltr'>resispiscentiae</span> <span class='ocrx_word' id='word_1_159' title='bbox 880 1119 993 1149; x_wconf 87' lang='lat' dir='ltr'>fuisset</span> <span class='ocrx_word' id='word_1_160' title='bbox 1024 1119 1111 1149; x_wconf 81' lang='lat' dir='ltr'>testi-</span> 
     </span>
     <span class='ocr_line' id='line_1_23' title="bbox 144 1161 1109 1202; baseline -0.003 -8"><span class='ocrx_word' id='word_1_161' title='bbox 144 1163 289 1194; x_wconf 91' lang='lat' dir='ltr'>monium</span> <span class='ocrx_word' id='word_1_162' title='bbox 322 1162 349 1192; x_wconf 86' lang='lat' dir='ltr'>si</span> <span class='ocrx_word' id='word_1_163' title='bbox 383 1173 422 1192; x_wconf 84' lang='lat' dir='ltr'>ex</span> <span class='ocrx_word' id='word_1_164' title='bbox 450 1172 530 1202; x_wconf 90' lang='lat' dir='ltr'>puro</span> <span class='ocrx_word' id='word_1_165' title='bbox 564 1162 769 1202; x_wconf 84' lang='lat' dir='ltr'>ingenuoque</span> <span class='ocrx_word' id='word_1_166' title='bbox 804 1162 918 1192; x_wconf 83' lang='lat' dir='ltr'>affeetu</span> <span class='ocrx_word' id='word_1_167' title='bbox 955 1161 1109 1192; x_wconf 76' lang='lat' dir='ltr'>fluxisset.</span> 
     </span>
     <span class='ocr_line' id='line_1_24' title="bbox 143 1204 1110 1244; baseline -0.003 -7"><span class='ocrx_word' id='word_1_168' title='bbox 143 1206 226 1237; x_wconf 91' lang='lat' dir='ltr'>Nam</span> <span class='ocrx_word' id='word_1_169' title='bbox 257 1210 417 1244; x_wconf 87' lang='lat' dir='ltr'>peccator,</span> <span class='ocrx_word' id='word_1_170' title='bbox 451 1210 565 1244; x_wconf 91' lang='lat' dir='ltr'>sponte</span> <span class='ocrx_word' id='word_1_171' title='bbox 596 1216 629 1236; x_wconf 91' lang='lat' dir='ltr'>se</span> <span class='ocrx_word' id='word_1_172' title='bbox 660 1204 854 1235; x_wconf 85' lang='lat' dir='ltr'>damnando:</span> <span class='ocrx_word' id='word_1_173' title='bbox 892 1204 953 1235; x_wconf 84' lang='lat' dir='ltr'>Dei</span> <span class='ocrx_word' id='word_1_174' title='bbox 992 1204 1110 1235; x_wconf 91' lang='lat' dir='ltr'>iudicio</span> 
     </span>
     <span class='ocr_line' id='line_1_25' title="bbox 143 1246 1109 1287; baseline -0.002 -8"><span class='ocrx_word' id='word_1_175' title='bbox 143 1248 291 1279; x_wconf 88' lang='lat' dir='ltr'>occurrit.</span> <span class='ocrx_word' id='word_1_176' title='bbox 338 1247 516 1278; x_wconf 82' lang='lat' dir='ltr'>Humilitas</span> <span class='ocrx_word' id='word_1_177' title='bbox 540 1248 634 1278; x_wconf 83' lang='lat' dir='ltr'>etiam</span> <span class='ocrx_word' id='word_1_178' title='bbox 670 1249 703 1277; x_wconf 93' lang='lat' dir='ltr'>in</span> <span class='ocrx_word' id='word_1_179' title='bbox 727 1258 764 1277; x_wconf 84' lang='lat' dir='ltr'>ea</span> <span class='ocrx_word' id='word_1_180' title='bbox 787 1252 878 1287; x_wconf 86' lang='lat' dir='ltr'>parte</span> <span class='ocrx_word' id='word_1_181' title='bbox 902 1257 965 1277; x_wconf 92' lang='lat' dir='ltr'>non</span> <span class='ocrx_word' id='word_1_182' title='bbox 990 1246 1109 1277; x_wconf 90' lang='lat' dir='ltr'>medio-</span> 
     </span>
     <span class='ocr_line' id='line_1_26' title="bbox 142 1289 1110 1329; baseline -0.002 -8"><span class='ocrx_word' id='word_1_183' title='bbox 142 1292 205 1321; x_wconf 87' lang='lat' dir='ltr'>cris</span> <span class='ocrx_word' id='word_1_184' title='bbox 237 1296 383 1329; x_wconf 83' lang='lat' dir='ltr'>apparet.</span> <span class='ocrx_word' id='word_1_185' title='bbox 418 1289 494 1320; x_wconf 86' lang='lat' dir='ltr'>dum</span> <span class='ocrx_word' id='word_1_186' title='bbox 526 1291 714 1329; x_wconf 83' lang='lat' dir='ltr'>suppliciter</span> <span class='ocrx_word' id='word_1_187' title='bbox 746 1290 873 1320; x_wconf 83' lang='lat' dir='ltr'>veniam</span> <span class='ocrx_word' id='word_1_188' title='bbox 909 1294 1058 1329; x_wconf 75' lang='lat' dir='ltr'>precatur</span> <span class='ocrx_word' id='word_1_189' title='bbox 1092 1300 1110 1319; x_wconf 90' lang='lat' dir='ltr'>a</span> 
     </span>
     <span class='ocr_line' id='line_1_27' title="bbox 142 1333 1111 1372; baseline -0.002 -8"><span class='ocrx_word' id='word_1_190' title='bbox 142 1333 244 1364; x_wconf 85' lang='lat' dir='ltr'>Mose.</span> <span class='ocrx_word' id='word_1_191' title='bbox 291 1333 397 1363; x_wconf 80' lang='lat' dir='ltr'>Rarae</span> <span class='ocrx_word' id='word_1_192' title='bbox 421 1334 503 1363; x_wconf 85' lang='lat' dir='ltr'>enim</span> <span class='ocrx_word' id='word_1_193' title='bbox 530 1333 660 1363; x_wconf 85' lang='lat' dir='ltr'>virtutis</span> <span class='ocrx_word' id='word_1_194' title='bbox 683 1333 751 1370; x_wconf 82' lang='lat' dir='ltr'>fuit,</span> <span class='ocrx_word' id='word_1_195' title='bbox 777 1333 1037 1372; x_wconf 86' lang='lat' dir='ltr'>potentissimum</span> <span class='ocrx_word' id='word_1_196' title='bbox 1063 1342 1111 1362; x_wconf 88' lang='lat' dir='ltr'>re-</span> 
     </span>
     <span class='ocr_line' id='line_1_28' title="bbox 142 1374 1108 1417; baseline -0.002 -10"><span class='ocrx_word' id='word_1_197' title='bbox 142 1386 216 1417; x_wconf 84' lang='lat' dir='ltr'>gem</span> <span class='ocrx_word' id='word_1_198' title='bbox 240 1386 273 1406; x_wconf 91' lang='lat' dir='ltr'>se</span> <span class='ocrx_word' id='word_1_199' title='bbox 296 1376 340 1406; x_wconf 89' lang='lat' dir='ltr'>ita</span> <span class='ocrx_word' id='word_1_200' title='bbox 359 1374 548 1406; x_wconf 81' lang='lat' dir='ltr'>submittere</span> <span class='ocrx_word' id='word_1_201' title='bbox 569 1376 691 1406; x_wconf 88' lang='lat' dir='ltr'>homini</span> <span class='ocrx_word' id='word_1_202' title='bbox 710 1376 845 1406; x_wconf 86' lang='lat' dir='ltr'>obscuro</span> <span class='ocrx_word' id='word_1_203' title='bbox 865 1381 895 1405; x_wconf 84' lang='lat' dir='ltr'>et</span> <span class='ocrx_word' id='word_1_204' title='bbox 915 1379 1108 1414; x_wconf 85' lang='lat' dir='ltr'>contempto,</span> 
     </span>
     <span class='ocr_line' id='line_1_29' title="bbox 143 1417 1110 1459; baseline -0.002 -10"><span class='ocrx_word' id='word_1_205' title='bbox 143 1418 226 1459; x_wconf 89' lang='lat' dir='ltr'>quod</span> <span class='ocrx_word' id='word_1_206' title='bbox 255 1428 350 1457; x_wconf 86' lang='lat' dir='ltr'>saepe</span> <span class='ocrx_word' id='word_1_207' title='bbox 379 1419 543 1457; x_wconf 79' lang='lat' dir='ltr'>gregarios</span> <span class='ocrx_word' id='word_1_208' title='bbox 572 1419 675 1449; x_wconf 86' lang='lat' dir='ltr'>facere</span> <span class='ocrx_word' id='word_1_209' title='bbox 709 1418 817 1458; x_wconf 87' lang='lat' dir='ltr'>pudet.</span> <span class='ocrx_word' id='word_1_210' title='bbox 863 1417 929 1449; x_wconf 81' lang='lat' dir='ltr'>Sed</span> <span class='ocrx_word' id='word_1_211' title='bbox 952 1418 1026 1457; x_wconf 84' lang='lat' dir='ltr'>quia</span> <span class='ocrx_word' id='word_1_212' title='bbox 1056 1428 1110 1448; x_wconf 90' lang='lat' dir='ltr'>cor</span> 
     </span>
     <span class='ocr_line' id='line_1_30' title="bbox 143 1460 1109 1500; baseline -0.002 -8"><span class='ocrx_word' id='word_1_213' title='bbox 143 1461 267 1492; x_wconf 85' lang='lat' dir='ltr'>occulta</span> <span class='ocrx_word' id='word_1_214' title='bbox 301 1461 461 1500; x_wconf 78' lang='lat' dir='ltr'>pravitate</span> <span class='ocrx_word' id='word_1_215' title='bbox 496 1460 601 1491; x_wconf 86' lang='lat' dir='ltr'>adhuc</span> <span class='ocrx_word' id='word_1_216' title='bbox 635 1464 703 1492; x_wconf 88' lang='lat' dir='ltr'>erat</span> <span class='ocrx_word' id='word_1_217' title='bbox 743 1460 936 1500; x_wconf 87' lang='lat' dir='ltr'>implicitum</span> <span class='ocrx_word' id='word_1_218' title='bbox 978 1460 1109 1491; x_wconf 86' lang='lat' dir='ltr'>fraudu·</span> 
     </span>
    </p>
   </div>
   <div class='ocr_carea' id='block_1_3' title="bbox 143 1503 1137 1543">
    <p class='ocr_par' dir='ltr' id='par_1_3' title="bbox 143 1503 1137 1543">
     <span class='ocr_line' id='line_1_31' title="bbox 143 1503 1137 1543; baseline -0.002 -9"><span class='ocrx_word' id='word_1_219' title='bbox 143 1504 247 1534; x_wconf 87' lang='lat' dir='ltr'>lenter</span> <span class='ocrx_word' id='word_1_220' title='bbox 269 1503 362 1543; x_wconf 79' lang='lat' dir='ltr'>signa</span> <span class='ocrx_word' id='word_1_221' title='bbox 385 1514 442 1543; x_wconf 91' lang='lat' dir='ltr'>pro</span> <span class='ocrx_word' id='word_1_222' title='bbox 464 1513 498 1533; x_wconf 88' lang='lat' dir='ltr'>re</span> <span class='ocrx_word' id='word_1_223' title='bbox 522 1504 592 1543; x_wconf 85' lang='lat' dir='ltr'>ipsa</span> <span class='ocrx_word' id='word_1_224' title='bbox 611 1508 760 1534; x_wconf 82' lang='lat' dir='ltr'>ostentat.</span> <span class='ocrx_word' id='word_1_225' title='bbox 786 1503 894 1542; x_wconf 77' lang='lat' dir='ltr'>Quare</span> <span class='ocrx_word' id='word_1_226' title='bbox 915 1514 980 1533; x_wconf 93' lang='lat' dir='ltr'>non</span> <span class='ocrx_word' id='word_1_227' title='bbox 1000 1503 1110 1533; x_wconf 89' lang='lat' dir='ltr'>imme·</span> <span class='ocrx_word' id='word_1_228' title='bbox 1136 1527 1137 1531; x_wconf 68' lang='grc'>,</span> 
     </span>
    </p>
   </div>
   <div class='ocr_carea' id='block_1_4' title="bbox 143 1545 1111 1840">
    <p class='ocr_par' dir='ltr' id='par_1_4' title="bbox 143 1545 1111 1840">
     <span class='ocr_line' id='line_1_32' title="bbox 144 1545 1109 1587; baseline -0.001 -10"><span class='ocrx_word' id='word_1_229' title='bbox 144 1547 205 1577; x_wconf 87' lang='lat' dir='ltr'>rito</span> <span class='ocrx_word' id='word_1_230' title='bbox 214 1545 320 1577; x_wconf 89' lang='lat' dir='ltr'>David</span> <span class='ocrx_word' id='word_1_231' title='bbox 333 1545 431 1587; x_wconf 86' lang='lat' dir='ltr'>(Psal.</span> <span class='ocrx_word' id='word_1_232' title='bbox 442 1546 491 1582; x_wconf 82' lang='lat'>32,</span> <span class='ocrx_word' id='word_1_233' title='bbox 505 1546 547 1587; x_wconf 83' lang='lat'>2),</span> <span class='ocrx_word' id='word_1_234' title='bbox 561 1547 614 1578; x_wconf 91' lang='lat' dir='ltr'>ubi</span> <span class='ocrx_word' id='word_1_235' title='bbox 630 1547 758 1577; x_wconf 88' lang='lat' dir='ltr'>beatum</span> <span class='ocrx_word' id='word_1_236' title='bbox 767 1546 932 1586; x_wconf 89' lang='lat' dir='ltr'>praedicat</span> <span class='ocrx_word' id='word_1_237' title='bbox 945 1546 1109 1576; x_wconf 87' lang='lat' dir='ltr'>hominem</span> 
     </span>
     <span class='ocr_line' id='line_1_33' title="bbox 145 1588 1111 1628; baseline -0.002 -8"><span class='ocrx_word' id='word_1_238' title='bbox 145 1589 196 1621; x_wconf 91' lang='lat' dir='ltr'>cui</span> <span class='ocrx_word' id='word_1_239' title='bbox 215 1589 351 1620; x_wconf 87' lang='lat' dir='ltr'>remissa</span> <span class='ocrx_word' id='word_1_240' title='bbox 373 1594 449 1619; x_wconf 88' lang='lat' dir='ltr'>sunt</span> <span class='ocrx_word' id='word_1_241' title='bbox 471 1594 600 1628; x_wconf 84' lang='lat' dir='ltr'>peccata</span> <span class='ocrx_word' id='word_1_242' title='bbox 623 1595 654 1620; x_wconf 90' lang='lat' dir='ltr'>et</span> <span class='ocrx_word' id='word_1_243' title='bbox 673 1590 765 1620; x_wconf 90' lang='lat' dir='ltr'>cuius</span> <span class='ocrx_word' id='word_1_244' title='bbox 779 1593 881 1620; x_wconf 82' lang='lat' dir='ltr'>tectae</span> <span class='ocrx_word' id='word_1_245' title='bbox 900 1594 976 1620; x_wconf 89' lang='lat' dir='ltr'>sunt</span> <span class='ocrx_word' id='word_1_246' title='bbox 995 1588 1111 1628; x_wconf 86' lang='lat' dir='ltr'>iniqui-</span> 
     </span>
     <span class='ocr_line' id='line_1_34' title="bbox 143 1630 1108 1672; baseline -0.001 -10"><span class='ocrx_word' id='word_1_247' title='bbox 143 1637 235 1669; x_wconf 86' lang='lat' dir='ltr'>tates,</span> <span class='ocrx_word' id='word_1_248' title='bbox 259 1632 353 1662; x_wconf 89' lang='lat' dir='ltr'>simul</span> <span class='ocrx_word' id='word_1_249' title='bbox 378 1631 552 1662; x_wconf 80' lang='lat' dir='ltr'>exclamat:</span> <span class='ocrx_word' id='word_1_250' title='bbox 572 1631 611 1662; x_wconf 91' lang='lat' dir='ltr'>In</span> <span class='ocrx_word' id='word_1_251' title='bbox 635 1632 727 1663; x_wconf 89' lang='lat' dir='ltr'>cuius</span> <span class='ocrx_word' id='word_1_252' title='bbox 740 1632 856 1672; x_wconf 88' lang='lat' dir='ltr'>spiritu</span> <span class='ocrx_word' id='word_1_253' title='bbox 870 1642 933 1662; x_wconf 90' lang='lat' dir='ltr'>non</span> <span class='ocrx_word' id='word_1_254' title='bbox 946 1636 995 1662; x_wconf 86' lang='lat' dir='ltr'>est</span> <span class='ocrx_word' id='word_1_255' title='bbox 1007 1630 1108 1662; x_wconf 89' lang='lat' dir='ltr'>dolus.</span> 
     </span>
     <span class='ocr_line' id='line_1_35' title="bbox 143 1674 1110 1714; baseline -0.001 -9"><span class='ocrx_word' id='word_1_256' title='bbox 143 1674 256 1714; x_wconf 90' lang='lat' dir='ltr'>Itaque</span> <span class='ocrx_word' id='word_1_257' title='bbox 286 1680 321 1704; x_wconf 86' lang='lat' dir='ltr'>ut</span> <span class='ocrx_word' id='word_1_258' title='bbox 341 1674 418 1712; x_wconf 83' lang='lat' dir='ltr'>Deo,</span> <span class='ocrx_word' id='word_1_259' title='bbox 448 1675 538 1705; x_wconf 90' lang='lat' dir='ltr'>cuius</span> <span class='ocrx_word' id='word_1_260' title='bbox 566 1675 733 1714; x_wconf 89' lang='lat' dir='ltr'>proprium</span> <span class='ocrx_word' id='word_1_261' title='bbox 764 1679 812 1705; x_wconf 88' lang='lat' dir='ltr'>est</span> <span class='ocrx_word' id='word_1_262' title='bbox 843 1674 938 1705; x_wconf 87' lang='lat' dir='ltr'>corda</span> <span class='ocrx_word' id='word_1_263' title='bbox 961 1674 1110 1712; x_wconf 86' lang='lat' dir='ltr'>scrutari,</span> 
     </span>
     <span class='ocr_line' id='line_1_36' title="bbox 143 1717 1111 1757; baseline 0 -10"><span class='ocrx_word' id='word_1_264' title='bbox 143 1718 315 1757; x_wconf 87' lang='lat' dir='ltr'>probemus</span> <span class='ocrx_word' id='word_1_265' title='bbox 340 1722 481 1748; x_wconf 85' lang='lat' dir='ltr'>nost-ram</span> <span class='ocrx_word' id='word_1_266' title='bbox 507 1718 754 1757; x_wconf 86' lang='lat' dir='ltr'>poenitentiam,</span> <span class='ocrx_word' id='word_1_267' title='bbox 790 1717 950 1748; x_wconf 89' lang='lat' dir='ltr'>discamus</span> <span class='ocrx_word' id='word_1_268' title='bbox 973 1717 1056 1748; x_wconf 87' lang='lat' dir='ltr'>serio</span> <span class='ocrx_word' id='word_1_269' title='bbox 1079 1721 1111 1747; x_wconf 86' lang='lat' dir='ltr'>et</span> 
     </span>
     <span class='ocr_line' id='line_1_37' title="bbox 143 1759 1110 1801; baseline -0.001 -10"><span class='ocrx_word' id='word_1_270' title='bbox 143 1762 272 1800; x_wconf 87' lang='lat' dir='ltr'>penitus</span> <span class='ocrx_word' id='word_1_271' title='bbox 296 1770 351 1790; x_wconf 78' lang='lat' dir='ltr'>nos</span> <span class='ocrx_word' id='word_1_272' title='bbox 370 1760 575 1797; x_wconf 87' lang='lat' dir='ltr'>examinare,</span> <span class='ocrx_word' id='word_1_273' title='bbox 601 1772 639 1791; x_wconf 92' lang='lat' dir='ltr'>ne</span> <span class='ocrx_word' id='word_1_274' title='bbox 662 1770 723 1800; x_wconf 89' lang='lat' dir='ltr'>qua</span> <span class='ocrx_word' id='word_1_275' title='bbox 747 1761 836 1790; x_wconf 89' lang='lat' dir='ltr'>intus</span> <span class='ocrx_word' id='word_1_276' title='bbox 860 1759 1041 1801; x_wconf 75' lang='lat' dir='ltr'>hypocrisis</span> <span class='ocrx_word' id='word_1_277' title='bbox 1064 1759 1110 1790; x_wconf 89' lang='lat' dir='ltr'>la—</span> 
     </span>
     <span class='ocr_line' id='line_1_38' title="bbox 143 1801 1110 1840; baseline 0.001 -8"><span class='ocrx_word' id='word_1_278' title='bbox 143 1808 216 1834; x_wconf 83' lang='lat' dir='ltr'>teat.</span> <span class='ocrx_word' id='word_1_279' title='bbox 263 1801 358 1840; x_wconf 82' lang='lat' dir='ltr'>Quod</span> <span class='ocrx_word' id='word_1_280' title='bbox 388 1802 489 1833; x_wconf 85' lang='lat' dir='ltr'>addit:</span> <span class='ocrx_word' id='word_1_281' title='bbox 521 1803 759 1833; x_wconf 82' lang='lat' dir='ltr'>Tantummodo</span> <span class='ocrx_word' id='word_1_282' title='bbox 784 1803 844 1834; x_wconf 89' lang='lat' dir='ltr'>hac</span> <span class='ocrx_word' id='word_1_283' title='bbox 868 1804 952 1840; x_wconf 87' lang='lat' dir='ltr'>vice,</span> <span class='ocrx_word' id='word_1_284' title='bbox 984 1802 1023 1834; x_wconf 84' lang='lat' dir='ltr'>ad</span> <span class='ocrx_word' id='word_1_285' title='bbox 1049 1806 1110 1833; x_wconf 86' lang='lat' dir='ltr'>tes-</span> 
     </span>
    </p>
   </div>
   <div class='ocr_carea' id='block_1_5' title="bbox 144 1845 1137 1886">
    <p class='ocr_par' dir='ltr' id='par_1_5' title="bbox 144 1845 1137 1886">
     <span class='ocr_line' id='line_1_39' title="bbox 144 1845 1137 1886; baseline 0.001 -11"><span class='ocrx_word' id='word_1_286' title='bbox 144 1845 273 1876; x_wconf 87' lang='lat' dir='ltr'>tandam</span> <span class='ocrx_word' id='word_1_287' title='bbox 298 1845 375 1876; x_wconf 89' lang='lat' dir='ltr'>recti</span> <span class='ocrx_word' id='word_1_288' title='bbox 395 1846 493 1875; x_wconf 91' lang='lat' dir='ltr'>animi</span> <span class='ocrx_word' id='word_1_289' title='bbox 513 1847 726 1876; x_wconf 83' lang='lat' dir='ltr'>constantiam</span> <span class='ocrx_word' id='word_1_290' title='bbox 746 1846 903 1886; x_wconf 88' lang='lat' dir='ltr'>pertinet:</span> <span class='ocrx_word' id='word_1_291' title='bbox 927 1855 963 1876; x_wconf 91' lang='lat' dir='ltr'>ac</span> <span class='ocrx_word' id='word_1_292' title='bbox 986 1846 1013 1876; x_wconf 88' lang='lat' dir='ltr'>si</span> <span class='ocrx_word' id='word_1_293' title='bbox 1036 1850 1111 1876; x_wconf 90' lang='lat' dir='ltr'>ante</span> <span class='ocrx_word' id='word_1_294' title='bbox 1136 1859 1137 1863; x_wconf 51' lang='lat'>¹</span> 
     </span>
    </p>
   </div>
   <div class='ocr_carea' id='block_1_6' title="bbox 143 1887 1112 2654">
    <p class='ocr_par' dir='ltr' id='par_1_6' title="bbox 143 1887 1112 2398">
     <span class='ocr_line' id='line_1_40' title="bbox 143 1887 1111 1928; baseline 0 -9"><span class='ocrx_word' id='word_1_295' title='bbox 143 1899 177 1919; x_wconf 86' lang='lat' dir='ltr'>se</span> <span class='ocrx_word' id='word_1_296' title='bbox 201 1887 357 1927; x_wconf 88' lang='lat' dir='ltr'>perfidum</span> <span class='ocrx_word' id='word_1_297' title='bbox 382 1888 480 1919; x_wconf 85' lang='lat' dir='ltr'>fuisse</span> <span class='ocrx_word' id='word_1_298' title='bbox 504 1899 698 1928; x_wconf 85' lang='lat' dir='ltr'>agnoscens,</span> <span class='ocrx_word' id='word_1_299' title='bbox 731 1889 934 1928; x_wconf 82' lang='lat' dir='ltr'>promitteret</span> <span class='ocrx_word' id='word_1_300' title='bbox 963 1899 997 1919; x_wconf 87' lang='lat' dir='ltr'>se</span> <span class='ocrx_word' id='word_1_301' title='bbox 1028 1888 1111 1919; x_wconf 89' lang='lat' dir='ltr'>bona</span> 
     </span>
     <span class='ocr_line' id='line_1_41' title="bbox 143 1930 1110 1971; baseline -0.001 -9"><span class='ocrx_word' id='word_1_302' title='bbox 143 1931 206 1962; x_wconf 89' lang='lat' dir='ltr'>fide</span> <span class='ocrx_word' id='word_1_303' title='bbox 236 1930 367 1970; x_wconf 84' lang='lat' dir='ltr'>posthac</span> <span class='ocrx_word' id='word_1_304' title='bbox 397 1931 694 1970; x_wconf 87' lang='lat' dir='ltr'>obtemperaturum</span> <span class='ocrx_word' id='word_1_305' title='bbox 724 1931 803 1962; x_wconf 93' lang='lat' dir='ltr'>Deo.</span> <span class='ocrx_word' id='word_1_306' title='bbox 854 1931 950 1963; x_wconf 91' lang='lat' dir='ltr'>Unde</span> <span class='ocrx_word' id='word_1_307' title='bbox 987 1931 1110 1971; x_wconf 82' lang='lat' dir='ltr'>colligi-</span> 
     </span>
     <span class='ocr_line' id='line_1_42' title="bbox 143 1973 1111 2012; baseline 0 -8"><span class='ocrx_word' id='word_1_308' title='bbox 143 1984 224 2009; x_wconf 85' lang='lat' dir='ltr'>mus,</span> <span class='ocrx_word' id='word_1_309' title='bbox 259 1973 411 2012; x_wconf 85' lang='lat' dir='ltr'>reprobos</span> <span class='ocrx_word' id='word_1_310' title='bbox 443 1984 506 2004; x_wconf 91' lang='lat' dir='ltr'>non</span> <span class='ocrx_word' id='word_1_311' title='bbox 540 1974 610 2004; x_wconf 91' lang='lat' dir='ltr'>ideo</span> <span class='ocrx_word' id='word_1_312' title='bbox 644 1973 781 2005; x_wconf 86' lang='lat' dir='ltr'>subinde</span> <span class='ocrx_word' id='word_1_313' title='bbox 811 1974 933 2005; x_wconf 89' lang='lat' dir='ltr'>reverti</span> <span class='ocrx_word' id='word_1_314' title='bbox 964 1973 1003 2004; x_wconf 87' lang='lat' dir='ltr'>ad</span> <span class='ocrx_word' id='word_1_315' title='bbox 1037 1984 1111 2004; x_wconf 86' lang='lat' dir='ltr'>suos</span> 
     </span>
     <span class='ocr_line' id='line_1_43' title="bbox 145 2016 1111 2056; baseline 0.001 -10"><span class='ocrx_word' id='word_1_316' title='bbox 145 2026 250 2046; x_wconf 88' lang='lat' dir='ltr'>mores</span> <span class='ocrx_word' id='word_1_317' title='bbox 280 2022 311 2046; x_wconf 91' lang='lat' dir='ltr'>et</span> <span class='ocrx_word' id='word_1_318' title='bbox 340 2016 506 2056; x_wconf 86' lang='lat' dir='ltr'>ingenium</span> <span class='ocrx_word' id='word_1_319' title='bbox 541 2016 625 2056; x_wconf 89' lang='lat' dir='ltr'>quod</span> <span class='ocrx_word' id='word_1_320' title='bbox 660 2017 725 2048; x_wconf 91' lang='lat' dir='ltr'>vim</span> <span class='ocrx_word' id='word_1_321' title='bbox 761 2022 791 2047; x_wconf 89' lang='lat' dir='ltr'>et</span> <span class='ocrx_word' id='word_1_322' title='bbox 826 2022 975 2047; x_wconf 84' lang='lat' dir='ltr'>naturam</span> <span class='ocrx_word' id='word_1_323' title='bbox 1015 2027 1111 2048; x_wconf 87' lang='lat' dir='ltr'>verae</span> 
     </span>
     <span class='ocr_line' id='line_1_44' title="bbox 145 2059 1111 2100; baseline 0.002 -12"><span class='ocrx_word' id='word_1_324' title='bbox 145 2059 365 2089; x_wconf 84' lang='lat' dir='ltr'>conversionis</span> <span class='ocrx_word' id='word_1_325' title='bbox 395 2059 557 2098; x_wconf 80' lang='lat' dir='ltr'>ignorent,</span> <span class='ocrx_word' id='word_1_326' title='bbox 589 2059 644 2090; x_wconf 87' lang='lat' dir='ltr'>sed</span> <span class='ocrx_word' id='word_1_327' title='bbox 668 2060 744 2099; x_wconf 90' lang='lat' dir='ltr'>quia</span> <span class='ocrx_word' id='word_1_328' title='bbox 769 2060 884 2100; x_wconf 92' lang='lat' dir='ltr'>spiritu</span> <span class='ocrx_word' id='word_1_329' title='bbox 908 2060 1111 2091; x_wconf 86' lang='lat' dir='ltr'>rectitudinis</span> 
     </span>
     <span class='ocr_line' id='line_1_45' title="bbox 146 2100 1111 2139; baseline 0.002 -8"><span class='ocrx_word' id='word_1_330' title='bbox 146 2101 253 2139; x_wconf 86' lang='lat' dir='ltr'>vacui,</span> <span class='ocrx_word' id='word_1_331' title='bbox 284 2110 338 2132; x_wconf 92' lang='lat' dir='ltr'>eor</span> <span class='ocrx_word' id='word_1_332' title='bbox 366 2100 487 2131; x_wconf 87' lang='lat' dir='ltr'>habent</span> <span class='ocrx_word' id='word_1_333' title='bbox 509 2102 690 2133; x_wconf 86' lang='lat' dir='ltr'>flexuosum</span> <span class='ocrx_word' id='word_1_334' title='bbox 714 2107 745 2133; x_wconf 88' lang='lat' dir='ltr'>et</span> <span class='ocrx_word' id='word_1_335' title='bbox 768 2107 962 2134; x_wconf 89' lang='lat' dir='ltr'>contortum.</span> <span class='ocrx_word' id='word_1_336' title='bbox 1008 2102 1111 2133; x_wconf 85' lang='lat' dir='ltr'>Porro</span> 
     </span>
     <span class='ocr_line' id='line_1_46' title="bbox 147 2144 1110 2185; baseline 0 -10"><span class='ocrx_word' id='word_1_337' title='bbox 147 2144 206 2175; x_wconf 90' lang='lat' dir='ltr'>sibi</span> <span class='ocrx_word' id='word_1_338' title='bbox 234 2149 371 2174; x_wconf 90' lang='lat' dir='ltr'>mortem</span> <span class='ocrx_word' id='word_1_339' title='bbox 396 2149 598 2183; x_wconf 85' lang='lat' dir='ltr'>praesentem</span> <span class='ocrx_word' id='word_1_340' title='bbox 630 2145 749 2175; x_wconf 88' lang='lat' dir='ltr'>auferri</span> <span class='ocrx_word' id='word_1_341' title='bbox 779 2145 937 2176; x_wconf 80' lang='lat' dir='ltr'>duntaxat</span> <span class='ocrx_word' id='word_1_342' title='bbox 967 2145 1110 2185; x_wconf 86' lang='lat' dir='ltr'>cupiens,</span> 
     </span>
     <span class='ocr_line' id='line_1_47' title="bbox 148 2186 1109 2227; baseline 0.002 -11"><span class='ocrx_word' id='word_1_343' title='bbox 148 2186 274 2217; x_wconf 88' lang='lat' dir='ltr'>videtur</span> <span class='ocrx_word' id='word_1_344' title='bbox 306 2187 465 2227; x_wconf 83' lang='lat' dir='ltr'>integram</span> <span class='ocrx_word' id='word_1_345' title='bbox 501 2198 574 2218; x_wconf 89' lang='lat' dir='ltr'>cum</span> <span class='ocrx_word' id='word_1_346' title='bbox 610 2188 679 2218; x_wconf 92' lang='lat' dir='ltr'>Deo</span> <span class='ocrx_word' id='word_1_347' title='bbox 719 2188 1012 2219; x_wconf 87' lang='lat' dir='ltr'>reconciliationem</span> <span class='ocrx_word' id='word_1_348' title='bbox 1048 2199 1109 2218; x_wconf 90' lang='lat' dir='ltr'>non</span> 
     </span>
     <span class='ocr_line' id='line_1_48' title="bbox 147 2228 1109 2270; baseline 0.002 -11"><span class='ocrx_word' id='word_1_349' title='bbox 147 2228 318 2259; x_wconf 88' lang='lat' dir='ltr'>admodum</span> <span class='ocrx_word' id='word_1_350' title='bbox 347 2239 476 2260; x_wconf 85' lang='lat' dir='ltr'>curare:</span> <span class='ocrx_word' id='word_1_351' title='bbox 508 2230 602 2261; x_wconf 89' lang='lat' dir='ltr'>sicuti</span> <span class='ocrx_word' id='word_1_352' title='bbox 632 2230 740 2270; x_wconf 86' lang='lat' dir='ltr'>impiis</span> <span class='ocrx_word' id='word_1_353' title='bbox 763 2241 832 2262; x_wconf 91' lang='lat' dir='ltr'>mos</span> <span class='ocrx_word' id='word_1_354' title='bbox 855 2235 904 2262; x_wconf 88' lang='lat' dir='ltr'>est</span> <span class='ocrx_word' id='word_1_355' title='bbox 926 2231 1035 2261; x_wconf 90' lang='lat' dir='ltr'>odium</span> <span class='ocrx_word' id='word_1_356' title='bbox 1058 2231 1109 2261; x_wconf 88' lang='lat' dir='ltr'>vel</span> 
     </span>
     <span class='ocr_line' id='line_1_49' title="bbox 148 2271 1110 2309; baseline 0.003 -8"><span class='ocrx_word' id='word_1_357' title='bbox 148 2271 290 2301; x_wconf 86' lang='lat' dir='ltr'>favorem</span> <span class='ocrx_word' id='word_1_358' title='bbox 313 2271 374 2302; x_wconf 93' lang='lat' dir='ltr'>Dei</span> <span class='ocrx_word' id='word_1_359' title='bbox 398 2282 463 2302; x_wconf 90' lang='lat' dir='ltr'>non</span> <span class='ocrx_word' id='word_1_360' title='bbox 482 2273 610 2309; x_wconf 83' lang='lat' dir='ltr'>morari,</span> <span class='ocrx_word' id='word_1_361' title='bbox 641 2273 697 2304; x_wconf 89' lang='lat' dir='ltr'>sed</span> <span class='ocrx_word' id='word_1_362' title='bbox 719 2284 853 2304; x_wconf 89' lang='lat' dir='ltr'>manum</span> <span class='ocrx_word' id='word_1_363' title='bbox 874 2273 1032 2304; x_wconf 77' lang='lat' dir='ltr'>duntaxat</span> <span class='ocrx_word' id='word_1_364' title='bbox 1055 2284 1110 2304; x_wconf 83' lang='lat' dir='ltr'>ex-</span> 
     </span>
     <span class='ocr_line' id='line_1_50' title="bbox 148 2313 1112 2356; baseline 0.004 -13"><span class='ocrx_word' id='word_1_365' title='bbox 148 2313 342 2344; x_wconf 84' lang='lat' dir='ltr'>horrescere.</span> <span class='ocrx_word' id='word_1_366' title='bbox 386 2314 474 2354; x_wconf 85' lang='lat' dir='ltr'>Ergo</span> <span class='ocrx_word' id='word_1_367' title='bbox 494 2314 533 2346; x_wconf 87' lang='lat' dir='ltr'>de</span> <span class='ocrx_word' id='word_1_368' title='bbox 556 2316 650 2355; x_wconf 88' lang='lat' dir='ltr'>culpa</span> <span class='ocrx_word' id='word_1_369' title='bbox 684 2326 831 2353; x_wconf 87' lang='lat' dir='ltr'>securus,</span> <span class='ocrx_word' id='word_1_370' title='bbox 866 2320 991 2347; x_wconf 84' lang='lat' dir='ltr'>tantum</span> <span class='ocrx_word' id='word_1_371' title='bbox 1021 2321 1112 2356; x_wconf 87' lang='lat' dir='ltr'>optat</span> 
     </span>
     <span class='ocr_line' id='line_1_51' title="bbox 148 2357 631 2398; baseline 0.008 -13"><span class='ocrx_word' id='word_1_372' title='bbox 148 2365 284 2396; x_wconf 90' lang='lat' dir='ltr'>poenam</span> <span class='ocrx_word' id='word_1_373' title='bbox 307 2365 326 2385; x_wconf 87' lang='lat' dir='ltr'>a</span> <span class='ocrx_word' id='word_1_374' title='bbox 347 2366 380 2386; x_wconf 90' lang='lat' dir='ltr'>se</span> <span class='ocrx_word' id='word_1_375' title='bbox 403 2357 514 2396; x_wconf 89' lang='lat' dir='ltr'>procul</span> <span class='ocrx_word' id='word_1_376' title='bbox 536 2358 631 2398; x_wconf 85' lang='lat' dir='ltr'>abigi.</span> 
     </span>
    </p>

    <p class='ocr_par' dir='ltr' id='par_1_7' title="bbox 149 2397 1111 2654">
     <span class='ocr_line' id='line_1_52' title="bbox 237 2397 1110 2437; baseline 0.006 -10"><span class='ocrx_word' id='word_1_377' title='bbox 237 2397 283 2428; x_wconf 84' lang='lat'>18.</span> <span class='ocrx_word' id='word_1_378' title='bbox 307 2397 351 2428; x_wconf 74' lang='lat' dir='ltr'>Et</span> <span class='ocrx_word' id='word_1_379' title='bbox 371 2408 510 2437; x_wconf 63' lang='lat' dir='ltr'>egressus</span> <span class='ocrx_word' id='word_1_380' title='bbox 532 2403 583 2431; x_wconf 76' lang='lat' dir='ltr'>est.</span> <span class='ocrx_word' id='word_1_381' title='bbox 618 2401 771 2432; x_wconf 82' lang='lat' dir='ltr'>Diximus</span> <span class='ocrx_word' id='word_1_382' title='bbox 794 2412 850 2433; x_wconf 90' lang='lat' dir='ltr'>cur</span> <span class='ocrx_word' id='word_1_383' title='bbox 873 2406 1006 2433; x_wconf 89' lang='lat' dir='ltr'>sanctus</span> <span class='ocrx_word' id='word_1_384' title='bbox 1029 2401 1110 2432; x_wconf 89' lang='lat' dir='ltr'>Pro-</span> 
     </span>
     <span class='ocr_line' id='line_1_53' title="bbox 149 2439 1111 2484; baseline 0.006 -15"><span class='ocrx_word' id='word_1_385' title='bbox 149 2440 248 2480; x_wconf 87' lang='lat' dir='ltr'>pheta</span> <span class='ocrx_word' id='word_1_386' title='bbox 270 2439 383 2470; x_wconf 87' lang='lat' dir='ltr'>orandi</span> <span class='ocrx_word' id='word_1_387' title='bbox 406 2450 501 2472; x_wconf 82' lang='lat' dir='ltr'>causa</span> <span class='ocrx_word' id='word_1_388' title='bbox 524 2453 542 2473; x_wconf 88' lang='lat' dir='ltr'>a</span> <span class='ocrx_word' id='word_1_389' title='bbox 560 2453 636 2483; x_wconf 88' lang='lat' dir='ltr'>rege</span> <span class='ocrx_word' id='word_1_390' title='bbox 655 2443 852 2475; x_wconf 82' lang='lat' dir='ltr'>discesserit:</span> <span class='ocrx_word' id='word_1_391' title='bbox 883 2444 958 2484; x_wconf 88' lang='lat' dir='ltr'>quia</span> <span class='ocrx_word' id='word_1_392' title='bbox 988 2444 1111 2475; x_wconf 90' lang='lat' dir='ltr'>seilicet</span> 
     </span>
     <span class='ocr_line' id='line_1_54' title="bbox 149 2482 1109 2524; baseline 0.006 -12"><span class='ocrx_word' id='word_1_393' title='bbox 149 2482 304 2522; x_wconf 84' lang='lat' dir='ltr'>indignus</span> <span class='ocrx_word' id='word_1_394' title='bbox 326 2487 396 2512; x_wconf 85' lang='lat' dir='ltr'>erat</span> <span class='ocrx_word' id='word_1_395' title='bbox 417 2493 523 2514; x_wconf 86' lang='lat' dir='ltr'>coram</span> <span class='ocrx_word' id='word_1_396' title='bbox 546 2496 607 2524; x_wconf 88' lang='lat' dir='ltr'>quo</span> <span class='ocrx_word' id='word_1_397' title='bbox 630 2496 757 2517; x_wconf 90' lang='lat' dir='ltr'>sacrum</span> <span class='ocrx_word' id='word_1_398' title='bbox 781 2486 844 2517; x_wconf 89' lang='lat' dir='ltr'>Dei</span> <span class='ocrx_word' id='word_1_399' title='bbox 878 2497 996 2517; x_wconf 90' lang='lat' dir='ltr'>nomen</span> <span class='ocrx_word' id='word_1_400' title='bbox 1020 2487 1109 2517; x_wconf 88' lang='lat' dir='ltr'>invo-</span> 
     </span>
     <span class='ocr_line' id='line_1_55' title="bbox 150 2524 1109 2569; baseline 0.003 -12"><span class='ocrx_word' id='word_1_401' title='bbox 150 2530 288 2557; x_wconf 88' lang='lat' dir='ltr'>caretur.</span> <span class='ocrx_word' id='word_1_402' title='bbox 346 2524 458 2564; x_wconf 89' lang='lat' dir='ltr'>Itaque</span> <span class='ocrx_word' id='word_1_403' title='bbox 491 2528 707 2565; x_wconf 87' lang='lat' dir='ltr'>precationem</span> <span class='ocrx_word' id='word_1_404' title='bbox 742 2529 849 2560; x_wconf 86' lang='lat' dir='ltr'>Moses</span> <span class='ocrx_word' id='word_1_405' title='bbox 883 2540 940 2569; x_wconf 91' lang='lat' dir='ltr'>pro</span> <span class='ocrx_word' id='word_1_406' title='bbox 975 2540 1011 2560; x_wconf 88' lang='lat' dir='ltr'>eo</span> <span class='ocrx_word' id='word_1_407' title='bbox 1045 2540 1109 2560; x_wconf 89' lang='lat' dir='ltr'>non</span> 
     </span>
     <span class='ocr_line' id='line_1_56' title="bbox 150 2567 1109 2610; baseline 0.004 -11"><span class='ocrx_word' id='word_1_408' title='bbox 150 2567 296 2606; x_wconf 86' lang='lat' dir='ltr'>concepit</span> <span class='ocrx_word' id='word_1_409' title='bbox 329 2567 412 2606; x_wconf 90' lang='lat' dir='ltr'>quod</span> <span class='ocrx_word' id='word_1_410' title='bbox 443 2574 568 2607; x_wconf 89' lang='lat' dir='ltr'>putaret</span> <span class='ocrx_word' id='word_1_411' title='bbox 601 2582 641 2601; x_wconf 82' lang='lat' dir='ltr'>ex</span> <span class='ocrx_word' id='word_1_412' title='bbox 669 2571 777 2602; x_wconf 90' lang='lat' dir='ltr'>animo</span> <span class='ocrx_word' id='word_1_413' title='bbox 811 2582 1020 2610; x_wconf 86' lang='lat' dir='ltr'>conversum,</span> <span class='ocrx_word' id='word_1_414' title='bbox 1053 2571 1109 2603; x_wconf 88' lang='lat' dir='ltr'>scd</span> 
     </span>
     <span class='ocr_line' id='line_1_57' title="bbox 151 2608 1108 2654; baseline 0.005 -13"><span class='ocrx_word' id='word_1_415' title='bbox 151 2614 187 2641; x_wconf 92' lang='lat' dir='ltr'>ut</span> <span class='ocrx_word' id='word_1_416' title='bbox 221 2611 307 2640; x_wconf 90' lang='lat' dir='ltr'>viam</span> <span class='ocrx_word' id='word_1_417' title='bbox 341 2608 411 2640; x_wconf 91' lang='lat' dir='ltr'>Deo</span> <span class='ocrx_word' id='word_1_418' title='bbox 444 2612 638 2649; x_wconf 81' lang='lat' dir='ltr'>patefaceret</span> <span class='ocrx_word' id='word_1_419' title='bbox 677 2614 717 2644; x_wconf 89' lang='lat' dir='ltr'>ad</span> <span class='ocrx_word' id='word_1_420' title='bbox 758 2614 897 2654; x_wconf 88' lang='lat' dir='ltr'>reliquos</span> <span class='ocrx_word' id='word_1_421' title='bbox 929 2615 1108 2646; x_wconf 78' lang='lat' dir='ltr'>conflictus.</span> 
     </span>
    </p>
   </div>
   <div class='ocr_carea' id='block_1_7' title="bbox 743 174 1543 207">
    <p class='ocr_par' dir='ltr' id='par_1_8' title="bbox 743 174 1543 207">
     <span class='ocr_line' id='line_1_58' title="bbox 743 174 1543 207; baseline 0 0"><span class='ocrx_word' id='word_1_422' title='bbox 743 175 1112 207; x_wconf 83' lang='lat' dir='ltr'><strong>COMMENTARIUS</strong></span> <span class='ocrx_word' id='word_1_423' title='bbox 1136 175 1183 205; x_wconf 91' lang='lat' dir='ltr'>IN</span> <span class='ocrx_word' id='word_1_424' title='bbox 1210 174 1355 206; x_wconf 76' lang='lat' dir='ltr'>EXODI</span> <span class='ocrx_word' id='word_1_425' title='bbox 1380 176 1475 207; x_wconf 64' lang='lat' dir='ltr'>CAP.</span> <span class='ocrx_word' id='word_1_426' title='bbox 1500 176 1543 207; x_wconf 80' lang='lat' dir='ltr'>X.</span> 
     </span>
    </p>
   </div>
   <div class='ocr_carea' id='block_1_8' title="bbox 1136 1200 1643 1244">
    <p class='ocr_par' dir='ltr' id='par_1_9' title="bbox 1136 1200 1643 1244">
     <span class='ocr_line' id='line_1_59' title="bbox 1136 1200 1643 1244; baseline 0.002 -10"><span class='ocrx_word' id='word_1_427' title='bbox 1136 1200 1313 1235; x_wconf 73' lang='lat' dir='ltr'>&#39;credibile</span> <span class='ocrx_word' id='word_1_428' title='bbox 1347 1210 1533 1244; x_wconf 86' lang='lat' dir='ltr'>portentum</span> <span class='ocrx_word' id='word_1_429' title='bbox 1567 1205 1643 1244; x_wconf 81' lang='lat' dir='ltr'>fuit,</span> 
     </span>
    </p>
   </div>
   <div class='ocr_carea' id='block_1_9' title="bbox 2069 178 2129 209">
    <p class='ocr_par' dir='ltr' id='par_1_10' title="bbox 2069 178 2129 209">
     <span class='ocr_line' id='line_1_60' title="bbox 2069 178 2129 209; baseline 0 -1"><span class='ocrx_word' id='word_1_430' title='bbox 2069 178 2129 209; x_wconf 80' lang='lat'>126</span> 
     </span>
    </p>
   </div>
   <div class='ocr_carea' id='block_1_10' title="bbox 1162 268 2130 1374">
    <p class='ocr_par' dir='ltr' id='par_1_11' title="bbox 1162 268 2130 1374">
     <span class='ocr_line' id='line_1_61' title="bbox 1167 268 2130 310; baseline 0.003 -12"><span class='ocrx_word' id='word_1_431' title='bbox 1167 268 1326 307; x_wconf 86' lang='lat' dir='ltr'>Equidem</span> <span class='ocrx_word' id='word_1_432' title='bbox 1350 269 1377 300; x_wconf 89' lang='lat' dir='ltr'>si</span> <span class='ocrx_word' id='word_1_433' title='bbox 1401 269 1475 300; x_wconf 85' lang='lat' dir='ltr'>data</span> <span class='ocrx_word' id='word_1_434' title='bbox 1499 274 1610 301; x_wconf 86' lang='lat' dir='ltr'>sancto</span> <span class='ocrx_word' id='word_1_435' title='bbox 1634 270 1703 301; x_wconf 93' lang='lat' dir='ltr'>viro</span> <span class='ocrx_word' id='word_1_436' title='bbox 1726 271 1838 302; x_wconf 89' lang='lat' dir='ltr'>fuisset</span> <span class='ocrx_word' id='word_1_437' title='bbox 1860 271 1955 310; x_wconf 88' lang='lat' dir='ltr'>optio,</span> <span class='ocrx_word' id='word_1_438' title='bbox 1986 281 2049 301; x_wconf 90' lang='lat' dir='ltr'>non</span> <span class='ocrx_word' id='word_1_439' title='bbox 2074 271 2130 302; x_wconf 91' lang='lat' dir='ltr'>du-</span> 
     </span>
     <span class='ocr_line' id='line_1_62' title="bbox 1166 310 2129 352; baseline 0.005 -12"><span class='ocrx_word' id='word_1_440' title='bbox 1166 310 1231 341; x_wconf 88' lang='lat' dir='ltr'>bito</span> <span class='ocrx_word' id='word_1_441' title='bbox 1260 321 1318 350; x_wconf 88' lang='lat' dir='ltr'>pro</span> <span class='ocrx_word' id='word_1_442' title='bbox 1346 312 1504 352; x_wconf 84' lang='lat' dir='ltr'>singulari</span> <span class='ocrx_word' id='word_1_443' title='bbox 1534 313 1783 344; x_wconf 87' lang='lat' dir='ltr'>mansuetudine</span> <span class='ocrx_word' id='word_1_444' title='bbox 1817 313 1862 344; x_wconf 91' lang='lat' dir='ltr'>sic</span> <span class='ocrx_word' id='word_1_445' title='bbox 1885 313 1982 345; x_wconf 83' lang='lat' dir='ltr'>fuisse</span> <span class='ocrx_word' id='word_1_446' title='bbox 2006 314 2129 345; x_wconf 84' lang='lat' dir='ltr'>anima-</span> 
     </span>
     <span class='ocr_line' id='line_1_63' title="bbox 1166 353 2130 396; baseline 0.004 -14"><span class='ocrx_word' id='word_1_447' title='bbox 1166 357 1235 383; x_wconf 93' lang='lat' dir='ltr'>tum</span> <span class='ocrx_word' id='word_1_448' title='bbox 1259 361 1293 383; x_wconf 92' lang='lat' dir='ltr'>ut</span> <span class='ocrx_word' id='word_1_449' title='bbox 1317 353 1452 385; x_wconf 83' lang='lat' dir='ltr'>libenter</span> <span class='ocrx_word' id='word_1_450' title='bbox 1475 355 1657 386; x_wconf 84' lang='lat' dir='ltr'>consuleret</span> <span class='ocrx_word' id='word_1_451' title='bbox 1679 356 1813 396; x_wconf 84' lang='lat' dir='ltr'>tyranni</span> <span class='ocrx_word' id='word_1_452' title='bbox 1837 356 1943 393; x_wconf 86' lang='lat' dir='ltr'>saluti,</span> <span class='ocrx_word' id='word_1_453' title='bbox 1977 355 2032 386; x_wconf 88' lang='lat' dir='ltr'>sed</span> <span class='ocrx_word' id='word_1_454' title='bbox 2056 357 2130 395; x_wconf 87' lang='lat' dir='ltr'>quia</span> 
     </span>
     <span class='ocr_line' id='line_1_64' title="bbox 1166 395 2128 436; baseline 0.004 -11"><span class='ocrx_word' id='word_1_455' title='bbox 1166 395 1204 426; x_wconf 94' lang='lat' dir='ltr'>de</span> <span class='ocrx_word' id='word_1_456' title='bbox 1239 396 1364 434; x_wconf 86' lang='lat' dir='ltr'>perdita</span> <span class='ocrx_word' id='word_1_457' title='bbox 1403 397 1470 428; x_wconf 86' lang='lat' dir='ltr'>eius</span> <span class='ocrx_word' id='word_1_458' title='bbox 1510 397 1726 429; x_wconf 89' lang='lat' dir='ltr'>obstinatione</span> <span class='ocrx_word' id='word_1_459' title='bbox 1766 399 1930 429; x_wconf 87' lang='lat' dir='ltr'>oraculum</span> <span class='ocrx_word' id='word_1_460' title='bbox 1972 398 2128 436; x_wconf 87' lang='lat' dir='ltr'>audierat,</span> 
     </span>
     <span class='ocr_line' id='line_1_65' title="bbox 1165 438 2129 481; baseline 0.005 -14"><span class='ocrx_word' id='word_1_461' title='bbox 1165 438 1268 468; x_wconf 88' lang='lat' dir='ltr'>solum</span> <span class='ocrx_word' id='word_1_462' title='bbox 1315 439 1353 469; x_wconf 87' lang='lat' dir='ltr'>ad</span> <span class='ocrx_word' id='word_1_463' title='bbox 1399 439 1625 471; x_wconf 86' lang='lat' dir='ltr'>illustrandam</span> <span class='ocrx_word' id='word_1_464' title='bbox 1660 441 1722 471; x_wconf 90' lang='lat' dir='ltr'>Dei</span> <span class='ocrx_word' id='word_1_465' title='bbox 1764 441 1939 481; x_wconf 87' lang='lat' dir='ltr'>potentiam</span> <span class='ocrx_word' id='word_1_466' title='bbox 1982 441 2129 472; x_wconf 87' lang='lat' dir='ltr'>intentus</span> 
     </span>
     <span class='ocr_line' id='line_1_66' title="bbox 1164 480 2128 524; baseline 0.004 -14"><span class='ocrx_word' id='word_1_467' title='bbox 1164 480 1235 511; x_wconf 85' lang='lat' dir='ltr'>fuit.</span> <span class='ocrx_word' id='word_1_468' title='bbox 1280 481 1348 512; x_wconf 88' lang='lat' dir='ltr'>Nec</span> <span class='ocrx_word' id='word_1_469' title='bbox 1381 492 1456 512; x_wconf 89' lang='lat' dir='ltr'>vero</span> <span class='ocrx_word' id='word_1_470' title='bbox 1490 482 1622 514; x_wconf 86' lang='lat' dir='ltr'>dubium</span> <span class='ocrx_word' id='word_1_471' title='bbox 1658 488 1707 513; x_wconf 87' lang='lat' dir='ltr'>est</span> <span class='ocrx_word' id='word_1_472' title='bbox 1735 484 1895 524; x_wconf 84' lang='lat' dir='ltr'>singulari</span> <span class='ocrx_word' id='word_1_473' title='bbox 1925 483 2055 523; x_wconf 88' lang='lat' dir='ltr'>spiritus</span> <span class='ocrx_word' id='word_1_474' title='bbox 2079 484 2128 514; x_wconf 93' lang='lat' dir='ltr'>in-</span> 
     </span>
     <span class='ocr_line' id='line_1_67' title="bbox 1165 523 2129 563; baseline 0.005 -11"><span class='ocrx_word' id='word_1_475' title='bbox 1165 523 1286 553; x_wconf 84' lang='lat' dir='ltr'>stinctu</span> <span class='ocrx_word' id='word_1_476' title='bbox 1320 524 1425 563; x_wconf 89' lang='lat' dir='ltr'>ipsum</span> <span class='ocrx_word' id='word_1_477' title='bbox 1458 535 1580 562; x_wconf 84' lang='lat' dir='ltr'>orasse,</span> <span class='ocrx_word' id='word_1_478' title='bbox 1615 525 1715 557; x_wconf 89' lang='lat' dir='ltr'>donec</span> <span class='ocrx_word' id='word_1_479' title='bbox 1743 526 1847 557; x_wconf 83' lang='lat' dir='ltr'>factus</span> <span class='ocrx_word' id='word_1_480' title='bbox 1876 530 1925 557; x_wconf 88' lang='lat' dir='ltr'>est</span> <span class='ocrx_word' id='word_1_481' title='bbox 1952 527 2067 557; x_wconf 87' lang='lat' dir='ltr'>certior</span> <span class='ocrx_word' id='word_1_482' title='bbox 2090 526 2129 557; x_wconf 87' lang='lat' dir='ltr'>de</span> 
     </span>
     <span class='ocr_line' id='line_1_68' title="bbox 1165 565 2129 600; baseline 0.005 -5"><span class='ocrx_word' id='word_1_483' title='bbox 1165 565 1278 596; x_wconf 86' lang='lat' dir='ltr'>ultimo</span> <span class='ocrx_word' id='word_1_484' title='bbox 1302 572 1384 597; x_wconf 87' lang='lat' dir='ltr'>actu.</span> <span class='ocrx_word' id='word_1_485' title='bbox 1430 567 1474 597; x_wconf 90' lang='lat' dir='ltr'>Et</span> <span class='ocrx_word' id='word_1_486' title='bbox 1493 573 1629 598; x_wconf 85' lang='lat' dir='ltr'>eventus</span> <span class='ocrx_word' id='word_1_487' title='bbox 1652 567 1851 599; x_wconf 85' lang='lat' dir='ltr'>demonstrat</span> <span class='ocrx_word' id='word_1_488' title='bbox 1870 578 1934 599; x_wconf 90' lang='lat' dir='ltr'>non</span> <span class='ocrx_word' id='word_1_489' title='bbox 1955 573 2075 600; x_wconf 86' lang='lat' dir='ltr'>temere</span> <span class='ocrx_word' id='word_1_490' title='bbox 2094 569 2129 600; x_wconf 92' lang='grc'>111</span> 
     </span>
     <span class='ocr_line' id='line_1_69' title="bbox 1164 609 2130 651; baseline 0.004 -13"><span class='ocrx_word' id='word_1_491' title='bbox 1164 614 1271 638; x_wconf 78' lang='lat' dir='ltr'>aerem</span> <span class='ocrx_word' id='word_1_492' title='bbox 1295 610 1393 639; x_wconf 83' lang='lat' dir='ltr'>iactas</span> <span class='ocrx_word' id='word_1_493' title='bbox 1417 609 1515 640; x_wconf 84' lang='lat' dir='ltr'>fuisse</span> <span class='ocrx_word' id='word_1_494' title='bbox 1538 620 1664 649; x_wconf 87' lang='lat' dir='ltr'>preces:</span> <span class='ocrx_word' id='word_1_495' title='bbox 1689 612 1765 651; x_wconf 88' lang='lat' dir='ltr'>quia</span> <span class='ocrx_word' id='word_1_496' title='bbox 1783 611 1892 642; x_wconf 86' lang='lat' dir='ltr'>statim</span> <span class='ocrx_word' id='word_1_497' title='bbox 1916 617 2056 651; x_wconf 80' lang='lat' dir='ltr'>purgata</span> <span class='ocrx_word' id='word_1_498' title='bbox 2068 612 2130 642; x_wconf 87' lang='lat' dir='ltr'>fuit</span> 
     </span>
     <span class='ocr_line' id='line_1_70' title="bbox 1164 651 2128 685; baseline 0.004 -5"><span class='ocrx_word' id='word_1_499' title='bbox 1164 655 1250 681; x_wconf 89' lang='lat' dir='ltr'>terra</span> <span class='ocrx_word' id='word_1_500' title='bbox 1272 651 1411 682; x_wconf 90' lang='lat' dir='ltr'>locustis.</span> <span class='ocrx_word' id='word_1_501' title='bbox 1442 652 1490 683; x_wconf 91' lang='lat' dir='ltr'>De</span> <span class='ocrx_word' id='word_1_502' title='bbox 1514 658 1610 683; x_wconf 89' lang='lat' dir='ltr'>vento</span> <span class='ocrx_word' id='word_1_503' title='bbox 1634 653 1823 684; x_wconf 82' lang='lat' dir='ltr'>occidentali</span> <span class='ocrx_word' id='word_1_504' title='bbox 1842 653 1925 684; x_wconf 87' lang='lat' dir='ltr'>idem</span> <span class='ocrx_word' id='word_1_505' title='bbox 1951 653 2128 685; x_wconf 88' lang='lat' dir='ltr'>tenendum</span> 
     </span>
     <span class='ocr_line' id='line_1_71' title="bbox 1165 693 2127 736; baseline 0.004 -13"><span class='ocrx_word' id='word_1_506' title='bbox 1165 694 1249 732; x_wconf 87' lang='lat' dir='ltr'>quod</span> <span class='ocrx_word' id='word_1_507' title='bbox 1285 693 1323 724; x_wconf 90' lang='lat' dir='ltr'>de</span> <span class='ocrx_word' id='word_1_508' title='bbox 1356 696 1515 725; x_wconf 86' lang='lat' dir='ltr'>contrario</span> <span class='ocrx_word' id='word_1_509' title='bbox 1549 706 1651 735; x_wconf 90' lang='lat' dir='ltr'>nuper</span> <span class='ocrx_word' id='word_1_510' title='bbox 1685 696 1835 727; x_wconf 86' lang='lat' dir='ltr'>diximus.</span> <span class='ocrx_word' id='word_1_511' title='bbox 1891 696 2004 736; x_wconf 88' lang='lat' dir='ltr'>Neque</span> <span class='ocrx_word' id='word_1_512' title='bbox 2042 697 2127 728; x_wconf 89' lang='lat' dir='ltr'>enim</span> 
     </span>
     <span class='ocr_line' id='line_1_72' title="bbox 1164 736 2128 779; baseline 0.005 -14"><span class='ocrx_word' id='word_1_513' title='bbox 1164 736 1271 775; x_wconf 80' lang='lat' dir='ltr'>exigui</span> <span class='ocrx_word' id='word_1_514' title='bbox 1307 737 1460 775; x_wconf 83' lang='lat' dir='ltr'>temporis</span> <span class='ocrx_word' id='word_1_515' title='bbox 1490 737 1586 768; x_wconf 88' lang='lat' dir='ltr'>flatus</span> <span class='ocrx_word' id='word_1_516' title='bbox 1619 738 1658 768; x_wconf 91' lang='lat' dir='ltr'>ad</span> <span class='ocrx_word' id='word_1_517' title='bbox 1692 744 1816 769; x_wconf 86' lang='lat' dir='ltr'>tantam</span> <span class='ocrx_word' id='word_1_518' title='bbox 1852 738 2025 770; x_wconf 89' lang='lat' dir='ltr'>colluviem</span> <span class='ocrx_word' id='word_1_519' title='bbox 2057 750 2128 779; x_wconf 88' lang='lat' dir='ltr'>pro-</span> 
     </span>
     <span class='ocr_line' id='line_1_73' title="bbox 1164 778 2127 822; baseline 0.004 -14"><span class='ocrx_word' id='word_1_520' title='bbox 1164 778 1336 818; x_wconf 74' lang='lat' dir='ltr'>fligandam</span> <span class='ocrx_word' id='word_1_521' title='bbox 1362 780 1509 810; x_wconf 84' lang='lat' dir='ltr'>sufficere</span> <span class='ocrx_word' id='word_1_522' title='bbox 1532 785 1666 820; x_wconf 85' lang='lat' dir='ltr'>poterat,</span> <span class='ocrx_word' id='word_1_523' title='bbox 1690 781 1743 812; x_wconf 88' lang='lat' dir='ltr'>sed</span> <span class='ocrx_word' id='word_1_524' title='bbox 1770 782 1858 812; x_wconf 88' lang='lat' dir='ltr'>Deus</span> <span class='ocrx_word' id='word_1_525' title='bbox 1889 781 2007 812; x_wconf 87' lang='lat' dir='ltr'>visibili</span> <span class='ocrx_word' id='word_1_526' title='bbox 2040 792 2127 822; x_wconf 82' lang='lat' dir='ltr'>sym-</span> 
     </span>
     <span class='ocr_line' id='line_1_74' title="bbox 1163 821 2127 864; baseline 0.004 -13"><span class='ocrx_word' id='word_1_527' title='bbox 1163 821 1234 851; x_wconf 93' lang='lat' dir='ltr'>bolo</span> <span class='ocrx_word' id='word_1_528' title='bbox 1263 825 1414 852; x_wconf 83' lang='lat' dir='ltr'>testatum</span> <span class='ocrx_word' id='word_1_529' title='bbox 1447 822 1521 853; x_wconf 87' lang='lat' dir='ltr'>fecit</span> <span class='ocrx_word' id='word_1_530' title='bbox 1550 833 1584 853; x_wconf 84' lang='lat' dir='ltr'>se</span> <span class='ocrx_word' id='word_1_531' title='bbox 1614 823 1646 853; x_wconf 92' lang='lat' dir='ltr'>in</span> <span class='ocrx_word' id='word_1_532' title='bbox 1670 828 1840 864; x_wconf 88' lang='lat' dir='ltr'>utramque</span> <span class='ocrx_word' id='word_1_533' title='bbox 1864 830 1989 864; x_wconf 84' lang='lat' dir='ltr'>partem</span> <span class='ocrx_word' id='word_1_534' title='bbox 2013 835 2127 855; x_wconf 79' lang='lat' dir='ltr'>exora-</span> 
     </span>
     <span class='ocr_line' id='line_1_75' title="bbox 1164 864 2124 906; baseline 0.004 -13"><span class='ocrx_word' id='word_1_535' title='bbox 1164 870 1231 894; x_wconf 88' lang='lat' dir='ltr'>tum</span> <span class='ocrx_word' id='word_1_536' title='bbox 1256 864 1354 894; x_wconf 86' lang='lat' dir='ltr'>fuisse</span> <span class='ocrx_word' id='word_1_537' title='bbox 1377 865 1462 895; x_wconf 86' lang='lat' dir='ltr'>servi</span> <span class='ocrx_word' id='word_1_538' title='bbox 1483 865 1531 895; x_wconf 88' lang='lat' dir='ltr'>sui</span> <span class='ocrx_word' id='word_1_539' title='bbox 1552 865 1642 901; x_wconf 80' lang='lat' dir='ltr'>votis,</span> <span class='ocrx_word' id='word_1_540' title='bbox 1667 871 1761 906; x_wconf 87' lang='lat' dir='ltr'>atque</span> <span class='ocrx_word' id='word_1_541' title='bbox 1780 866 1840 897; x_wconf 88' lang='lat' dir='ltr'>hac</span> <span class='ocrx_word' id='word_1_542' title='bbox 1859 866 1897 896; x_wconf 87' lang='lat' dir='ltr'>de</span> <span class='ocrx_word' id='word_1_543' title='bbox 1916 877 2012 898; x_wconf 88' lang='lat' dir='ltr'>causa</span> <span class='ocrx_word' id='word_1_544' title='bbox 2035 867 2124 897; x_wconf 90' lang='lat' dir='ltr'>seda-</span> 
     </span>
     <span class='ocr_line' id='line_1_76' title="bbox 1163 906 2126 940; baseline 0.004 -4"><span class='ocrx_word' id='word_1_545' title='bbox 1163 911 1229 936; x_wconf 88' lang='lat' dir='ltr'>tam</span> <span class='ocrx_word' id='word_1_546' title='bbox 1254 917 1323 937; x_wconf 86' lang='lat' dir='ltr'>esse</span> <span class='ocrx_word' id='word_1_547' title='bbox 1347 906 1480 937; x_wconf 87' lang='lat' dir='ltr'>cladem.</span> <span class='ocrx_word' id='word_1_548' title='bbox 1526 907 1627 938; x_wconf 87' lang='lat' dir='ltr'>Maris</span> <span class='ocrx_word' id='word_1_549' title='bbox 1647 909 1735 939; x_wconf 91' lang='lat' dir='ltr'>rubri</span> <span class='ocrx_word' id='word_1_550' title='bbox 1759 909 1890 939; x_wconf 89' lang='lat' dir='ltr'>nomine</span> <span class='ocrx_word' id='word_1_551' title='bbox 1913 909 2019 940; x_wconf 89' lang='lat' dir='ltr'>sinum</span> <span class='ocrx_word' id='word_1_552' title='bbox 2044 910 2126 940; x_wconf 88' lang='lat' dir='ltr'>Ara-</span> 
     </span>
     <span class='ocr_line' id='line_1_77' title="bbox 1164 948 2125 984; baseline 0.005 -6"><span class='ocrx_word' id='word_1_553' title='bbox 1164 948 1267 980; x_wconf 90' lang='lat' dir='ltr'>bicum</span> <span class='ocrx_word' id='word_1_554' title='bbox 1293 950 1397 979; x_wconf 89' lang='lat' dir='ltr'>notari</span> <span class='ocrx_word' id='word_1_555' title='bbox 1421 950 1498 980; x_wconf 85' lang='lat' dir='ltr'>satis</span> <span class='ocrx_word' id='word_1_556' title='bbox 1528 955 1638 980; x_wconf 85' lang='lat' dir='ltr'>notum</span> <span class='ocrx_word' id='word_1_557' title='bbox 1669 956 1726 982; x_wconf 87' lang='lat' dir='ltr'>est.</span> <span class='ocrx_word' id='word_1_558' title='bbox 1772 951 1931 982; x_wconf 86' lang='lat' dir='ltr'>Hebraeis</span> <span class='ocrx_word' id='word_1_559' title='bbox 1976 958 2009 984; x_wconf 69' lang='grc' dir='ltr'>Ὶῠ</span> <span class='ocrx_word' id='word_1_560' title='bbox 2033 963 2125 983; x_wconf 89' lang='lat' dir='ltr'>voca-</span> 
     </span>
     <span class='ocr_line' id='line_1_78' title="bbox 1164 992 2127 1033; baseline 0.004 -12"><span class='ocrx_word' id='word_1_561' title='bbox 1164 997 1231 1027; x_wconf 75' lang='lat' dir='ltr'>tur,</span> <span class='ocrx_word' id='word_1_562' title='bbox 1264 992 1314 1022; x_wconf 86' lang='lat' dir='ltr'>vel</span> <span class='ocrx_word' id='word_1_563' title='bbox 1343 1003 1360 1022; x_wconf 85' lang='lat' dir='ltr'>a</span> <span class='ocrx_word' id='word_1_564' title='bbox 1386 992 1490 1023; x_wconf 86' lang='lat' dir='ltr'>iuncis</span> <span class='ocrx_word' id='word_1_565' title='bbox 1516 998 1545 1022; x_wconf 88' lang='lat' dir='ltr'>et</span> <span class='ocrx_word' id='word_1_566' title='bbox 1576 994 1710 1024; x_wconf 87' lang='lat' dir='ltr'>carectis</span> <span class='ocrx_word' id='word_1_567' title='bbox 1736 994 1851 1033; x_wconf 88' lang='lat' dir='ltr'>quibus</span> <span class='ocrx_word' id='word_1_568' title='bbox 1871 994 1954 1025; x_wconf 88' lang='lat' dir='ltr'>abun</span> <span class='ocrx_word' id='word_1_569' title='bbox 1980 999 2012 1025; x_wconf 82' lang='lat' dir='ltr'>at</span> <span class='ocrx_word' id='word_1_570' title='bbox 2034 995 2085 1025; x_wconf 90' lang='lat' dir='ltr'>vel</span> <span class='ocrx_word' id='word_1_571' title='bbox 2108 1006 2127 1026; x_wconf 88' lang='lat' dir='ltr'>a</span> 
     </span>
     <span class='ocr_line' id='line_1_79' title="bbox 1164 1034 2126 1076; baseline 0.004 -12"><span class='ocrx_word' id='word_1_572' title='bbox 1164 1034 1356 1071; x_wconf 83' lang='lat' dir='ltr'>turbinibus,</span> <span class='ocrx_word' id='word_1_573' title='bbox 1387 1035 1460 1074; x_wconf 84' lang='lat' dir='ltr'>quia</span> <span class='ocrx_word' id='word_1_574' title='bbox 1486 1041 1619 1074; x_wconf 85' lang='lat' dir='ltr'>utroque</span> <span class='ocrx_word' id='word_1_575' title='bbox 1645 1047 1739 1067; x_wconf 87' lang='lat' dir='ltr'>sensu</span> <span class='ocrx_word' id='word_1_576' title='bbox 1770 1047 1886 1067; x_wconf 87' lang='lat' dir='ltr'>nomen</span> <span class='ocrx_word' id='word_1_577' title='bbox 1913 1037 1972 1068; x_wconf 90' lang='grc'><strong>1100</strong></span> <span class='ocrx_word' id='word_1_578' title='bbox 2000 1038 2126 1076; x_wconf 82' lang='lat' dir='ltr'>capitur</span> 
     </span>
     <span class='ocr_line' id='line_1_80' title="bbox 1162 1077 2124 1119; baseline 0.005 -13"><span class='ocrx_word' id='word_1_579' title='bbox 1162 1077 1196 1106; x_wconf 94' lang='lat' dir='ltr'>in</span> <span class='ocrx_word' id='word_1_580' title='bbox 1221 1077 1401 1116; x_wconf 87' lang='lat' dir='ltr'>scripturis,</span> <span class='ocrx_word' id='word_1_581' title='bbox 1425 1077 1507 1116; x_wconf 90' lang='lat' dir='ltr'>quod</span> <span class='ocrx_word' id='word_1_582' title='bbox 1532 1078 1557 1107; x_wconf 87' lang='lat' dir='ltr'>si</span> <span class='ocrx_word' id='word_1_583' title='bbox 1581 1077 1681 1108; x_wconf 85' lang='lat' dir='ltr'>latine</span> <span class='ocrx_word' id='word_1_584' title='bbox 1703 1083 1829 1109; x_wconf 86' lang='lat' dir='ltr'>vertere</span> <span class='ocrx_word' id='word_1_585' title='bbox 1853 1079 1992 1119; x_wconf 81' lang='lat' dir='ltr'>placeat,</span> <span class='ocrx_word' id='word_1_586' title='bbox 2017 1080 2124 1110; x_wconf 89' lang='lat' dir='ltr'>dicen-</span> 
     </span>
     <span class='ocr_line' id='line_1_81' title="bbox 1163 1119 2124 1160; baseline 0.004 -11"><span class='ocrx_word' id='word_1_587' title='bbox 1163 1119 1238 1150; x_wconf 89' lang='lat' dir='ltr'>dum</span> <span class='ocrx_word' id='word_1_588' title='bbox 1267 1120 1329 1150; x_wconf 90' lang='lat' dir='ltr'>erit</span> <span class='ocrx_word' id='word_1_589' title='bbox 1359 1119 1503 1160; x_wconf 83' lang='lat' dir='ltr'>algosum</span> <span class='ocrx_word' id='word_1_590' title='bbox 1534 1126 1565 1150; x_wconf 91' lang='lat' dir='ltr'>et</span> <span class='ocrx_word' id='word_1_591' title='bbox 1590 1121 1739 1152; x_wconf 86' lang='lat' dir='ltr'>iunceum</span> <span class='ocrx_word' id='word_1_592' title='bbox 1778 1132 1865 1153; x_wconf 83' lang='lat' dir='ltr'>mare</span> <span class='ocrx_word' id='word_1_593' title='bbox 1893 1122 1945 1153; x_wconf 89' lang='lat' dir='ltr'>vel</span> <span class='ocrx_word' id='word_1_594' title='bbox 1979 1123 2124 1153; x_wconf 85' lang='lat' dir='ltr'>turbino-</span> 
     </span>
     <span class='ocr_line' id='line_1_82' title="bbox 1163 1162 2125 1204; baseline 0.003 -12"><span class='ocrx_word' id='word_1_595' title='bbox 1163 1172 1244 1192; x_wconf 88' lang='lat' dir='ltr'>sum.</span> <span class='ocrx_word' id='word_1_596' title='bbox 1291 1162 1462 1193; x_wconf 76' lang='lat' dir='ltr'>Caeterum</span> <span class='ocrx_word' id='word_1_597' title='bbox 1487 1163 1561 1202; x_wconf 84' lang='lat' dir='ltr'>quia</span> <span class='ocrx_word' id='word_1_598' title='bbox 1585 1163 1616 1193; x_wconf 92' lang='grc'>111</span> <span class='ocrx_word' id='word_1_599' title='bbox 1638 1170 1702 1194; x_wconf 87' lang='lat' dir='ltr'>tam</span> <span class='ocrx_word' id='word_1_600' title='bbox 1726 1164 1846 1195; x_wconf 87' lang='lat' dir='ltr'>furiosa</span> <span class='ocrx_word' id='word_1_601' title='bbox 1869 1165 2046 1204; x_wconf 84' lang='lat' dir='ltr'>pertinacia</span> <span class='ocrx_word' id='word_1_602' title='bbox 2075 1166 2125 1195; x_wconf 91' lang='lat' dir='ltr'>in-</span> 
     </span>
     <span class='ocr_line' id='line_1_83' title="bbox 1688 1207 2125 1246; baseline 0.002 -9"><span class='ocrx_word' id='word_1_603' title='bbox 1688 1207 1807 1237; x_wconf 85' lang='lat' dir='ltr'>diserte</span> <span class='ocrx_word' id='word_1_604' title='bbox 1841 1207 2037 1246; x_wconf 84' lang='lat' dir='ltr'>exprimitur</span> <span class='ocrx_word' id='word_1_605' title='bbox 2070 1218 2125 1239; x_wconf 87' lang='lat' dir='ltr'>cor</span> 
     </span>
     <span class='ocr_line' id='line_1_84' title="bbox 1163 1247 2124 1287; baseline 0.004 -10"><span class='ocrx_word' id='word_1_606' title='bbox 1163 1248 1231 1278; x_wconf 88' lang='lat' dir='ltr'>eius</span> <span class='ocrx_word' id='word_1_607' title='bbox 1258 1258 1276 1277; x_wconf 84' lang='lat' dir='ltr'>a</span> <span class='ocrx_word' id='word_1_608' title='bbox 1297 1248 1364 1278; x_wconf 90' lang='lat' dir='ltr'>Deo</span> <span class='ocrx_word' id='word_1_609' title='bbox 1383 1248 1484 1278; x_wconf 83' lang='lat' dir='ltr'>fuisse</span> <span class='ocrx_word' id='word_1_610' title='bbox 1503 1247 1703 1287; x_wconf 86' lang='lat' dir='ltr'>obduratum,</span> <span class='ocrx_word' id='word_1_611' title='bbox 1727 1254 1763 1280; x_wconf 87' lang='lat' dir='ltr'>ut</span> <span class='ocrx_word' id='word_1_612' title='bbox 1782 1249 1942 1281; x_wconf 87' lang='lat' dir='ltr'>discamus</span> <span class='ocrx_word' id='word_1_613' title='bbox 1961 1249 2000 1280; x_wconf 90' lang='lat' dir='ltr'>ad</span> <span class='ocrx_word' id='word_1_614' title='bbox 2021 1250 2124 1281; x_wconf 87' lang='lat' dir='ltr'>horri-</span> 
     </span>
     <span class='ocr_line' id='line_1_85' title="bbox 1163 1289 2125 1331; baseline 0.002 -10"><span class='ocrx_word' id='word_1_615' title='bbox 1163 1290 1225 1321; x_wconf 87' lang='lat' dir='ltr'>bile</span> <span class='ocrx_word' id='word_1_616' title='bbox 1248 1289 1327 1321; x_wconf 91' lang='lat' dir='ltr'>illud</span> <span class='ocrx_word' id='word_1_617' title='bbox 1356 1290 1508 1321; x_wconf 87' lang='lat' dir='ltr'>iudicium</span> <span class='ocrx_word' id='word_1_618' title='bbox 1533 1302 1754 1330; x_wconf 81' lang='lat' dir='ltr'>expavescere,</span> <span class='ocrx_word' id='word_1_619' title='bbox 1777 1292 1853 1323; x_wconf 91' lang='lat' dir='ltr'>dum</span> <span class='ocrx_word' id='word_1_620' title='bbox 1883 1292 1974 1331; x_wconf 87' lang='lat' dir='ltr'>impii</span> <span class='ocrx_word' id='word_1_621' title='bbox 2003 1292 2125 1324; x_wconf 86' lang='lat' dir='ltr'>scilicet</span> 
     </span>
     <span class='ocr_line' id='line_1_86' title="bbox 1163 1333 2123 1374; baseline 0.004 -11"><span class='ocrx_word' id='word_1_622' title='bbox 1163 1333 1276 1372; x_wconf 88' lang='lat' dir='ltr'>spiritu</span> <span class='ocrx_word' id='word_1_623' title='bbox 1298 1333 1466 1373; x_wconf 84' lang='lat' dir='ltr'>vertiginis</span> <span class='ocrx_word' id='word_1_624' title='bbox 1490 1334 1642 1374; x_wconf 88' lang='lat' dir='ltr'>correpti,</span> <span class='ocrx_word' id='word_1_625' title='bbox 1670 1335 1785 1372; x_wconf 89' lang='lat' dir='ltr'>Deum,</span> <span class='ocrx_word' id='word_1_626' title='bbox 1814 1335 1904 1366; x_wconf 90' lang='lat' dir='ltr'>cuius</span> <span class='ocrx_word' id='word_1_627' title='bbox 1928 1345 2045 1365; x_wconf 89' lang='lat' dir='ltr'>nomen</span> <span class='ocrx_word' id='word_1_628' title='bbox 2070 1346 2123 1367; x_wconf 89' lang='lat' dir='ltr'>eos</span> 
     </span>
    </p>
   </div>
   <div class='ocr_carea' id='block_1_11' title="bbox 1136 1376 2076 1417">
    <p class='ocr_par' dir='ltr' id='par_1_12' title="bbox 1136 1376 2076 1417">
     <span class='ocr_line' id='line_1_87' title="bbox 1136 1376 2076 1417; baseline 0.002 -11"><span class='ocrx_word' id='word_1_629' title='bbox 1136 1399 1137 1406; x_wconf 64' lang='lat'>.</span> <span class='ocrx_word' id='word_1_630' title='bbox 1162 1376 1335 1413; x_wconf 77' lang='lat' dir='ltr'>exanimat,</span> <span class='ocrx_word' id='word_1_631' title='bbox 1356 1376 1458 1416; x_wconf 80' lang='lat' dir='ltr'>magis</span> <span class='ocrx_word' id='word_1_632' title='bbox 1478 1386 1513 1408; x_wconf 91' lang='lat' dir='ltr'>ac</span> <span class='ocrx_word' id='word_1_633' title='bbox 1533 1377 1634 1417; x_wconf 73' lang='lat' dir='ltr'>magis</span> <span class='ocrx_word' id='word_1_634' title='bbox 1656 1377 1808 1408; x_wconf 87' lang='lat' dir='ltr'>lacessere</span> <span class='ocrx_word' id='word_1_635' title='bbox 1827 1388 1893 1408; x_wconf 90' lang='lat' dir='ltr'>non</span> <span class='ocrx_word' id='word_1_636' title='bbox 1917 1377 2076 1409; x_wconf 86' lang='lat' dir='ltr'>dubitant.</span> 
     </span>
    </p>
   </div>
   <div class='ocr_carea' id='block_1_12' title="bbox 1162 1461 2124 1797">
    <p class='ocr_par' dir='ltr' id='par_1_13' title="bbox 1162 1461 2124 1797">
     <span class='ocr_line' id='line_1_88' title="bbox 1249 1461 2123 1494; baseline 0.003 -3"><span class='ocrx_word' id='word_1_637' title='bbox 1249 1461 1298 1491; x_wconf 83' lang='lat'>21.</span> <span class='ocrx_word' id='word_1_638' title='bbox 1327 1461 1354 1491; x_wconf 85' lang='lat' dir='ltr'><em>T</em></span> <span class='ocrx_word' id='word_1_639' title='bbox 1354 1470 1411 1492; x_wconf 79' lang='lat' dir='ltr'>mzc</span> <span class='ocrx_word' id='word_1_640' title='bbox 1433 1461 1515 1491; x_wconf 48' lang='lat' dir='ltr'>(li-rit</span> <span class='ocrx_word' id='word_1_641' title='bbox 1538 1461 1648 1492; x_wconf 73' lang='lat' dir='ltr'>Iebova</span> <span class='ocrx_word' id='word_1_642' title='bbox 1673 1462 1714 1492; x_wconf 77' lang='lat' dir='ltr'>ad</span> <span class='ocrx_word' id='word_1_643' title='bbox 1738 1462 1861 1493; x_wconf 76' lang='lat' dir='ltr'>ZlIoscii:</span> <span class='ocrx_word' id='word_1_644' title='bbox 1894 1462 2032 1494; x_wconf 59' lang='lat' dir='ltr'>Extende</span> <span class='ocrx_word' id='word_1_645' title='bbox 2057 1473 2123 1494; x_wconf 83' lang='lat' dir='ltr'>ma-</span> 
     </span>
     <span class='ocr_line' id='line_1_89' title="bbox 1164 1504 2124 1545; baseline 0.003 -12"><span class='ocrx_word' id='word_1_646' title='bbox 1164 1514 1234 1533; x_wconf 70' lang='lat' dir='ltr'>num</span> <span class='ocrx_word' id='word_1_647' title='bbox 1259 1507 1343 1534; x_wconf 73' lang='lat' dir='ltr'>tuam</span> <span class='ocrx_word' id='word_1_648' title='bbox 1366 1505 1399 1533; x_wconf 74' lang='lat' dir='ltr'>vin</span> <span class='ocrx_word' id='word_1_649' title='bbox 1422 1504 1550 1540; x_wconf 67' lang='lat' dir='ltr'>coelum,</span> <span class='ocrx_word' id='word_1_650' title='bbox 1584 1507 1615 1534; x_wconf 73' lang='lat' dir='ltr'>at</span> <span class='ocrx_word' id='word_1_651' title='bbox 1641 1505 1703 1535; x_wconf 77' lang='lat' dir='ltr'>sint</span> <span class='ocrx_word' id='word_1_652' title='bbox 1736 1505 1872 1536; x_wconf 75' lang='lat' dir='ltr'>tenebrae</span> <span class='ocrx_word' id='word_1_653' title='bbox 1893 1515 1987 1545; x_wconf 69' lang='lat' dir='ltr'>super</span> <span class='ocrx_word' id='word_1_654' title='bbox 2009 1508 2124 1537; x_wconf 77' lang='lat' dir='ltr'>terram</span> 
     </span>
     <span class='ocr_line' id='line_1_90' title="bbox 1163 1546 2124 1588; baseline 0.003 -11"><span class='ocrx_word' id='word_1_655' title='bbox 1163 1547 1304 1586; x_wconf 61' lang='lat' dir='ltr'>Aegypti,</span> <span class='ocrx_word' id='word_1_656' title='bbox 1327 1549 1351 1575; x_wconf 75' lang='lat' dir='ltr'>ct</span> <span class='ocrx_word' id='word_1_657' title='bbox 1369 1546 1476 1585; x_wconf 72' lang='lat' dir='ltr'>palpet</span> <span class='ocrx_word' id='word_1_658' title='bbox 1497 1547 1633 1577; x_wconf 70' lang='lat' dir='ltr'>tenebras</span> <span class='ocrx_word' id='word_1_659' title='bbox 1648 1546 1677 1588; x_wconf 90' lang='lat'>¹).</span> <span class='ocrx_word' id='word_1_660' title='bbox 1716 1548 1766 1578; x_wconf 85' lang='lat'>22.</span> <span class='ocrx_word' id='word_1_661' title='bbox 1790 1547 1832 1578; x_wconf 74' lang='lat' dir='ltr'>Et</span> <span class='ocrx_word' id='word_1_662' title='bbox 1859 1548 1991 1578; x_wconf 52' lang='lat' dir='ltr'>&amp;effudit</span> <span class='ocrx_word' id='word_1_663' title='bbox 2020 1548 2124 1580; x_wconf 67' lang='grc'><strong>1110303</strong></span> 
     </span>
     <span class='ocr_line' id='line_1_91' title="bbox 1163 1589 2123 1630; baseline 0.002 -11"><span class='ocrx_word' id='word_1_664' title='bbox 1163 1599 1289 1619; x_wconf 69' lang='lat' dir='ltr'>mallum</span> <span class='ocrx_word' id='word_1_665' title='bbox 1312 1599 1401 1619; x_wconf 70' lang='lat' dir='ltr'>suam</span> <span class='ocrx_word' id='word_1_666' title='bbox 1423 1590 1457 1619; x_wconf 77' lang='lat' dir='ltr'>in</span> <span class='ocrx_word' id='word_1_667' title='bbox 1479 1589 1606 1620; x_wconf 73' lang='lat' dir='ltr'>coelam:</span> <span class='ocrx_word' id='word_1_668' title='bbox 1631 1592 1657 1620; x_wconf 72' lang='lat' dir='ltr'>ct</span> <span class='ocrx_word' id='word_1_669' title='bbox 1678 1590 1802 1625; x_wconf 71' lang='lat' dir='ltr'>fucrant</span> <span class='ocrx_word' id='word_1_670' title='bbox 1824 1590 1959 1620; x_wconf 73' lang='lat' dir='ltr'>tenebrae</span> <span class='ocrx_word' id='word_1_671' title='bbox 1980 1590 2123 1630; x_wconf 72' lang='lat' dir='ltr'>caliyino-</span> 
     </span>
     <span class='ocr_line' id='line_1_92' title="bbox 1162 1632 2123 1672; baseline 0.002 -10"><span class='ocrx_word' id='word_1_672' title='bbox 1162 1644 1215 1662; x_wconf 72' lang='lat' dir='ltr'>sac</span> <span class='ocrx_word' id='word_1_673' title='bbox 1236 1633 1265 1661; x_wconf 59' lang='lat' dir='ltr'>ion</span> <span class='ocrx_word' id='word_1_674' title='bbox 1289 1634 1350 1662; x_wconf 65' lang='lat' dir='ltr'>tata</span> <span class='ocrx_word' id='word_1_675' title='bbox 1373 1634 1456 1662; x_wconf 71' lang='lat' dir='ltr'>terra</span> <span class='ocrx_word' id='word_1_676' title='bbox 1481 1632 1610 1672; x_wconf 72' lang='lat' dir='ltr'>Aeyypti</span> <span class='ocrx_word' id='word_1_677' title='bbox 1629 1632 1727 1663; x_wconf 78' lang='lat' dir='ltr'>tribas</span> <span class='ocrx_word' id='word_1_678' title='bbox 1748 1632 1863 1663; x_wconf 75' lang='lat' dir='ltr'>dicbus.</span> <span class='ocrx_word' id='word_1_679' title='bbox 1908 1633 1958 1663; x_wconf 85' lang='lat'>23.</span> <span class='ocrx_word' id='word_1_680' title='bbox 1984 1633 2054 1664; x_wconf 82' lang='lat' dir='ltr'>Non</span> <span class='ocrx_word' id='word_1_681' title='bbox 2077 1634 2123 1664; x_wconf 77' lang='lat' dir='ltr'>vi-</span> 
     </span>
     <span class='ocr_line' id='line_1_93' title="bbox 1162 1674 2123 1714; baseline 0.001 -8"><span class='ocrx_word' id='word_1_682' title='bbox 1162 1675 1248 1706; x_wconf 72' lang='lat' dir='ltr'>debat</span> <span class='ocrx_word' id='word_1_683' title='bbox 1270 1674 1347 1705; x_wconf 80' lang='lat' dir='ltr'>alter</span> <span class='ocrx_word' id='word_1_684' title='bbox 1370 1674 1509 1710; x_wconf 74' lang='lat' dir='ltr'>alteram,</span> <span class='ocrx_word' id='word_1_685' title='bbox 1537 1685 1632 1714; x_wconf 68' lang='lat' dir='ltr'>acque</span> <span class='ocrx_word' id='word_1_686' title='bbox 1653 1678 1853 1706; x_wconf 59' lang='lat' dir='ltr'>suo-referunt</span> <span class='ocrx_word' id='word_1_687' title='bbox 1875 1676 2002 1714; x_wconf 74' lang='lat' dir='ltr'>quisque</span> <span class='ocrx_word' id='word_1_688' title='bbox 2025 1686 2040 1706; x_wconf 97' lang='grc'>0</span> <span class='ocrx_word' id='word_1_689' title='bbox 2063 1676 2123 1707; x_wconf 81' lang='lat' dir='ltr'>loco</span> 
     </span>
     <span class='ocr_line' id='line_1_94' title="bbox 1162 1717 2124 1756; baseline 0 -7"><span class='ocrx_word' id='word_1_690' title='bbox 1162 1728 1217 1749; x_wconf 80' lang='lat' dir='ltr'>suo</span> <span class='ocrx_word' id='word_1_691' title='bbox 1235 1717 1334 1748; x_wconf 74' lang='lat' dir='ltr'>tribus</span> <span class='ocrx_word' id='word_1_692' title='bbox 1356 1717 1477 1747; x_wconf 71' lang='lat' dir='ltr'>diebus:</span> <span class='ocrx_word' id='word_1_693' title='bbox 1499 1719 1530 1748; x_wconf 54' lang='grc' dir='ltr'>αἱ</span> <span class='ocrx_word' id='word_1_694' title='bbox 1552 1717 1691 1748; x_wconf 53' lang='lat' dir='ltr'>omnibus</span> <span class='ocrx_word' id='word_1_695' title='bbox 1710 1718 1787 1756; x_wconf 72' lang='lat' dir='ltr'>filiis</span> <span class='ocrx_word' id='word_1_696' title='bbox 1807 1718 1910 1749; x_wconf 78' lang='lat' dir='ltr'>Israel</span> <span class='ocrx_word' id='word_1_697' title='bbox 1929 1721 1993 1748; x_wconf 73' lang='lat' dir='ltr'>erat</span> <span class='ocrx_word' id='word_1_698' title='bbox 2015 1718 2071 1750; x_wconf 74' lang='lat' dir='ltr'>lux</span> <span class='ocrx_word' id='word_1_699' title='bbox 2089 1719 2124 1749; x_wconf 76' lang='lat' dir='ltr'>in</span> 
     </span>
     <span class='ocr_line' id='line_1_95' title="bbox 1162 1760 2123 1797; baseline 0.001 -7"><span class='ocrx_word' id='word_1_700' title='bbox 1162 1760 1344 1791; x_wconf 67' lang='lat' dir='ltr'>habitaculis</span> <span class='ocrx_word' id='word_1_701' title='bbox 1366 1761 1441 1790; x_wconf 73' lang='lat' dir='ltr'>suis.</span> <span class='ocrx_word' id='word_1_702' title='bbox 1487 1760 1537 1790; x_wconf 69' lang='lat'>24.</span> <span class='ocrx_word' id='word_1_703' title='bbox 1568 1760 1650 1790; x_wconf 70' lang='lat' dir='ltr'>Tunc</span> <span class='ocrx_word' id='word_1_704' title='bbox 1672 1761 1829 1791; x_wconf 71' lang='lat' dir='ltr'>accersivit</span> <span class='ocrx_word' id='word_1_705' title='bbox 1854 1760 1980 1791; x_wconf 72' lang='lat' dir='ltr'>Pharao</span> <span class='ocrx_word' id='word_1_706' title='bbox 2004 1761 2123 1797; x_wconf 66' lang='lat' dir='ltr'>BIosen,</span> 
     </span>
    </p>
   </div>
   <div class='ocr_carea' id='block_1_13' title="bbox 1136 1798 2124 1843">
    <p class='ocr_par' dir='ltr' id='par_1_14' title="bbox 1136 1798 2124 1843">
     <span class='ocr_line' id='line_1_96' title="bbox 1136 1798 2124 1843; baseline 0.001 -10"><span class='ocrx_word' id='word_1_707' title='bbox 1136 1798 1138 1805; x_wconf 50' lang='lat'><strong>¹</strong></span> <span class='ocrx_word' id='word_1_708' title='bbox 1162 1806 1189 1834; x_wconf 75' lang='lat' dir='ltr'>et</span> <span class='ocrx_word' id='word_1_709' title='bbox 1210 1803 1307 1833; x_wconf 51' lang='lat' dir='ltr'>dreit.-</span> <span class='ocrx_word' id='word_1_710' title='bbox 1331 1803 1385 1837; x_wconf 80' lang='lat' dir='ltr'>Ile‚</span> <span class='ocrx_word' id='word_1_711' title='bbox 1409 1804 1518 1833; x_wconf 67' lang='lat' dir='ltr'>servile</span> <span class='ocrx_word' id='word_1_712' title='bbox 1542 1803 1676 1839; x_wconf 67' lang='lat' dir='ltr'>Ielwvac,</span> <span class='ocrx_word' id='word_1_713' title='bbox 1698 1805 1814 1834; x_wconf 74' lang='lat' dir='ltr'>tantam</span> <span class='ocrx_word' id='word_1_714' title='bbox 1834 1813 1927 1843; x_wconf 77' lang='lat' dir='ltr'>pecus</span> <span class='ocrx_word' id='word_1_715' title='bbox 1949 1806 2080 1834; x_wconf 73' lang='lat' dir='ltr'>vestrum</span> <span class='ocrx_word' id='word_1_716' title='bbox 2098 1806 2124 1834; x_wconf 74' lang='lat' dir='ltr'>et</span> 
     </span>
    </p>
   </div>
   <div class='ocr_carea' id='block_1_14' title="bbox 1162 1845 2124 2398">
    <p class='ocr_par' dir='ltr' id='par_1_15' title="bbox 1162 1845 2124 2398">
     <span class='ocr_line' id='line_1_97' title="bbox 1162 1845 2124 1884; baseline 0.001 -8"><span class='ocrx_word' id='word_1_717' title='bbox 1162 1848 1334 1877; x_wconf 75' lang='lat' dir='ltr'>armentum</span> <span class='ocrx_word' id='word_1_718' title='bbox 1365 1847 1497 1875; x_wconf 71' lang='lat' dir='ltr'>vestrum</span> <span class='ocrx_word' id='word_1_719' title='bbox 1530 1846 1711 1876; x_wconf 73' lang='lat' dir='ltr'>remanebit:</span> <span class='ocrx_word' id='word_1_720' title='bbox 1743 1846 1835 1876; x_wconf 73' lang='lat' dir='ltr'>etiam</span> <span class='ocrx_word' id='word_1_721' title='bbox 1862 1845 1993 1884; x_wconf 59' lang='lat' dir='ltr'>parvuli</span> <span class='ocrx_word' id='word_1_722' title='bbox 2029 1847 2124 1877; x_wconf 64' lang='lat' dir='ltr'>vestri</span> 
     </span>
     <span class='ocr_line' id='line_1_98' title="bbox 1162 1887 2123 1927; baseline 0.001 -8"><span class='ocrx_word' id='word_1_723' title='bbox 1162 1889 1249 1919; x_wconf 72' lang='lat' dir='ltr'>ibant</span> <span class='ocrx_word' id='word_1_724' title='bbox 1266 1888 1426 1919; x_wconf 59' lang='lat' dir='ltr'>vobiscum.</span> <span class='ocrx_word' id='word_1_725' title='bbox 1472 1888 1521 1918; x_wconf 83' lang='lat'>25.</span> <span class='ocrx_word' id='word_1_726' title='bbox 1547 1888 1698 1927; x_wconf 55' lang='lat' dir='ltr'>Dixitque</span> <span class='ocrx_word' id='word_1_727' title='bbox 1721 1887 1840 1919; x_wconf 77' lang='lat' dir='ltr'>Moses:</span> <span class='ocrx_word' id='word_1_728' title='bbox 1867 1888 1914 1918; x_wconf 69' lang='lat' dir='ltr'>Tic</span> <span class='ocrx_word' id='word_1_729' title='bbox 1932 1898 2048 1927; x_wconf 71' lang='lat' dir='ltr'>quoque</span> <span class='ocrx_word' id='word_1_730' title='bbox 2068 1889 2123 1920; x_wconf 82' lang='lat' dir='ltr'>cla-</span> 
     </span>
     <span class='ocr_line' id='line_1_99' title="bbox 1164 1931 2124 1971; baseline 0 -9"><span class='ocrx_word' id='word_1_731' title='bbox 1164 1932 1209 1963; x_wconf 72' lang='lat' dir='ltr'>bis</span> <span class='ocrx_word' id='word_1_732' title='bbox 1236 1931 1269 1961; x_wconf 72' lang='lat' dir='ltr'>in</span> <span class='ocrx_word' id='word_1_733' title='bbox 1293 1941 1386 1961; x_wconf 70' lang='lat' dir='ltr'>mcum</span> <span class='ocrx_word' id='word_1_734' title='bbox 1416 1933 1522 1961; x_wconf 69' lang='lat' dir='ltr'>nostra</span> <span class='ocrx_word' id='word_1_735' title='bbox 1545 1932 1701 1970; x_wconf 71' lang='lat' dir='ltr'>sacrificia</span> <span class='ocrx_word' id='word_1_736' title='bbox 1720 1933 1746 1961; x_wconf 74' lang='lat' dir='ltr'>ct</span> <span class='ocrx_word' id='word_1_737' title='bbox 1767 1931 1947 1967; x_wconf 67' lang='lat' dir='ltr'>holocausta,</span> <span class='ocrx_word' id='word_1_738' title='bbox 1971 1934 2005 1962; x_wconf 73' lang='lat' dir='ltr'>at</span> <span class='ocrx_word' id='word_1_739' title='bbox 2025 1931 2124 1971; x_wconf 82' lang='lat' dir='ltr'>facia-</span> 
     </span>
     <span class='ocr_line' id='line_1_100' title="bbox 1163 1973 2124 2012; baseline -0.001 -7"><span class='ocrx_word' id='word_1_740' title='bbox 1163 1984 1232 2005; x_wconf 75' lang='lat' dir='ltr'>mus</span> <span class='ocrx_word' id='word_1_741' title='bbox 1253 1974 1381 2004; x_wconf 66' lang='lat' dir='ltr'>[eborae</span> <span class='ocrx_word' id='word_1_742' title='bbox 1401 1973 1465 2004; x_wconf 75' lang='lat' dir='ltr'>Deo</span> <span class='ocrx_word' id='word_1_743' title='bbox 1484 1976 1592 2004; x_wconf 68' lang='lat' dir='ltr'>nostro.</span> <span class='ocrx_word' id='word_1_744' title='bbox 1632 1974 1681 2004; x_wconf 75' lang='lat'>26.</span> <span class='ocrx_word' id='word_1_745' title='bbox 1703 1974 1836 2012; x_wconf 66' lang='lat' dir='ltr'>Insuper</span> <span class='ocrx_word' id='word_1_746' title='bbox 1852 1973 1986 2012; x_wconf 68' lang='lat' dir='ltr'>pecudes</span> <span class='ocrx_word' id='word_1_747' title='bbox 2003 1976 2124 2005; x_wconf 77' lang='lat' dir='ltr'>nostrae</span> 
     </span>
     <span class='ocr_line' id='line_1_101' title="bbox 1163 2015 2124 2055; baseline 0 -8"><span class='ocrx_word' id='word_1_748' title='bbox 1163 2018 1249 2048; x_wconf 70' lang='lat' dir='ltr'>ibant</span> <span class='ocrx_word' id='word_1_749' title='bbox 1275 2015 1444 2052; x_wconf 64' lang='lat' dir='ltr'>uobiscum,</span> <span class='ocrx_word' id='word_1_750' title='bbox 1479 2026 1538 2047; x_wconf 72' lang='lat' dir='ltr'>uon</span> <span class='ocrx_word' id='word_1_751' title='bbox 1566 2017 1729 2047; x_wconf 66' lang='lat' dir='ltr'>remanebit</span> <span class='ocrx_word' id='word_1_752' title='bbox 1758 2015 1888 2055; x_wconf 62' lang='lat' dir='ltr'>manda:</span> <span class='ocrx_word' id='word_1_753' title='bbox 1917 2017 1991 2055; x_wconf 77' lang='lat' dir='ltr'>qaia</span> <span class='ocrx_word' id='word_1_754' title='bbox 2022 2026 2060 2047; x_wconf 66' lang='lat' dir='ltr'>ea:</span> <span class='ocrx_word' id='word_1_755' title='bbox 2091 2026 2124 2047; x_wconf 88' lang='lat' dir='ltr'>eo</span> 
     </span>
     <span class='ocr_line' id='line_1_102' title="bbox 1162 2058 2124 2098; baseline -0.002 -7"><span class='ocrx_word' id='word_1_756' title='bbox 1162 2060 1348 2098; x_wconf 63' lang='lat' dir='ltr'>accipierims</span> <span class='ocrx_word' id='word_1_757' title='bbox 1371 2059 1412 2089; x_wconf 84' lang='lat' dir='ltr'>ad</span> <span class='ocrx_word' id='word_1_758' title='bbox 1433 2059 1586 2090; x_wconf 72' lang='lat' dir='ltr'>colendam</span> <span class='ocrx_word' id='word_1_759' title='bbox 1606 2059 1748 2089; x_wconf 67' lang='lat' dir='ltr'>Ielrovam</span> <span class='ocrx_word' id='word_1_760' title='bbox 1770 2058 1872 2089; x_wconf 78' lang='lat' dir='ltr'>Deam</span> <span class='ocrx_word' id='word_1_761' title='bbox 1894 2061 2045 2089; x_wconf 72' lang='lat' dir='ltr'>nostram:</span> <span class='ocrx_word' id='word_1_762' title='bbox 2070 2068 2124 2090; x_wconf 76' lang='lat' dir='ltr'>nos</span> 
     </span>
     <span class='ocr_line' id='line_1_103' title="bbox 1163 2100 2123 2140; baseline -0.001 -7"><span class='ocrx_word' id='word_1_763' title='bbox 1163 2105 1263 2133; x_wconf 65' lang='lat' dir='ltr'>(eutem</span> <span class='ocrx_word' id='word_1_764' title='bbox 1285 2103 1438 2132; x_wconf 68' lang='lat' dir='ltr'>nescimus</span> <span class='ocrx_word' id='word_1_765' title='bbox 1459 2112 1518 2140; x_wconf 74' lang='lat' dir='ltr'>qao</span> <span class='ocrx_word' id='word_1_766' title='bbox 1539 2102 1667 2132; x_wconf 69' lang='lat' dir='ltr'>colemus</span> <span class='ocrx_word' id='word_1_767' title='bbox 1691 2101 1843 2137; x_wconf 72' lang='lat' dir='ltr'>Iehooam,</span> <span class='ocrx_word' id='word_1_768' title='bbox 1873 2100 1963 2132; x_wconf 75' lang='lat' dir='ltr'>donec</span> <span class='ocrx_word' id='word_1_769' title='bbox 1980 2111 2123 2140; x_wconf 75' lang='lat' dir='ltr'>pervene-</span> 
     </span>
     <span class='ocr_line' id='line_1_104' title="bbox 1162 2143 2122 2181; baseline -0.002 -5"><span class='ocrx_word' id='word_1_770' title='bbox 1162 2146 1263 2176; x_wconf 72' lang='lat' dir='ltr'>rimus</span> <span class='ocrx_word' id='word_1_771' title='bbox 1285 2145 1366 2175; x_wconf 76' lang='lat' dir='ltr'>illuc.</span> <span class='ocrx_word' id='word_1_772' title='bbox 1412 2145 1461 2175; x_wconf 79' lang='lat'>27.</span> <span class='ocrx_word' id='word_1_773' title='bbox 1494 2144 1534 2174; x_wconf 75' lang='lat' dir='ltr'>Et</span> <span class='ocrx_word' id='word_1_774' title='bbox 1556 2144 1708 2175; x_wconf 74' lang='lat' dir='ltr'>roboravit</span> <span class='ocrx_word' id='word_1_775' title='bbox 1728 2143 1838 2174; x_wconf 68' lang='lat' dir='ltr'>lebet-a</span> <span class='ocrx_word' id='word_1_776' title='bbox 1861 2153 1911 2174; x_wconf 82' lang='lat' dir='ltr'>cor</span> <span class='ocrx_word' id='word_1_777' title='bbox 1937 2143 2122 2181; x_wconf 70' lang='lat' dir='ltr'>Pharaonis,</span> 
     </span>
     <span class='ocr_line' id='line_1_105' title="bbox 1163 2186 2124 2227; baseline -0.001 -9"><span class='ocrx_word' id='word_1_778' title='bbox 1163 2199 1257 2227; x_wconf 71' lang='lat' dir='ltr'>neque</span> <span class='ocrx_word' id='word_1_779' title='bbox 1292 2188 1382 2219; x_wconf 63' lang='lat' dir='ltr'>coluit</span> <span class='ocrx_word' id='word_1_780' title='bbox 1410 2187 1561 2218; x_wconf 68' lang='lat' dir='ltr'>dimittere</span> <span class='ocrx_word' id='word_1_781' title='bbox 1587 2187 1665 2218; x_wconf 77' lang='lat' dir='ltr'>illos.</span> <span class='ocrx_word' id='word_1_782' title='bbox 1717 2187 1766 2217; x_wconf 77' lang='lat'>28.</span> <span class='ocrx_word' id='word_1_783' title='bbox 1804 2186 1845 2217; x_wconf 76' lang='lat' dir='ltr'>Et</span> <span class='ocrx_word' id='word_1_784' title='bbox 1873 2186 1954 2217; x_wconf 59' lang='lat' dir='ltr'>dixit</span> <span class='ocrx_word' id='word_1_785' title='bbox 1981 2186 2124 2217; x_wconf 76' lang='lat' dir='ltr'>Pharao:</span> 
     </span>
     <span class='ocr_line' id='line_1_106' title="bbox 1165 2229 2124 2268; baseline -0.002 -7"><span class='ocrx_word' id='word_1_786' title='bbox 1165 2231 1280 2261; x_wconf 78' lang='lat' dir='ltr'>Recede</span> <span class='ocrx_word' id='word_1_787' title='bbox 1314 2242 1332 2261; x_wconf 89' lang='lat' dir='ltr'>a</span> <span class='ocrx_word' id='word_1_788' title='bbox 1365 2240 1425 2265; x_wconf 70' lang='lat' dir='ltr'>mc,</span> <span class='ocrx_word' id='word_1_789' title='bbox 1460 2240 1530 2260; x_wconf 67' lang='lat' dir='ltr'>cave</span> <span class='ocrx_word' id='word_1_790' title='bbox 1567 2230 1620 2260; x_wconf 73' lang='lat' dir='ltr'>tibi</span> <span class='ocrx_word' id='word_1_791' title='bbox 1650 2240 1686 2259; x_wconf 74' lang='lat' dir='ltr'>me</span> <span class='ocrx_word' id='word_1_792' title='bbox 1713 2229 1849 2267; x_wconf 73' lang='lat' dir='ltr'>amplius</span> <span class='ocrx_word' id='word_1_793' title='bbox 1877 2229 1984 2260; x_wconf 78' lang='lat' dir='ltr'>videas</span> <span class='ocrx_word' id='word_1_794' title='bbox 2011 2229 2124 2268; x_wconf 82' lang='lat' dir='ltr'>faciem</span> 
     </span>
     <span class='ocr_line' id='line_1_107' title="bbox 1163 2272 2121 2313; baseline -0.001 -9"><span class='ocrx_word' id='word_1_795' title='bbox 1163 2284 1277 2308; x_wconf 74' lang='lat' dir='ltr'>meam,</span> <span class='ocrx_word' id='word_1_796' title='bbox 1301 2283 1362 2313; x_wconf 78' lang='lat' dir='ltr'>qua</span> <span class='ocrx_word' id='word_1_797' title='bbox 1390 2273 1470 2303; x_wconf 73' lang='lat' dir='ltr'>enim</span> <span class='ocrx_word' id='word_1_798' title='bbox 1493 2273 1542 2303; x_wconf 85' lang='lat' dir='ltr'>die</span> <span class='ocrx_word' id='word_1_799' title='bbox 1563 2272 1680 2303; x_wconf 63' lang='lat' dir='ltr'>videbis</span> <span class='ocrx_word' id='word_1_800' title='bbox 1700 2272 1810 2310; x_wconf 78' lang='lat' dir='ltr'>facicm</span> <span class='ocrx_word' id='word_1_801' title='bbox 1833 2281 1940 2309; x_wconf 78' lang='lat' dir='ltr'>meam,</span> <span class='ocrx_word' id='word_1_802' title='bbox 1970 2272 2121 2303; x_wconf 81' lang='lat' dir='ltr'>morieris.</span> 
     </span>
     <span class='ocr_line' id='line_1_108' title="bbox 1163 2314 2122 2356; baseline -0.003 -9"><span class='ocrx_word' id='word_1_803' title='bbox 1163 2317 1212 2347; x_wconf 86' lang='lat'>29.</span> <span class='ocrx_word' id='word_1_804' title='bbox 1239 2315 1408 2356; x_wconf 74' lang='lat' dir='ltr'>Respondit</span> <span class='ocrx_word' id='word_1_805' title='bbox 1431 2315 1550 2345; x_wconf 70' lang='lat' dir='ltr'>Mose-5:</span> <span class='ocrx_word' id='word_1_806' title='bbox 1575 2315 1702 2346; x_wconf 73' lang='lat' dir='ltr'>Rcctmn</span> <span class='ocrx_word' id='word_1_807' title='bbox 1724 2314 1846 2351; x_wconf 49' lang='lat' dir='ltr'>diris-ti,</span> <span class='ocrx_word' id='word_1_808' title='bbox 1870 2324 1930 2344; x_wconf 75' lang='lat' dir='ltr'>icon</span> <span class='ocrx_word' id='word_1_809' title='bbox 1952 2315 2056 2345; x_wconf 84' lang='lat' dir='ltr'>videbo</span> <span class='ocrx_word' id='word_1_810' title='bbox 2075 2314 2122 2344; x_wconf 79' lang='lat' dir='ltr'>ul-</span> 
     </span>
     <span class='ocr_line' id='line_1_109' title="bbox 1163 2360 1455 2398; baseline -0.003 -9"><span class='ocrx_word' id='word_1_811' title='bbox 1163 2362 1211 2390; x_wconf 76' lang='lat' dir='ltr'>tra</span> <span class='ocrx_word' id='word_1_812' title='bbox 1228 2360 1340 2398; x_wconf 76' lang='lat' dir='ltr'>faciem</span> <span class='ocrx_word' id='word_1_813' title='bbox 1362 2360 1455 2388; x_wconf 68' lang='lat' dir='ltr'>tutem.</span> 
     </span>
    </p>
   </div>
   <div class='ocr_carea' id='block_1_15' title="bbox 1162 2441 2123 2567">
    <p class='ocr_par' dir='ltr' id='par_1_16' title="bbox 1162 2441 2123 2567">
     <span class='ocr_line' id='line_1_110' title="bbox 1247 2441 2123 2475; baseline -0.003 0"><span class='ocrx_word' id='word_1_814' title='bbox 1247 2444 1298 2475; x_wconf 90' lang='lat'>21.</span> <span class='ocrx_word' id='word_1_815' title='bbox 1336 2444 1421 2474; x_wconf 80' lang='lat' dir='ltr'>Tunc</span> <span class='ocrx_word' id='word_1_816' title='bbox 1459 2444 1539 2474; x_wconf 62' lang='lat' dir='ltr'>dixit</span> <span class='ocrx_word' id='word_1_817' title='bbox 1580 2442 1700 2472; x_wconf 62' lang='lat' dir='ltr'>lehara.</span> <span class='ocrx_word' id='word_1_818' title='bbox 1767 2441 1830 2472; x_wconf 92' lang='lat' dir='ltr'>Hic</span> <span class='ocrx_word' id='word_1_819' title='bbox 1874 2441 2123 2472; x_wconf 86' lang='lat' dir='ltr'>denunciatione</span> 
     </span>
     <span class='ocr_line' id='line_1_111' title="bbox 1162 2483 2122 2526; baseline -0.003 -9"><span class='ocrx_word' id='word_1_820' title='bbox 1162 2487 1279 2518; x_wconf 88' lang='lat' dir='ltr'>omissa</span> <span class='ocrx_word' id='word_1_821' title='bbox 1310 2497 1447 2526; x_wconf 88' lang='lat' dir='ltr'>poenam</span> <span class='ocrx_word' id='word_1_822' title='bbox 1472 2486 1558 2516; x_wconf 85' lang='lat' dir='ltr'>Deus</span> <span class='ocrx_word' id='word_1_823' title='bbox 1583 2484 1712 2524; x_wconf 75' lang='lat' dir='ltr'>infligit:</span> <span class='ocrx_word' id='word_1_824' title='bbox 1749 2484 1826 2523; x_wconf 88' lang='lat' dir='ltr'>quia</span> <span class='ocrx_word' id='word_1_825' title='bbox 1854 2483 2012 2515; x_wconf 87' lang='lat' dir='ltr'>fallaciter</span> <span class='ocrx_word' id='word_1_826' title='bbox 2038 2483 2122 2515; x_wconf 89' lang='lat' dir='ltr'>dicto</span> 
     </span>
     <span class='ocr_line' id='line_1_112' title="bbox 1162 2527 2122 2567; baseline -0.004 -6"><span class='ocrx_word' id='word_1_827' title='bbox 1162 2541 1195 2561; x_wconf 91' lang='lat' dir='ltr'>se</span> <span class='ocrx_word' id='word_1_828' title='bbox 1230 2529 1412 2560; x_wconf 87' lang='lat' dir='ltr'>audientem</span> <span class='ocrx_word' id='word_1_829' title='bbox 1448 2528 1514 2559; x_wconf 88' lang='lat' dir='ltr'>fore</span> <span class='ocrx_word' id='word_1_830' title='bbox 1549 2527 1749 2567; x_wconf 84' lang='lat' dir='ltr'>promiserat.</span> <span class='ocrx_word' id='word_1_831' title='bbox 1805 2527 1893 2567; x_wconf 83' lang='lat' dir='ltr'>Ergo</span> <span class='ocrx_word' id='word_1_832' title='bbox 1927 2537 2026 2566; x_wconf 91' lang='lat' dir='ltr'>quum</span> <span class='ocrx_word' id='word_1_833' title='bbox 2057 2530 2122 2557; x_wconf 88' lang='lat' dir='ltr'>tam</span> 
     </span>
    </p>
   </div>
   <div class='ocr_carea' id='block_1_16' title="bbox 1136 267 1142 2630">
    <p class='ocr_par' dir='ltr' id='par_1_17' title="bbox 1136 267 1142 2630">
     <span class='ocr_line' id='line_1_113' title="bbox 1136 267 1142 2630; baseline 0 0"><span class='ocrx_word' id='word_1_834' title='bbox 1136 267 1142 2630; x_wconf 95' lang='lat' dir='ltr'> </span> 
     </span>
    </p>
   </div>
   <div class='ocr_carea' id='block_1_17' title="bbox 1248 2619 1926 2655">
    <p class='ocr_par' dir='ltr' id='par_1_18' title="bbox 1248 2619 1926 2655">
     <span class='ocr_line' id='line_1_114' title="bbox 1248 2619 1926 2655; baseline -0.003 -9"><span class='ocrx_word' id='word_1_835' title='bbox 1248 2623 1275 2655; x_wconf 92' lang='lat'>1)</span> <span class='ocrx_word' id='word_1_836' title='bbox 1294 2622 1329 2647; x_wconf 69' lang='lat' dir='ltr'>In</span> <span class='ocrx_word' id='word_1_837' title='bbox 1348 2623 1482 2655; x_wconf 74' lang='lat' dir='ltr'>marqine:</span> <span class='ocrx_word' id='word_1_838' title='bbox 1500 2621 1555 2652; x_wconf 80' lang='lat' dir='ltr'>Vel,</span> <span class='ocrx_word' id='word_1_839' title='bbox 1583 2623 1610 2645; x_wconf 86' lang='lat' dir='ltr'>et</span> <span class='ocrx_word' id='word_1_840' title='bbox 1630 2620 1772 2653; x_wconf 82' lang='lat' dir='ltr'>palpentur</span> <span class='ocrx_word' id='word_1_841' title='bbox 1790 2619 1926 2646; x_wconf 82' lang='lat' dir='ltr'>tenebrae.</span> 
     </span>
    </p>
   </div>
  </div>
 </body>
</html>
