2304 3034
169 176 230 207 711

169 269 371 310 rependitur,
390 266 467 297 dum
486 265 525 295 iis
543 263 597 303 qui
616 262 699 294 vites
718 262 909 302 plantarunt
929 260 1031 291 libera
1050 260 1144 291 datur

170 313 294 350 missio,
313 311 413 342 donec
435 311 595 348 proventu
619 304 713 345 potiti
737 303 867 335 fuerint.
910 303 1080 342 Quantum
1104 303 1144 334 ad

172 365 306 396 sponsos
330 353 454 388 attinet,
479 349 607 380 tametsi
634 347 762 379 videtur
785 347 819 377 in
844 346 982 386 gratiam
1001 346 1144 387 coniugii

173 398 283 429 datum
302 395 365 426 illis
385 403 455 425 esse
475 396 512 423 ut
531 391 675 422 redirent
694 389 733 420 ad
754 400 870 420 uxores
894 399 975 429 quas
998 389 1144 420 nondum

173 441 366 479 attigerant,
390 440 644 467 consentaneum
669 438 778 463 tamen
803 436 852 463 est
875 442 939 463 non
963 431 1064 463 fuisse
1088 432 1144 463 ab·

174 488 281 522 reptos
313 491 330 511 a
361 478 567 519 possessione
598 477 744 506 omnium
770 475 954 512 carissima,
985 479 1022 505 ut
1049 485 1144 506 suum

173 526 288 564 cuique
312 526 466 553 maneret.
514 518 605 551 Adde
629 517 713 558 quod
739 518 796 550 hoc
820 517 924 555 modo,
949 528 1004 557 spe
1027 517 1145 548 sobolis

173 567 293 603 ablata,
325 563 584 596 transferebatur
614 561 653 592 ad
681 561 804 592 alienos
829 559 1029 592 haereditas:
1060 560 1146 600 quod

173 608 308 651 perinde
343 612 413 639 erat
446 617 481 638 ac
516 606 542 635 si
578 605 661 636 iusto
695 603 825 634 domino
859 604 972 634 fuisset
1009 607 1146 634 extorta.

174 652 328 684 Diximus
356 654 464 681 antem
492 649 604 688 pigros
627 652 660 678 et
683 647 815 677 timidos
839 646 971 677 domum
998 646 1148 677 remissos

173 695 288 732 fuisse,
322 698 358 724 ut
384 692 546 724 discerent
574 690 743 722 Israelitae
774 689 880 720 nullos
915 699 1031 729 urgere
1061 688 1149 720 ultra

173 748 269 778 quam
298 737 396 768 ferret
426 734 572 766 facultas.
620 734 663 764 Et
693 733 752 763 hoc
787 732 884 763 etiam
915 742 955 763 ex
988 732 1148 772 aequitate

173 780 308 821 pendet,
343 788 423 819 quae
458 777 559 808 dictat
589 776 629 807 ab
663 776 750 806 omni
784 776 906 806 iniusta
940 775 1149 816 oppressione

174 821 403 855 abstinendum
427 830 506 852 esse.

480 989 545 1021 EX
568 989 702 1022 DEUT.
726 989 838 1020 XXV.

260 1078 288 1108 ἴ).
331 1077 432 1116 (guum
465 1076 671 1107 habitaverint
703 1076 819 1115 fratres
847 1075 985 1114 pariter,
1021 1084 1047 1105 ezr
1073 1084 1152 1105 mor-

175 1124 247 1152 tuus
275 1121 371 1160 fuerit
399 1129 481 1150 unus
511 1129 548 1150 eas
577 1119 671 1158 ipsis,
707 1128 758 1150 neo
779 1118 875 1158 fuerit
909 1118 936 1148 ez'
957 1117 1059 1156 filius,
1091 1127 1149 1148 non

176 1164 305 1195 obnubet
345 1173 427 1193 uror
456 1163 570 1193 mortui
602 1162 669 1192 viro
713 1164 872 1192 erfrcmeo:
906 1163 1052 1201 coynatus
1084 1160 1151 1190 eius

176 1206 364 1247 inyredietm·
395 1206 436 1236 ad
465 1215 548 1242 eam,
580 1207 606 1235 et
633 1204 732 1243 cupiet
762 1214 830 1235 eam
856 1203 918 1234 sibi
956 1204 987 1234 in
1016 1213 1149 1239 uxorem,

175 1253 202 1281 et
230 1249 415 1289 affinitatem
445 1247 598 1279 contrahet
627 1257 695 1278 cum
725 1257 769 1278 ea.
817 1247 844 1277 6.
881 1246 984 1286 Atque
1014 1247 1059 1276 ita
1084 1246 1151 1285 pri-

175 1293 345 1333 moyenilus
374 1302 461 1331 quem
479 1291 650 1330 pepererit,
673 1292 775 1330 sztryet
798 1290 920 1320 nomine
942 1290 1056 1328 fratris
1084 1289 1150 1320 eius

175 1335 328 1375 defuncti.-
351 1334 503 1365 ozedeleat
533 1343 638 1364 nomen
669 1334 736 1364 eius
766 1343 803 1363 ex
834 1332 961 1364 Israele.
1010 1332 1037 1362 7.
1065 1331 1150 1370 Quod

173 1379 202 1409 si
228 1378 357 1408 noluerit
380 1378 429 1407 vir
451 1376 501 1407 me
520 1377 656 1415 accipere
674 1376 801 1415 affinem
817 1386 916 1411 secam,
930 1378 999 1406 tunc
1014 1375 1150 1405 ascendet

174 1422 244 1460 ipsa
269 1421 310 1452 ad
327 1423 455 1459 porcam
482 1420 523 1450 ad
552 1420 702 1454 seniores,
730 1421 756 1449 εἴ
778 1419 868 1449 dicet.-
899 1418 1015 1449 Remcz't
1044 1418 1150 1457 affinis

175 1474 262 1495 meus
284 1464 434 1494 suscitare
455 1463 551 1502 fratri
581 1472 637 1493 suo
660 1472 768 1492 nomen
791 1462 826 1492 in
850 1461 984 1499 Israele,
1013 1470 1065 1491 nec
1086 1460 1150 1491 vult

176 1507 361 1546 affinitatem
405 1505 580 1537 contrahere
619 1515 745 1536 meeum.
800 1505 827 1535 8.
874 1504 960 1535 Tune
999 1505 1150 1535 accersere

175 1550 268 1581 illum
297 1550 432 1580 seniores
460 1548 547 1579 urbis
571 1548 673 1584 illius,
703 1550 728 1579 et
757 1547 918 1587 loquentur
945 1556 1013 1578 eum
1043 1556 1091 1577 eo.-
1124 1548 1150 1577 et

175 1593 229 1623 ubi
262 1592 390 1629 steterit,
432 1601 468 1622 ac
496 1591 625 1622 dimersit.—
660 1590 734 1621 Non
763 1591 863 1629 placet
900 1590 1037 1629 (recipere
1069 1599 1150 1620 eam:

178 1636 205 1666 9.
231 1636 360 1666 Accedet
371 1637 477 1673 postea
492 1636 618 1674 coynata
635 1634 701 1664 eius
718 1634 760 1664 ad
774 1633 879 1671 ipsum
895 1633 926 1663 in
942 1633 1037 1664 oculis
1054 1633 1150 1663 senio-

178 1689 263 1715 rum,
293 1681 320 1708 et
348 1678 439 1708 solvet
469 1677 703 1708 calceamentum
731 1677 798 1707 eius
828 1686 847 1707 a
874 1676 952 1714 pede
985 1676 1096 1715 ipsius,
1125 1677 1150 1705 et
1175 1681 1176 1684 ’

177 1724 264 1761 spuet
286 1721 320 1751 in.
343 1721 454 1759 faciem
488 1720 570 1750 cius:
603 1720 814 1759 loqueturque,
845 1729 881 1750 ac
900 1719 990 1749 dicet:
1024 1718 1075 1749 Sz'e
1101 1718 1151 1757 fiet
1175 1713 1177 1737 ἶ

1038 1761 1086 1792 10.
1110 1760 1152 1791 Ec

1177 1805 1179 1816 l

176 1765 243 1795 viro
263 1764 317 1803 qui
336 1774 393 1794 uon
419 1763 628 1802 aedificaverit
650 1763 775 1793 domum
794 1762 910 1801 fratris
931 1762 991 1793 sui.

177 1807 335 1838 vocabitur
358 1816 465 1837 nomen
487 1807 554 1836 eins
577 1806 610 1836 in
634 1805 738 1837 Israel
746 1818 753 1836 .·
777 1805 899 1836 Domus
922 1804 1105 1836 discalceati.

264 1901 293 1923 ο.
333 1892 434 1931 Quum
463 1891 677 1922 habitaverint.
735 1891 845 1922 Habet
886 1890 965 1921 haec
1008 1890 1060 1920 lex
1095 1889 1152 1920 ali—

179 1935 256 1975 quid
283 1935 388 1965 simile
419 1945 492 1966 cum
525 1945 562 1965 ea
592 1944 673 1973 quae
704 1944 821 1973 sponso
857 1933 1015 1973 permittit
1048 1931 1153 1962 redire
1179 1954 1181 1966 ,,

179 1977 219 2009 ad
239 1988 373 2008 uxorem
393 1977 498 2008 adhue
517 1977 689 2008 intactam:
714 1977 788 2016 quia
814 1977 984 2016 utriusque
1002 1975 1077 2006 finis
1096 1978 1153 2011 est⁷
1179 1976 1181 1996 1

181 2021 317 2061 singulis
340 2031 471 2052 servare
496 2019 580 2060 quod
604 2019 780 2059 possident,
804 2020 881 2050 dum
901 2019 932 2049 id
953 2029 1014 2049 non
1035 2028 1154 2058 eogun-

180 2068 234 2094 tur
264 2064 430 2095 extraneis
459 2063 659 2102 relinquere,
694 2062 751 2093 sed
782 2061 938 2093 haeredes
968 2061 1088 2092 habent
1115 2071 1155 2090 ex

181 2116 215 2137 se
249 2107 386 2147 genitos.
431 2106 517 2137 Nam
552 2105 607 2136 ubi
638 2105 783 2136 succedit
818 2105 907 2136 filius
942 2104 995 2145 qui
1029 2107 1154 2144 patrem

180 2154 420 2189 repraesentat,
445 2148 536 2180 nulla
559 2149 625 2179 fere
643 2148 776 2179 videtur
798 2149 868 2179 fieri
892 2147 1036 2179 mutatio.
1067 2146 1154 2177 Hinc

180 2197 289 2223 autem
324 2198 460 2233 apparet
492 2196 692 2232 quantopere
727 2191 798 2222 Deo
833 2191 958 2231 placeat
991 2190 1154 2221 neminem

886 166 1112 198 OOTAVUM
1134 165 1454 198 PRAECEPTUM.

2107 164 2170 195 712

1197 261 1322 301 privari
1340 261 1406 292 suis
1419 259 1564 296 fortunis,
1586 258 1639 289 ubi
1663 258 1760 289 etiam
1784 255 1997 288 morientibus
2020 257 2168 296 consulit,

1198 308 1234 334 ut
1264 314 1362 344 penes
1392 313 1503 334 eorum
1534 301 1674 334 sobolem
1705 299 1844 331 resideat
1874 298 1958 338 quod
1988 309 2082 340 aegre
2109 311 2168 332 nec

1199 347 1268 378 sine
1293 357 1436 377 moerore
1460 346 1530 376 aliis
1554 344 1768 384 resignarent.
1794 342 1908 381 Itaque
1927 341 1990 372 nisi
2012 347 2169 383 cognatus

1197 389 1318 420 mortui
1348 389 1477 420 orbitati
1507 388 1576 419 eins
1614 390 1797 423 succurrat,
1832 384 1910 416 haec
1940 384 2169 423 inhumanitas,

1198 432 1356 471 quaedam
1380 436 1531 463 censetur
1553 430 1675 470 species
1704 428 1790 459 furti.
1837 427 1921 458 Nam
1945 438 2046 466 quum
2070 428 2169 459 male-

1199 475 1295 506 dictio
1325 474 1390 505 Dei
1419 474 1519 505 fuerit
1547 472 1719 509 sterilitas,
1743 470 1891 501 orbitatis
1914 469 2066 501 solatium
2097 470 2169 507 fuit,

1199 527 1329 557 sperare
1352 517 1530 557 precariam
1562 515 1720 551 sobolem,
1752 523 1793 544 ne
1819 523 1951 553 prorsus
1975 523 2093 544 nomen
2114 524 2170 544 ex-

1199 561 1429 601 stingueretur.
1475 559 1569 590 Nunc
1593 562 1764 598 postquam
1791 560 1938 587 tenemus
1956 556 2056 586 finem
2079 556 2169 596 legis,

1200 603 1379 634 notandum
1411 602 1507 633 simul
1539 605 1588 632 est
1615 601 1753 631 fratrum
1783 599 1913 630 nomine
1940 609 2006 629 non
2032 599 2169 640 intelligi

1199 656 1386 686 germanos,
1422 645 1476 677 sed
1510 643 1689 685 patrueles,
1725 646 1756 673 et
1790 641 1869 672 alios
1902 641 2169 682 consanguineos,

1200 699 1337 728 quorum
1378 688 1596 719 incestuosum
1637 685 1823 723 coniugium
1864 695 1929 715 non
1970 688 2053 715 esset
2096 695 2169 716 cum

1201 731 1306 762 viduis
1329 731 1467 762 fratrum
1493 729 1661 761 uxoribus:
1694 727 1811 767 alioqui
1836 726 1926 758 Deus
1949 737 2057 758 secum
2088 737 2169 768 pug-

1201 779 1302 805 naret.
1348 774 1473 804 Verum
1504 773 1582 803 haee
1610 772 1730 811 optime
1765 771 1852 801 inter
1885 781 1918 801 se
1955 770 2170 801 conveniunt:

1201 817 1250 848 Ne
1281 817 1351 857 quis
1381 816 1593 855 discooperiat
1624 813 1775 854 pudenda
1802 813 1912 844 fratris
1941 812 1990 844 sui
2013 813 2171 852 germani,

1202 870 1260 891 nec
1284 866 1391 890 tamen
1415 859 1555 890 abnuba‘t
1579 857 1693 888 mulier
1713 855 1811 887 vidua
1830 860 1923 887 extra
1946 855 2053 886 mariti
2075 855 2170 886 fami-

1201 903 1294 939 liam,
1330 902 1430 933 donec
1461 912 1571 932 semen
1606 899 1773 931 sustulerit
1807 909 1846 929 ex
1884 905 2021 939 cognato
2055 898 2170 939 aliquo.

1202 946 1245 976 Et
1266 955 1343 976 sane
1367 945 1452 976 Booz
1476 944 1565 975 Ruth
1592 954 1655 974 non
1680 943 1772 973 duxit
1795 952 1940 979 uxorem,
1964 940 2046 981 quod
2069 942 2171 973 frater

1202 999 1376 1028 germanus
1406 993 1489 1019 esset
1520 986 1662 1017 defuncti
1693 985 1818 1023 mariti,
1853 984 1908 1016 sed
1933 989 2060 1014 tantum
2094 994 2170 1016 con-

1203 1032 1409 1071 sanguineus.
1456 1029 1491 1061 Si
1521 1030 1592 1069 quis
1623 1029 1776 1068 excipiat,
1804 1038 1868 1058 non
1899 1037 2077 1067 congruere
2100 1028 2170 1067 qui-

1202 1073 1342 1105 buslibet
1355 1074 1500 1113 cognatis
1509 1072 1741 1103 habitationem
1753 1079 1968 1102 communem:
1982 1070 2171 1110 respondeo,

1203 1127 1369 1156 perperam
1395 1117 1482 1147 hune
1505 1116 1608 1146 locum
1642 1115 1741 1154 accipi
1766 1114 1804 1145 de
1828 1113 2055 1153 contubernio,
2085 1123 2121 1144 ae
2144 1112 2171 1144 si

1202 1160 1236 1190 in
1256 1159 1368 1190 iisdem
1390 1159 1522 1190 aedibus
1542 1163 1689 1198 agerent:
1714 1158 1788 1197 quia
1811 1156 1999 1197 simpliciter
2021 1155 2173 1196 dirigitur

1202 1202 1392 1233 mandatum
1428 1202 1466 1232 ad
1501 1207 1672 1242 cognatos,
1706 1200 1822 1240 quibus
1856 1204 1986 1239 propter
2019 1199 2172 1230 viciniam

1202 1244 1404 1276 commodum
1438 1245 1535 1274 fuerit
1565 1243 1680 1274 viduas
1711 1243 1750 1273 ad
1780 1254 1813 1273 se
1841 1243 1992 1282 recipere.
2039 1241 2076 1273 Si
2100 1242 2173 1282 quis

1203 1288 1287 1318 enim
1323 1288 1434 1328 procul
1468 1287 1638 1321 habitaret,
1673 1285 1805 1317 libertas
1839 1285 1967 1324 utrique
2002 1284 2078 1315 data
2111 1284 2173 1315 fuit

1202 1331 1420 1362 conditionem
1452 1329 1527 1360 alibi
1563 1339 1727 1369 quaerere.
1775 1328 1872 1360 Certe
1906 1327 2072 1367 probabile
2106 1337 2172 1358 non

1202 1379 1261 1411 est,
1283 1374 1388 1404 Deum
1408 1373 1580 1403 incestuosi
1601 1372 1739 1412 coniugii
1763 1371 1860 1413 (quod
1876 1375 1951 1401 ante
1968 1369 2173 1401 abominatus

1202 1416 1263 1458 est)
1298 1426 1383 1447 nnnc
1420 1426 1490 1446 esse
1525 1420 1680 1446 autorem.
1734 1415 1801 1446 Nec
1843 1424 1918 1445 vero
1953 1413 2086 1444 dubium
2125 1417 2173 1444 est

1202 1459 1251 1501 (nt
1274 1469 1378 1498 nuper
1401 1458 1507 1500 attigi)
1531 1459 1606 1498 quin
1630 1458 1757 1489 mulieri
1777 1457 1887 1488 eadem
1908 1456 2058 1496 imposita
2076 1455 2174 1486 fuerit

1202 1502 1392 1538 necessitas,
1428 1508 1462 1531 ut
1496 1513 1528 1531 sc
1563 1502 1695 1531 offerret
1730 1501 1844 1540 prioris
1884 1499 1991 1529 mariti
2025 1502 2171 1539 cognato.

1202 1545 1294 1584 Quod
1327 1544 1455 1575 tametsi
1486 1544 1603 1575 durum
1634 1544 1706 1582 fuit,
1743 1543 1830 1574 illius
1861 1547 1968 1573 tamen
1999 1541 2174 1572 memoriae

1202 1589 1269 1618 visa
1289 1588 1349 1618 fuit
1369 1592 1495 1617 tantum
1516 1587 1641 1627 debere,
1672 1591 1708 1617 ut
1728 1586 1868 1617 libenter
1886 1584 2026 1616 sobolem
2045 1588 2174 1624 pareret

1202 1635 1345 1661 mortuo:
1365 1630 1391 1660 si
1411 1630 1482 1669 quis
1502 1634 1609 1660 tamen
1627 1630 1721 1660 aliter
1737 1629 1865 1666 sentiat,
1886 1638 1948 1658 non
1969 1627 2172 1658 contendam.

1202 1673 1396 1712 Quanquam
1418 1673 1476 1703 nisi
1498 1674 1611 1704 fuisset
1630 1672 1791 1709 obstricta,
1816 1670 1993 1702 absurdum
2013 1674 2084 1701 erat
2102 1680 2174 1701 eam

1203 1722 1316 1756 sponte
1351 1726 1384 1746 se
1410 1715 1599 1746 obtrudere:
1634 1727 1693 1747 nee
1726 1725 1804 1747 vero
1839 1714 1901 1745 alia
1936 1713 1973 1744 de
2007 1723 2105 1745 causa
2138 1713 2174 1743 in

1202 1759 1356 1790 iudicium
1392 1769 1502 1789 vocare
1531 1758 1641 1789 debuit
1669 1762 1842 1799 cognatum
1873 1767 1891 1787 a
1919 1767 1980 1796 quo
2010 1756 2175 1796 repulsam

1205 1812 1299 1842 passa
1331 1802 1451 1837 fuerat,
1490 1801 1551 1831 nisi
1577 1806 1610 1831 ut
1639 1802 1700 1832 sibi
1724 1801 1908 1832 libertatem
1939 1799 2118 1839 acquireret
2140 1798 2175 1828 in

1205 1845 1268 1875 alia
1292 1844 1413 1875 familia
1438 1843 1587 1875 nubendi.
1633 1845 1807 1875 Caeterum
1832 1842 1996 1883 probabile
2018 1847 2082 1878 est,
2109 1851 2175 1872 non

1207 1892 1280 1919 ante
1311 1887 1507 1927 ignominiae
1538 1886 1640 1918 fuisse
1663 1887 1851 1918 damnatum
1876 1896 1971 1925 quam
1996 1884 2035 1916 ad
2064 1884 2174 1915 defen-

1206 1931 1329 1962 sionem
1352 1930 1513 1960 admissus
1536 1930 1635 1960 foret:
1662 1930 1737 1970 quia
1755 1931 1856 1960 iustae
1879 1927 2042 1960 interdum
2065 1926 2176 1958 afferri

1207 1978 1356 2013 poterant
1386 1972 1554 2003 recusandi
1585 1984 1711 2004 causae.
1757 1973 1845 2012 Ergo
1870 1972 1901 2003 in
1926 1970 2080 2002 dedecore
2103 1974 2175 2001 tan-

1208 2022 1277 2046 tum
1309 2016 1422 2055 punita
1448 2016 1508 2045 fuit
1542 2015 1782 2053 inhumanitas,
1822 2015 1873 2046 vel
1910 2014 2055 2045 avaritia.
2101 2012 2177 2044 Cal-

1207 2069 1298 2090 ceum
1335 2068 1409 2089 vero
1443 2069 1536 2089 suum
1572 2059 1721 2096 tradens,
1756 2059 1826 2089 iure
1860 2056 2110 2097 propinquitatis
2144 2065 2178 2086 se

1208 2101 1390 2138 abdicabat,
1419 2106 1455 2131 ut
1485 2101 1579 2132 alteri
1609 2102 1753 2139 cederet,
1783 2101 1858 2140 quia
1880 2104 1946 2131 tam
1979 2099 2120 2139 maligne
2144 2107 2177 2128 se

1207 2144 1348 2185 gerendo
1368 2154 1445 2183 erga
1464 2150 1638 2182 mortuum,
1662 2144 1816 2185 indignus
1835 2148 1905 2174 erat
1928 2142 1968 2174 ad
1992 2152 2086 2182 quem
2106 2151 2178 2181 per-

1208 2187 1333 2219 veniret
1357 2186 1441 2217 ullus
1464 2187 1712 2228 propinquitatis
1735 2188 1867 2218 fructus.
