2304 3034
201 204 267 235 403

207 298 258 328 nis
271 296 420 328 ecclesiae
434 293 688 325 aedificationem
709 293 875 331 adiuvant,
895 293 966 325 sine
985 299 1171 336 contemptu

206 344 240 372 et
262 338 387 370 fastidio
411 338 442 367 in
467 337 651 367 societatem
676 336 851 367 admittant
873 337 1085 376 pauperculos
1108 339 1172 369 fra-

208 387 282 418 tres
314 381 427 421 quibus
451 379 561 409 datum
586 390 650 409 non
675 383 723 410 est
747 380 832 419 ipsos
856 389 1003 418 aequare.

292 424 319 454 8.
344 422 385 453 kt
402 423 516 461 facient
533 422 611 452 mim
629 423 850 453 sanctuarium
876 422 989 453 Priore
1002 422 1070 454 loco
1082 423 1172 455 Deus

207 466 368 508 proposita
399 464 624 495 1111110011111111111
659 464 824 502 mercede,
855 465 1008 504 populum
1040 465 1079 496 ad
1110 466 1172 497 lar-

207 509 360 550 giendum
391 508 522 538 animat.
576 507 648 538 Etsi
685 508 772 538 enim
810 507 987 539 liberalitas
1018 512 1172 548 tanquam

205 563 253 592 pi
246 551 484 583 restantissima
514 550 620 581 virtus
644 550 684 581 ab
707 550 857 581 omnibus
880 550 1047 582 laudatur:
1079 562 1172 583 nemo

206 600 315 625 tamen
347 593 483 624 libenter
513 604 529 624 e
561 603 618 624 suo
653 592 795 624 detrahit
826 593 910 633 quod
943 593 1014 625 aliis
1048 599 1171 634 eroget:

204 638 280 677 quia
299 641 413 676 putant
432 646 543 667 omnes
568 636 758 667 tantundem
780 636 839 667 sibi
863 636 978 675 perire,
1003 637 1064 668 nisi
1088 647 1171 668 com-

203 680 350 721 pensatio
374 683 536 719 appareat.
583 679 671 719 Ergo
695 685 731 710 ut
754 684 922 718 sumptum
954 679 1101 710 hilariter
1129 680 1172 711 fa-

203 723 305 759 ciant,
345 733 378 753 se
410 722 633 752 habitaturum
672 722 758 752 inter
781 723 866 761 ipsos
901 722 1077 761 promittit:
1110 733 1171 763 quo

203 765 286 796 nihil
317 770 365 796 est
396 764 578 804 optabilius.
625 764 726 796 Porro
757 765 938 796 cavendum
962 769 1073 796 estne
1096 765 1171 805 quid

202 808 420 848 imaginemur
443 808 536 838 aDei
560 814 677 838 natura
701 807 853 838 alienum.
878 807 992 847 Neque
1015 808 1099 839 enim
1118 809 1170 848 qui

203 861 301 891 supra
324 851 428 882 000100
459 850 563 887 sedet,
595 856 626 880 et
656 851 746 881 euius
776 850 893 891 pedum
925 851 1099 882 scabellum
1123 856 1172 882 est

203 898 299 929 terra,
335 893 542 924 tabernaculo
576 893 696 924 includi
731 894 851 934 potuit:
887 893 943 924 sed
973 894 1048 933 quia
1081 895 1171 925 rudis

202 937 312 978 populi
332 936 512 966 infirmitati
526 935 710 976 indulgens,
733 937 947 976 praesentiam
961 937 1084 977 gratiae
1095 948 1171 968 suae

203 985 235 1011 et
264 979 374 1010 auxilii
406 979 518 1010 testari
551 979 677 1010 volebat
700 979 820 1011 visibili
845 979 1006 1020 symbolo,
1040 986 1171 1011 vocatur

202 1023 423 1053 sanctuarium
448 1027 600 1053 terrestre
628 1023 698 1053 eius
727 1022 925 1054 domicilium
955 1023 1040 1053 inter
1069 1023 1169 1053 homi-

202 1074 275 1096 nes:
296 1065 371 1104 quia
390 1065 454 1096 illic
474 1076 538 1095 non
558 1065 679 1096 frustra
698 1065 918 1097 invocabatur.
950 1067 998 1096 Ae
1018 1066 1171 1096 memoria

202 1107 378 1138 tenendum
403 1108 487 1147 quod
512 1119 616 1147 nuper
639 1108 791 1146 vidimus
816 1119 880 1139 non
904 1109 1096 1139 immensam
1111 1109 1170 1139 Dei

202 1151 392 1188 essentiam,
424 1150 479 1181 sed
504 1161 620 1182 nomen
644 1151 695 1182 vel
720 1152 909 1182 memoriam
934 1152 1073 1182 nominis
1106 1151 1170 1182 illie

201 1193 373 1225 habitasse.
420 1193 484 1225 Hic
508 1194 679 1225 verborum
704 1195 778 1225 finis
802 1200 865 1231 est,
896 1205 959 1225 non
984 1194 1099 1225 debere
1121 1194 1171 1225 Is-

200 1237 330 1267 raelitas
365 1236 404 1267 ad
439 1237 672 1268 exstruendum
705 1237 950 1268 tabernaculum
982 1238 1090 1277 pigros
1120 1237 1169 1268 vel

201 1280 306 1311 lentos
340 1290 424 1311 esse:
459 1280 534 1319 quia
569 1280 628 1311 hoe
664 1280 756 1311 modo
790 1280 1027 1311 inaestimabile
1051 1280 1169 1311 bonum

202 1323 262 1354 sibi
296 1326 494 1362 comparent.
549 1322 704 1363 Sequitur
739 1324 877 1354 alterum
908 1323 1104 1360 membrum,
1135 1328 1171 1353 ut

202 1366 340 1397 artifices
356 1366 524 1405 exemplar
537 1367 623 1397 Mesi
642 1372 809 1397 ostensum
830 1370 1016 1406 sequantur,
1040 1377 1080 1397 ne
1095 1365 1170 1406 quid

202 1409 324 1440 scilicet
358 1409 558 1440 comminisci
587 1409 745 1440 audeant:
776 1409 852 1449 quia
882 1409 1063 1449 profanatio
1093 1409 1169 1440 fuis-

201 1456 265 1486 set,
295 1452 470 1492 quidquam
502 1451 681 1483 humanum
713 1463 785 1484 cum
814 1453 877 1483 Dei
909 1452 1070 1483 mandatis
1093 1452 1168 1482 mis-

201 1504 289 1526 cere:
314 1505 376 1534 qua
400 1495 439 1525 de
463 1506 496 1525 re
520 1505 596 1526 mox
621 1495 724 1526 fusius
747 1495 954 1527 tractandum
973 1495 1043 1532 erit,
1062 1495 1117 1526 ubi
1136 1495 1168 1525 in

201 1548 320 1578 genere
345 1538 383 1568 de
407 1539 519 1578 figuris
544 1538 665 1578 loquar.
700 1538 795 1570 Nune
817 1538 1010 1570 describitur
1028 1549 1119 1569 arcae
1139 1543 1171 1568 et

200 1581 342 1620 operculi
366 1581 435 1611 eius
458 1580 572 1612 forma.
618 1581 702 1612 Nam
734 1581 935 1612 tabernaculi
965 1587 996 1612 et
1031 1581 1169 1621 partium

201 1625 270 1655 eius
294 1624 483 1664 compositio
507 1635 601 1664 quam
637 1635 724 1656 nune
748 1630 874 1655 tantum
898 1624 1030 1664 attingit
1054 1624 1170 1660 Moses,

200 1668 296 1707 paulo
320 1673 392 1707 post
416 1668 518 1698 fusius
542 1672 707 1707 repetetur
730 1679 769 1698 ex
794 1668 834 1698 32
858 1669 969 1708 capite.
1019 1667 1092 1698 Etsi
1114 1677 1170 1698 au-

201 1717 266 1741 tem
290 1711 536 1741 tabernaculum
568 1715 718 1741 vocatum
750 1711 810 1741 fuit
834 1711 949 1741 domus
975 1710 1044 1748 Dei,
1069 1710 1171 1750 magis

203 1758 311 1784 tamen
336 1764 489 1792 expressa
512 1754 634 1794 gloriae
658 1754 728 1784 eius
752 1754 858 1795 imago
882 1754 943 1784 fuit
966 1754 999 1784 in
1019 1764 1093 1784 area
1112 1753 1169 1783 foe-

203 1796 301 1827 deris:
323 1797 397 1836 quia
416 1796 482 1828 illic
502 1797 553 1827 lex
573 1802 641 1827 erat
656 1797 804 1836 reposita,
823 1807 886 1836 qua
901 1797 988 1827 Deus
1007 1807 1040 1827 se
1053 1795 1171 1836 populo

205 1839 407 1870 devinxerat.
466 1840 607 1870 Materia
647 1840 707 1870 fuit
741 1840 866 1879 lignum
907 1840 1008 1871 sittim
1040 1838 1170 1869 laminis

204 1883 309 1913 aureis
334 1883 506 1919 obtectum,
539 1883 589 1914 vel
613 1883 795 1914 inductum.
842 1882 892 1914 De
916 1883 1021 1923 specie
1049 1882 1171 1913 arboris

204 1936 245 1955 ne
276 1925 418 1956 Hebraei
449 1926 579 1965 quidem
611 1926 697 1956 inter
727 1936 760 1956 se
791 1927 1007 1957 consentiunt.
1059 1924 1171 1964 Quan-

205 1978 302 2007 quam
324 1969 420 1999 fuisse
434 1969 626 2008 exquisitam
644 1974 675 1999 et
698 1969 764 1999 rari
783 1969 887 2009 pretii,
907 1969 1063 2000 coniicere
1082 1968 1170 1998 lieet:

206 2011 308 2041 voluit
333 2018 441 2042 tamen
466 2011 555 2042 Deus
580 2023 695 2043 aurum
720 2013 751 2042 iu
772 2017 840 2042 tota
863 2012 1048 2052 superficie,
1079 2017 1172 2049 atque

205 2054 302 2084 etiam
328 2055 471 2086 vectibus
497 2055 635 2095 fulgere,
671 2066 734 2094 quo
759 2055 862 2094 pluris
886 2056 977 2085 fieret
999 2054 1079 2094 legis
1102 2053 1172 2092 digâ€”

205 2102 299 2127 nitas.

205 2149 278 2170 cum
304 2140 411 2179 plures
434 2141 513 2171 alias
537 2141 647 2177 trahit,
673 2141 748 2180 quid
773 2141 812 2171 ad
838 2140 898 2171 Dei
924 2140 1044 2171 cultum
1064 2149 1172 2178 sump-

205 2187 316 2213 tuosus
351 2190 416 2213 tam
452 2194 544 2214 arcae
577 2194 672 2223 quam
709 2184 909 2215 tabernaculi
952 2189 984 2214 et
1024 2192 1172 2214 vasorum

204 2226 348 2256 omnium
362 2227 514 2266 splendor
532 2227 713 2257 contulerit.
750 2227 885 2258 Certum
898 2226 983 2257 enim
997 2230 1054 2263 est,
1067 2226 1172 2255 Deum

205 2280 373 2309 nunquam
398 2270 538 2300 voluisse
566 2270 625 2301 coli
659 2270 719 2300 nisi
743 2280 801 2310 pro
826 2280 884 2300 sua
908 2274 1033 2300 natura.
1078 2268 1172 2299 Unde

204 2314 357 2351 sequitur,
383 2324 494 2343 verum
520 2313 589 2343 cius
613 2312 737 2344 cultum
757 2324 885 2353 semper
904 2312 1001 2343 fuisse
1020 2311 1170 2351 spiritua-

205 2354 277 2389 lem.
304 2355 436 2395 ideoque
459 2356 593 2386 minime
612 2356 711 2386 situm
732 2356 764 2386 in
785 2356 929 2386 externis
949 2354 1083 2394 pompis
1103 2353 1171 2383 Iam

204 2403 251 2427 tot
271 2399 547 2429 caeremoniarum
568 2399 659 2438 copia
678 2404 709 2429 et
729 2404 903 2438 apparatus
926 2398 1004 2428 adeo
1029 2396 1107 2427 nibil
1132 2395 1171 2426 ad
1197 2414 1198 2436 1

202 2441 353 2480 pietatem
378 2442 508 2480 profuitv
534 2448 568 2471 nt
593 2442 639 2472 vel
666 2441 903 2481 superstitionis
916 2441 1014 2471 fuerit
1038 2439 1171 2475 occasio,

969 2481 1096 2513 Deinde
1125 2486 1172 2511 tot

203 2537 238 2556 ae
262 2532 327 2556 tam
352 2528 433 2557 varii
458 2528 539 2557 ritus
560 2538 621 2558 non
643 2528 704 2558 alio
727 2527 878 2557 videntur
896 2530 1056 2566 spectasse
1075 2535 1170 2564 quam
1197 2563 1198 2568 1

204 2483 253 2513 vel
284 2484 403 2514 stultae
434 2495 669 2524 perversaeque
700 2484 923 2515 confidentiae.

202 2568 241 2599 ad
270 2570 489 2600 curiositatem
520 2570 702 2601 fovendam.

201 2612 261 2642 erit
286 2612 323 2641 (10
349 2613 397 2643 liis
422 2613 517 2643 rebus
540 2614 661 2652 aliquid
687 2614 828 2644 breviter
852 2611 997 2652 praefari.

202 2659 256 2684 tur
279 2662 384 2685 autem
400 2655 483 2690 (11100
504 2656 636 2697 iudicio)
659 2657 712 2695 qui
738 2661 853 2695 putant
876 2654 1057 2694 magnificis
1081 2663 1170 2692 specâ€”

760 2570 887 2610 Operae
922 2569 1059 2608 pretium
1095 2578 1171 2605 ergo

904 200 1155 234 SECUNDUM
1180 203 1500 236 PRAEGEPTUM.

345 2098 408 2129 Hic
439 2103 548 2128 tamen
574 2098 697 2128 moveri
727 2103 832 2137 potest
855 2098 999 2137 quaestio
1024 2107 1103 2137 quae
1127 2106 1174 2126 00-

1040 2610 1170 2640 Î¡Î¹Î¹Î™Î™Î·Î¹Îº
1196 2623 1198 2632 â´

2130 204 2195 235 404

1223 296 1338 328 taculis
1360 300 1504 328 retentos
1528 297 1628 328 fuisse
1651 296 1760 336 populi
1779 295 1895 333 oculos,
1919 306 1958 327 ne
1977 296 2091 338 religio
2104 298 2192 338 apud

1222 339 1308 379 ipsos
1343 340 1510 371 vilescelet
1542 339 1631 370 omni
1663 344 1781 370 ornatu
1815 348 1933 375 vacua,
1973 349 2071 378 quum
2106 340 2191 381 apud

1223 388 1332 421 gentes
1367 382 1406 413 ad
1441 382 1634 413 miraculum
1675 392 1776 420 usque
1817 380 2002 420 splenderet
2036 382 2191 415 falsorum

1223 424 1356 456 deorum
1380 425 1499 456 cultus:
1524 429 1621 464 atque
1644 424 1689 454 ita
1713 433 1813 463 prava
1837 424 2009 455 aemulatio
2032 429 2192 466 pungeret

1222 478 1333 498 eorum
1356 469 1494 504 animos,
1524 467 1550 498 si
1585 466 1683 497 (100110
1707 466 1907 497 tabernaculi
1937 477 2002 498 non
2037 473 2191 507 aequaret

1222 510 1336 542 saltem
1359 510 1493 541 aliorum
1517 520 1668 549 pompas,
1692 519 1728 540 ac
1751 509 1778 539 si
1803 509 1893 540 Deus
1916 520 2010 549 quem
2042 510 2192 542 colebant

1223 553 1316 584 idolis
1341 558 1426 584 essct
1446 553 1588 583 inferior.
1636 551 1743 583 Simili
1767 562 1891 592 quoque
1914 553 2038 584 ratione
2061 554 2192 594 fingunt

1222 600 1371 627 oneratos
1395 595 1506 626 multis
1539 595 1837 626 observationibus:
1867 605 1908 625 ne
1937 595 1964 626 si
1993 606 2088 635 parce
2118 596 2191 629 illos

1223 643 1255 669 et
1278 639 1392 669 leviter
1412 639 1501 669 Deus
1524 638 1730 674 exercuisset,
1755 637 1831 667 hinc
1854 637 1938 675 inde,
1963 648 2020 678 pro
2043 639 2191 679 ingenita

1222 681 1424 719 curiositate,
1469 685 1672 712 accerserent
1710 681 1859 720 profanas
1901 691 2012 719 nugas.
2070 682 2191 713 Dicunt

1222 725 1350 764 quidem
1374 724 1504 763 aliquid,
1532 723 1586 755 sed
1613 734 1674 753 non
1706 727 1819 754 totum.
1871 723 1991 754 Fateor
2019 724 2106 755 enim
2130 725 2190 757 hoc

1223 768 1323 798 veteri
1343 767 1461 807 populo
1486 767 1584 797 fuisse
1607 765 1736 802 datum,
1769 771 1803 796 ut
1821 777 1920 805 quum
1945 766 2189 799 tabernaculum

1222 810 1423 849 conspiceret
1446 814 1491 840 tot
1514 809 1713 839 ornamentis
1736 809 1870 847 illustre,
1895 810 2015 841 maiore
2038 820 2191 842 reveren-

1222 853 1267 883 tia
1298 857 1493 892 tangeretur.
1541 852 1660 882 Fateor
1691 852 1789 882 etiam
1820 852 1853 882 in
1882 852 1995 883 multis
2029 863 2190 884 caeremo-

1223 896 1283 926 niis
1308 896 1464 926 divinitus
1487 895 1650 925 mandatis
1676 894 1771 925 fuisse
1795 900 1975 934 occupatos,
2006 906 2047 926 ne
2068 895 2192 927 alienas

1221 944 1426 978 appeterent:
1451 948 1563 968 verum
1588 938 1613 968 si
1633 937 1712 968 haec
1736 943 1865 968 tantum
1890 938 2055 978 proposita
2078 938 2192 970 fuisset

1221 982 1311 1017 ratio,
1337 987 1423 1011 tetus
1436 980 1548 1021 legalis
1571 980 1676 1011 cultus
1697 984 1823 1011 tantum
1847 980 1997 1012 inanibus
2020 986 2053 1012 et
2064 980 2191 1013 histrio-

1222 1025 1301 1055 nicis
1326 1024 1449 1063 pompis
1473 1023 1513 1054 ad
1537 1023 1785 1054 ostentationem
1812 1024 1973 1054 valuisset.
2010 1025 2110 1064 Atqui
2135 1025 2191 1056 abÎ‡

1222 1066 1448 1098 surdissimum
1472 1074 1528 1104 est,
1553 1066 1658 1096 Deum
1685 1066 1730 1096 ita
1754 1077 1825 1097 cum
1850 1067 1969 1106 populo
1993 1077 2051 1098 suo
2065 1067 2188 1099 lusisse.

1224 1111 1267 1140 Et
1297 1109 1441 1140 videmus
1475 1119 1571 1148 quam
1601 1109 1777 1139 honorifice
1809 1109 1915 1140 David
1951 1114 1984 1140 et
2014 1110 2192 1150 prophetae

1223 1153 1398 1193 loquantur
1417 1152 1455 1182 de
1478 1152 1542 1183 illis
1565 1152 1737 1182 exercitiis.
1784 1152 1882 1182 Nefas
1905 1152 2005 1192 igitur
2028 1158 2084 1190 est,
2116 1163 2191 1184 sen-

1223 1197 1284 1226 tiro
1312 1196 1393 1225 ritus
1422 1195 1541 1235 legales
1572 1195 1670 1225 fuisse
1700 1195 1790 1234 quasi
1822 1195 1945 1226 ludicra
1972 1195 2011 1226 ad
2042 1196 2191 1236 gentium

1224 1238 1438 1269 imitationem
1473 1239 1656 1277 composita.
1704 1238 1792 1278 Ergo
1825 1244 1860 1268 ut
1890 1238 1953 1269 illis
1984 1238 2096 1270 salvus
2124 1249 2191 1270 ma-

1224 1285 1298 1312 neat
1321 1292 1398 1312 suus
1423 1280 1524 1311 honor
1548 1286 1579 1311 et
1603 1280 1759 1320 dignitas,
1794 1281 1969 1312 tenendum
1994 1286 2042 1312 est
2072 1282 2190 1321 princiÎ‡

1223 1324 1310 1364 pium
1334 1323 1417 1363 quod
1442 1334 1544 1363 nuper
1567 1323 1744 1363 attigimus,
1778 1324 1887 1354 omnia
1909 1324 2009 1355 fuisse
2033 1324 2072 1355 ad
2096 1325 2191 1364 spiri-

1223 1367 1309 1397 tuale
1338 1367 1505 1406 exemplar
1533 1366 1669 1403 directa,
1709 1366 1792 1405 quod
1821 1366 1854 1397 in
1885 1371 1994 1397 monte
2024 1373 2191 1398 ostensum

1223 1412 1329 1440 fuerat
1360 1410 1442 1439 Mosi
1474 1408 1590 1448 (Exod.
1616 1409 1668 1443 25,
1699 1409 1762 1450 40).
1809 1408 1911 1449 quue
1935 1409 2113 1450 prudenter
2135 1410 2192 1441 ob-

1222 1457 1397 1484 servarunt
1421 1457 1485 1482 tam
1511 1452 1699 1492 Stephanus
1715 1452 1800 1493 (Act.
1827 1452 1854 1490 7,
1869 1452 1924 1494 44)
1948 1462 2043 1492 quam
2067 1457 2192 1492 aposto-

1222 1496 1272 1526 lus
1296 1496 1329 1525 in
1355 1495 1498 1535 Epistola
1527 1494 1565 1525 ad
1597 1495 1765 1526 Hebraeos
1794 1494 1835 1536 (8,
1867 1495 1915 1537 5),
1949 1506 2047 1535 quum
2072 1496 2192 1527 vellent

1222 1538 1368 1569 refellere
1392 1549 1500 1569 crassa
1524 1538 1631 1577 populi
1655 1538 1783 1575 deliria,
1815 1538 1868 1578 qui
1892 1539 2018 1569 defixus
2041 1539 2192 1570 manebat

1223 1582 1256 1612 in
1286 1581 1429 1611 externis
1463 1582 1689 1617 caeremoniis,
1724 1592 1760 1611 ac
1789 1583 1814 1611 si
1846 1581 1924 1612 illuc
1954 1581 2080 1612 inclusa
2107 1585 2193 1613 esset

1223 1625 1332 1665 pietas.
1379 1623 1502 1663 Optimi
1534 1634 1609 1664 ergo
1633 1628 1711 1654 sunt
1732 1624 1927 1664 interpretes
1950 1623 2137 1664 Stephanus
2161 1628 2193 1655 et

1225 1666 1404 1707 apostolus,
1438 1666 1560 1697 nullius
1584 1667 1738 1697 momenti
1762 1678 1831 1697 esse
1855 1667 2117 1705 tabernaculum,
2149 1667 2192 1698 al-

1225 1717 1308 1745 tare,
1339 1720 1500 1745 mensam,
1525 1720 1631 1740 arcam
1662 1709 1810 1745 foederis,
1843 1710 1904 1741 nisi
1928 1715 2087 1750 quatenns
2110 1710 2192 1742 refe-

1224 1758 1339 1784 runtur
1364 1752 1402 1782 ad
1426 1753 1563 1784 eoeleste
1587 1752 1762 1792 exemplar,
1786 1753 1877 1784 cuius
1901 1753 2033 1784 umbrae
2056 1758 2133 1784 sunt
2156 1764 2193 1784 ac

1223 1796 1392 1835 imagines.
1439 1795 1553 1835 Itaque
1577 1801 1643 1826 tota
1666 1806 1778 1826 earum
1803 1796 1942 1832 utilitas,
1972 1802 2070 1836 atque
2093 1796 2191 1827 etiam

1224 1839 1387 1879 legitimus
1420 1849 1497 1869 usus
1532 1849 1550 1869 a
1585 1839 1721 1869 veritate
1756 1838 1883 1878 pendet.
1940 1839 2066 1870 Bovem
2105 1839 2191 1870 enim

1224 1881 1358 1913 mactari
1383 1891 1438 1920 per
1462 1892 1495 1912 se
1519 1881 1601 1911 nihil
1625 1881 1769 1929 prodest,
1802 1882 1865 1912 imo
1896 1892 1946 1912 res
1981 1887 2029 1913 est
2058 1881 2190 1913 frivola:

1224 1936 1299 1965 ergo
1323 1924 1480 1954 sacrificia
1510 1924 1729 1959 omni..1,nisi
1762 1929 1920 1964 quatenus
1950 1925 2074 1965 figurae
2105 1928 2192 1962 sunt,

1223 1978 1281 2016 pro
1309 1967 1411 1997 nihilo
1443 1966 1590 1998 ducendi
1619 1972 1735 1998 essent.
1783 1966 1877 1998 Unde
1908 1967 2090 2008 colligimus
2124 1977 2192 1998 ma-

1224 2012 1347 2041 ximum
1379 2009 1552 2040 discrimen
1583 2010 1667 2040 inter
1697 2010 1915 2041 caeiemonias
1945 2011 2024 2050 legis
2053 2015 2085 2041 et
2119 2020 2191 2049 pro-

1224 2054 1315 2084 fanos
1339 2052 1483 2093 <rentium
1506 2052 1595 2083 ritus.
1644 2053 1808 2083 Ditlcrunt
1827 2053 1912 2083 enim
1936 2053 2023 2083 inter
2046 2063 2095 2090 se,
2126 2062 2192 2083 non

1224 2096 1319 2127 modo
1343 2100 1501 2135 quatenus
1526 2095 1653 2126 illarum
1681 2095 1768 2126 Deus
1792 2101 1886 2125 autor
1909 2100 1968 2132 est,
2000 2095 2058 2126 hos
2081 2100 2191 2126 autem

1225 2139 1324 2170 stulte
1356 2138 1552 2178 excogitavit
1587 2138 1754 2168 hominum
1797 2138 1980 2168 temeritas:
2021 2137 2077 2169 sed
2117 2138 2193 2177 quia.

1226 2182 1338 2221 religio
1362 2181 1444 2220 apud
1470 2185 1582 2221 gentes
1607 2181 1797 2220 simpliciter
1828 2181 1861 2211 in
1893 2181 1988 2211 nudis
2019 2185 2052 2211 et
2083 2181 2193 2212 vacuis

1225 2224 1351 2265 pompis
1377 2224 1479 2254 locata
1502 2223 1572 2254 fuit.
1621 2223 1710 2253 Deus
1734 2229 1843 2254 autem
1868 2223 2078 2260 rudimentis,
2109 2233 2192 2263 quae

1225 2267 1341 2308 populo
1365 2278 1421 2297 suo
1445 2266 1624 2303 mandavit,
1649 2266 1745 2296 altius
1769 2267 1860 2305 quasi
1891 2277 1947 2305 per
1978 2266 2098 2307 gradus
2121 2277 2194 2297 eveâ€”

1225 2311 1272 2341 xit
1295 2312 1364 2349 pias
1395 2309 1528 2340 animas.
1576 2309 1626 2339 Ita
1657 2309 1755 2348 probe
1784 2310 1878 2339 litare
1908 2309 1967 2340 sibi
2000 2310 2086 2340 visae
2116 2313 2194 2340 sunt

1225 2358 1336 2393 gentes
1377 2363 1477 2391 quum
1520 2352 1668 2382 victimas
1703 2353 1866 2382 offerrent.
1924 2351 2020 2391 Apud
2054 2351 2192 2382 Iudaeos

1224 2396 1416 2436 placuerunt
1430 2395 1499 2425 Deo
1523 2395 1688 2429 sacrificia,
1713 2395 1794 2434 quod
1819 2395 1974 2426 exercitia
1992 2399 2193 2435 0000011100-

1224 2439 1379 2469 nitentiae
1406 2443 1436 2467 et
1461 2437 1542 2467 fidei.
1590 2437 1639 2467 Ita
1675 2438 1727 2467 lex
1751 2437 1887 2468 Iudaeos
1918 2438 1957 2468 ad
1990 2438 2192 2477 spiritualem

1224 2482 1328 2512 solum
1353 2481 1413 2511 Dei
1438 2481 1558 2511 cultum
1584 2480 1741 2517 instituit,
1777 2481 1831 2511 sed
1855 2481 2069 2512 eaeremoniis
2092 2480 2192 2512 vesti-

1224 2529 1302 2559 tum,
1335 2529 1372 2554 ut
1399 2524 1522 2554 ferebat
1553 2524 1708 2562 temporis
1741 2524 1829 2554 ratio.
1886 2524 2070 2563 Antequam
2105 2523 2192 2554 enim

1224 2568 1391 2607 patefieret
1425 2567 1561 2601 veritas,
1597 2566 1737 2605 pucritia
1771 2567 1923 2597 ecclcsiae
1958 2567 2096 2597 terrenis
2128 2565 2191 2597 ele-

1224 2610 1340 2640 mentis
1376 2609 1518 2647 regenda
1549 2608 1618 2639 fuit.
1677 2609 1723 2639 Ac
1758 2609 1890 2648 proinde
1924 2609 2073 2649 quamvis
2108 2609 2194 2639 inter

1227 2653 1362 2683 ludaeos
1385 2656 1417 2682 et
1440 2658 1552 2691 gentes
1576 2651 1680 2691 quoad
1705 2657 1874 2683 externam
1898 2651 2021 2684 colendi
2045 2651 2105 2682 Dei
2129 2652 2192 2682 for-
