2304 3034
105 233 168 263 409

107 327 190 357 eius:
211 325 317 365 scyphi
339 325 417 363 eius,
446 324 630 364 sphaerulae
658 323 738 358 eius,
768 324 795 352 et
819 322 910 359 flores
937 321 1004 351 eius
1031 330 1068 350 ex

105 369 172 408 ipso
195 371 293 399 erunt.
338 368 388 398 32.
417 365 459 398 Et
488 377 542 398 sex
570 365 682 397 calami
713 364 906 404 egredientur
927 374 942 393 e
964 363 1068 394 lateri-

75 415 78 418 ’
105 411 162 442 bus
184 412 269 442 eius:
297 413 358 442 tres
387 410 500 441 calami
529 407 704 440 candelabri
726 416 764 436 ea·
793 406 887 437 latere
909 407 975 437 eius
998 415 1067 441 uno,

105 456 131 484 et
153 456 214 484 tres
233 451 531 484 calamicaudelabri
553 461 590 481 ex
611 450 703 480 latere
714 449 780 480 eius
791 448 893 480 altero.
918 448 968 479 33.
992 448 1068 478 Tres

104 495 212 528 calices
234 496 268 526 iu
290 496 418 534 speciem
440 493 528 524 nucis
550 491 765 531 amyydaliuae
787 491 954 530 deformati
981 492 1069 520 erunt

107 539 138 569 in
150 539 268 570 calamo
280 548 348 571 uno,
361 535 528 577 sphaerula
541 537 568 565 et
576 535 642 572 flos,
662 536 687 564 et
700 536 760 564 tres
771 533 882 564 calices
893 534 927 564 <in
939 533 1068 572 speciem

104 582 192 612 nucis
204 579 421 620 amygdalinae
431 578 593 617 deformati
607 576 638 606 in
652 575 767 606 calamo
782 576 884 612 altero,
897 575 1068 615 sphaerula

104 626 130 654 et
146 624 218 661 flos:
240 623 285 654 sic
308 622 343 653 de
368 631 422 652 sea:
443 619 573 652 calamis
596 618 819 658 eyredierztibus
840 628 855 648 e
877 618 1065 649 candelabro.

105 666 154 696 34.
179 665 222 696 Et
244 666 278 696 iu
300 663 478 695 candelabro
499 663 587 693 erunt
609 663 741 700 quatuor
763 661 871 691 calices
894 661 1067 699 inspeciem

103 709 193 739 *nucis
215 707 432 747 amyydalinae
449 704 620 743 deformati,
639 703 823 742 sphaerulae
840 704 916 739 eius,
935 706 962 734 et
976 704 1067 741 flores

103 751 179 782 eius.
224 749 274 780 35.
298 749 429 787 Eritque
450 746 621 787 sphaerula
643 745 701 776 sub
731 745 848 776 duobus
869 745 999 776 calamis
1028 755 1066 776 esc

103 794 179 833 ipsc,
203 791 370 831 sphaerula
394 791 464 820 item
486 789 543 819 sub
566 788 682 819 duobus
706 788 837 819 calamis
864 798 902 818 ea:
929 789 1012 827 ipso,
1040 790 1067 818 et

103 834 269 875 sphaerula
286 833 340 865 sul)
359 832 475 863 duobus
492 831 622 863 calamis
641 841 677 861 er
696 831 776 869 ipso.-
798 831 842 861 sic
864 841 918 861 sex
936 830 1066 861 calamis

103 877 324 918 eyredieutibus
345 886 360 906 e
381 874 569 906 candelabro.
616 873 665 904 36.
693 873 883 912 Sphaerulae
906 883 1011 904 eorum
1040 875 1067 903 et

102 920 214 952 calami
247 928 348 950 eorum
382 928 419 948 ea*
452 918 520 955 ipso
551 919 656 947 eruut:
696 919 789 947 totum
822 917 926 954 ipsum
957 915 1066 946 ductile

102 973 208 999 uuum,
242 972 278 992 ecc
310 970 386 991 auro
411 970 503 999 paro.
549 959 599 989 37.
632 958 745 990 Facies
777 969 892 997 quoque
923 959 1066 989 lucernas

102 1006 169 1036 eius
190 1007 310 1043 septem,
333 1013 412 1041 quas
434 1002 591 1033 collocabis
614 1002 647 1031 in
665 1001 805 1036 sublimi,
828 1004 861 1031 ut
883 1001 1003 1032 luceant
1025 1001 1066 1031 ad

102 1047 183 1078 latus
203 1046 298 1085 faciei
320 1046 396 1076 eius.
442 1045 492 1076 38.
517 1044 559 1075 Et
579 1044 712 1083 forcipes
735 1044 852 1082 ipsius,
888 1047 914 1074 et
935 1046 1066 1082 recepta-

102 1091 172 1121 cula
194 1090 260 1120 eius
282 1098 319 1118 ex
340 1098 417 1118 auro
434 1098 524 1126 puro.
555 1087 603 1118 39.
633 1086 757 1117 Talento
781 1087 854 1117 auri
872 1087 949 1125 puri
965 1086 1065 1125 facies

100 1132 188 1169 illud,
211 1134 238 1162 ct
259 1131 362 1162 omnia
384 1140 460 1161 vasa
482 1131 552 1160 vista.
598 1129 647 1160 40.
680 1129 755 1160 Vide
785 1131 887 1160 aulem
908 1131 941 1159 ut
960 1129 1065 1168 facias

100 1175 190 1206 iuxta
221 1173 459 1205 similitudinem
492 1182 597 1209 suam,
647 1182 725 1210 quae
765 1172 820 1202 tibi
860 1173 982 1202 ostensa
1022 1174 1065 1202 cst

99 1218 134 1248 in
155 1218 262 1248 monte.

184 1301 235 1332 31.
260 1301 371 1332 Facies
393 1301 464 1331 item
487 1299 710 1331 caudelabrum.
757 1298 890 1338 Septem
915 1299 1063 1330 lucernas

101 1344 151 1376 die
174 1350 333 1383 noctuque
355 1352 503 1374 accensas
525 1342 626 1373 voluit
646 1342 735 1373 Deus
759 1341 883 1381 fulgere
906 1342 939 1371 in
959 1341 1062 1372 taber-

100 1387 222 1418 naculo.
248 1386 393 1417 Primum
417 1390 453 1416 ut
475 1385 572 1416 sciret
593 1385 731 1424 populus
754 1394 787 1415 se
812 1384 969 1415 divinitus
992 1384 1061 1425 regi

101 1429 140 1461 ad
164 1430 270 1460 Deum
292 1429 352 1459 rite
375 1427 559 1463 colendum,
592 1433 624 1458 et
646 1427 750 1458 lucem
775 1437 855 1466 quae
878 1436 988 1457 omnes
1011 1437 1060 1457 er-

99 1482 211 1503 rorum
234 1471 384 1502 tenebras
407 1470 593 1507 discuteret,
622 1470 722 1501 oculis
751 1470 817 1500 suis
847 1480 915 1500 esse
945 1479 1060 1509 propo-

99 1515 211 1546 sitam:
242 1513 356 1544 deinde
388 1524 426 1544 ne
457 1513 680 1544 obtenebraret
708 1512 814 1552 ipsum
846 1512 908 1543 Dei
938 1512 1060 1543 cultum

99 1557 215 1589 crassis
238 1557 304 1587 suis
326 1557 499 1596 figmentis,
533 1556 587 1586 sed
611 1556 756 1586 intentus
779 1555 817 1585 ad
842 1555 922 1595 legis
945 1555 1060 1586 doetri-

99 1611 185 1637 nam,
210 1609 289 1639 pura
307 1604 338 1630 et
356 1598 461 1629 lucida
479 1605 596 1635 mente,
623 1599 656 1628 in
678 1598 826 1629 omnibus
848 1598 1060 1629 caeremoniis

98 1643 206 1674 Deum
229 1646 406 1682 quaereret.
448 1641 604 1672 Notemus
627 1651 703 1681 ergo
726 1641 811 1671 inter
834 1641 979 1681 regulam
1004 1651 1059 1670 ve-

98 1696 154 1716 rae
172 1685 300 1724 pietatis
320 1693 351 1714 et
370 1684 514 1724 gentium
528 1685 782 1723 superstitiones5
807 1683 979 1714 discrimen
992 1694 1061 1714 esse

98 1728 252 1768 positum:
284 1727 358 1766 quia
387 1732 498 1767 gentes
521 1726 629 1757 stultis
657 1732 688 1757 et
711 1726 813 1757 caeeis
837 1726 1062 1757 devotionibus

98 1769 147 1811 (ut
170 1769 357 1810 loquuntur)
388 1770 538 1808 abreptae
569 1770 699 1799 fuerunt
730 1779 787 1808 per
810 1769 970 1800 flexuosas
994 1779 1061 1799 am-

97 1813 206 1853 bages,
228 1818 264 1843 ut
288 1812 370 1842 nihil
394 1812 478 1852 apud
502 1822 555 1843 eas
579 1817 702 1842 rectum
726 1811 832 1842 fuerit.
878 1812 950 1843 Nisi
973 1812 1060 1842 enim

98 1855 191 1886 nobis
224 1855 407 1894 praeluceat
442 1854 588 1886 coelestis
622 1854 782 1891 doctrina,
818 1854 898 1884 nihil
932 1859 1061 1894 praeter

98 1908 220 1929 meram
245 1898 421 1928 vanitatem
444 1898 547 1937 pariet
570 1907 685 1928 sensus
709 1904 826 1928 noster.
866 1896 932 1928 Sed
954 1896 1060 1928 Israe-

98 1940 165 1971 litis
179 1951 241 1971 non
255 1941 332 1971 satis
345 1940 408 1970 fuit
420 1940 592 1970 monstrari
606 1940 701 1977 viam,
723 1940 784 1971 nisi
798 1939 837 1970 ad
851 1939 1060 1970 directionem

99 1983 199 2023 aperti
226 1989 332 2014 esseut
355 1993 465 2013 eorum
489 1983 590 2013 oculi:
620 1982 774 2022 quoniam
798 1984 831 2013 in
855 1982 959 2013 media
983 1993 1059 2022 quo-

99 2036 160 2065 que
183 2026 252 2056 luce
275 2025 463 2066 plerumque
485 2025 670 2056 caecutiunt
692 2025 848 2056 homines.
895 2024 989 2064 Quod
1013 2026 1061 2064 ip-

99 2069 143 2099 sis
176 2067 298 2106 accidit,
333 2067 462 2107 quando
497 2078 560 2098 non
592 2073 719 2098 tantum
754 2067 794 2099 ad
828 2072 999 2099 extraneos
1029 2072 1062 2098 et

100 2110 297 2142 adulterinos
316 2111 422 2142 cultus
442 2110 581 2150 prolapsi
600 2115 690 2147 sunt,
718 2110 774 2141 sed
794 2115 961 2141 externam
981 2111 1060 2150 legis

101 2153 234 2184 formam
269 2153 421 2191 tenendo,
463 2154 597 2184 fuerunt
630 2153 842 2184 nihilominus
874 2152 1059 2193 degeneres,

101 2205 137 2226 ac
167 2195 279 2236 religio
301 2196 411 2236 pravis
441 2196 726 2236 superstitionibus
757 2197 868 2227 vitiata
899 2195 984 2235 apud
1008 2207 1060 2227 eos

102 2237 170 2274 fuit,
193 2248 289 2277 quum
314 2249 370 2278 pro
393 2239 499 2269 carnis
522 2249 598 2269 suae
625 2249 721 2270 sensu
745 2239 897 2279 pietatem
918 2239 1060 2270 locarent

101 2278 135 2309 in
153 2281 369 2312 caeremoniis.
393 2280 431 2311 Id
449 2282 535 2312 enim
555 2286 604 2312 est
617 2281 723 2312 Deum
744 2282 986 2321 transfigurare,
1006 2281 1061 2312 ubi

101 2331 168 2352 non
191 2322 304 2353 colitur
326 2324 537 2363 spiritualiter
555 2334 612 2364 pro
633 2335 693 2355 sua
716 2330 841 2354 natura.
866 2324 953 2355 Hinc
971 2329 1061 2354 tanta

102 2364 276 2404 hypocritis
304 2366 364 2396 fuit
393 2367 564 2403 securitas,
594 2371 629 2397 ut
657 2366 792 2406 superbe
815 2372 1061 2398 contemnerent

103 2415 214 2436 omnes
237 2407 437 2446 propheticas
460 2409 716 2449 obiurgationes,
748 2409 811 2439 imo
841 2415 951 2449 aperte
974 2410 1060 2440 fure-

102 2453 193 2485 rent,
224 2450 345 2487 quoties
366 2451 621 2491 repudiabantur
644 2451 757 2483 inanes
780 2462 890 2482 eorum
915 2462 1060 2492 pompae.

103 2490 191 2530 Ergo
222 2490 447 2524 candelabrum
477 2500 600 2534 septem
632 2494 773 2526 lucernis
805 2495 933 2525 illustre
963 2505 1060 2534 popu-

104 2532 171 2563 lum
195 2532 369 2571 admonuit,
399 2541 434 2565 ut
456 2536 490 2566 in
513 2536 583 2567 Deo
607 2537 753 2574 colendo,
790 2537 829 2568 ad
860 2537 961 2568 lucem
993 2547 1061 2568 coe-

103 2575 192 2606 lestis
206 2574 366 2622 doctrinae
382 2581 501 2609 attente
513 2580 694 2619 respiceret.
720 2580 891 2611 Caeterum
912 2580 943 2610 in
965 2580 1061 2611 huius

103 2618 226 2657 figurae
246 2617 459 2658 intelligentia
477 2631 540 2651 non
559 2632 658 2662 parvo
677 2622 767 2653 nobis
786 2622 982 2653 adminiculo
1000 2623 1060 2653 erit

104 2660 185 2691 visio
205 2659 380 2691 Zachariae
401 2659 442 2701 (4,
461 2662 502 2703 2),
533 2664 565 2693 in
594 2675 655 2704 qua
678 2665 815 2705 symboli
847 2665 914 2696 eius
940 2665 1060 2696 veritas

788 228 1040 260 SECUNDUM
1075 227 1394 259 PRAECEPTUM.

2016 227 2080 257 410

1119 321 1310 352 ostenditur.
1355 321 1521 352 Promittit
1544 320 1610 351 illic
1632 319 1723 351 Deus
1746 320 1846 351 solam
1870 319 2001 359 spiritus
2029 321 2079 351 sui

1119 364 1272 394 virtutem
1297 363 1374 395 satis
1397 373 1557 403 superque
1580 363 1753 394 valituram
1778 362 1954 394 servandae
1983 363 2081 394 eccle-

1118 406 1192 443 siae,
1216 406 1364 446 quamvis
1388 406 1536 437 omnibus
1559 405 1688 436 auxiliis
1712 405 1863 436 destituta
1887 406 1936 436 sit.
1976 406 2079 436 Cuius

1119 449 1166 478 rei
1199 454 1234 479 ut
1267 449 1362 479 fidem
1386 449 1496 486 faeiat,
1529 447 1663 478 eandem
1696 458 1777 487 quae
1806 448 1857 479 hie
1888 447 2080 479 describitur

1118 491 1256 531 effigiem
1280 490 1471 527 candelabri,
1507 491 1623 521 additis
1646 490 1835 530 quibusdam
1867 492 2078 521 circumstan-

1119 533 1181 570 tiis,
1206 533 1358 565 delineat:
1382 544 1443 573 quo
1463 533 1611 564 admonet
1632 544 1696 563 non
1717 533 1814 564 fuisse
1834 543 1952 563 vanam
1971 538 2078 564 osten-

1119 576 1273 606 tationem
1304 577 1335 606 in
1369 576 1509 607 lucernis
1533 575 1777 616 splendentibus
1801 575 1907 616 (sicuti
1931 577 1964 606 in
1988 576 2078 606 thea-

1118 619 1176 649 tris
1201 618 1358 649 luduntur
1381 619 1534 660 fabulae):
1558 618 1613 649 sed
1636 619 1668 649 in
1692 617 1883 650 candelabro
1906 618 2004 649 fuisse
2033 629 2079 649 re-

1118 666 1359 700 praesentatum
1393 661 1474 700 quod
1510 661 1637 691 sensuri
1671 665 1778 692 essent
1806 660 1916 691 fideles
1946 671 1979 691 re
2008 661 2079 700 ipsa

1118 702 1177 733 sibi
1192 704 1358 742 praestari.
1380 704 1501 734 Verum
1516 708 1549 734 ut
1563 703 1677 734 clarior
1690 704 1731 734 sit
1751 704 1956 743 comparatio,
1976 713 2079 743 pauca

1118 745 1157 776 de
1180 746 1340 785 praesenti
1364 745 1430 777 loco
1454 746 1587 777 dicenda
1609 750 1694 777 sunt.
1735 746 1872 777 Materia
1896 745 2079 776 candelabri

1118 792 1167 819 est
1190 798 1304 819 aurum
1328 799 1455 828 purum,
1479 799 1541 828 quo
1565 789 1609 819 rei
1636 789 1783 828 signatae
1806 788 1999 820 excellentia
2022 800 2077 819 no-

1118 835 1215 861 tatur.
1241 831 1305 862 Sed
1326 831 1377 861 ubi
1399 831 1436 861 de
1462 831 1563 861 forma
1583 831 1701 870 aliquid
1726 831 1846 862 dictum
1869 831 1983 867 fuerit,
2013 831 2077 862 cla-

1117 873 1182 904 rior
1205 873 1266 904 erit-
1294 873 1440 904 vaticinii
1470 874 1649 913 applicatio,
1695 873 1862 912 Quaedam
1889 874 2078 913 simpliciter

1116 916 1155 946 ad
1179 921 1406 947 ornamentum
1425 916 1601 956 composita
1620 916 1759 953 fuerunt,
1784 921 1819 947 ut
1831 921 1989 947 cresceret
2008 916 2077 956 dig-

1117 959 1202 989 nitas
1225 969 1265 989 ex
1289 959 1358 998 ipso
1381 964 1521 998 aspectu,
1554 959 1647 990 sicuti
1671 959 1774 995 flores,
1798 963 1830 989 et
1851 959 1989 999 globuli,
2021 963 2077 989 aut

1116 1001 1322 1041 sphaerulae:
1354 1001 1417 1031 alia
1446 1001 1484 1031 ad
1517 1011 1622 1037 usum,
1654 1006 1688 1031 ut
1711 1002 1833 1038 calices,
1857 1002 1909 1032 vel
1932 1007 2076 1041 recepta-

1114 1044 1201 1080 cula,
1232 1054 1272 1074 ne
1302 1054 1427 1074 sacrum
1456 1043 1561 1074 oleum
1589 1044 1621 1074 in
1646 1048 1765 1074 terram
1789 1043 1959 1075 decideret.
2006 1044 2075 1075 Lu—

1116 1096 1230 1117 cernae
1254 1086 1287 1116 in
1311 1086 1485 1117 verticibus
1508 1086 1628 1126 positae
1651 1092 1735 1120 sunt,
1767 1092 1803 1117 ut
1825 1086 1946 1118 scirent
1969 1086 2075 1117 Israe-

1114 1128 1200 1164 litae,
1217 1129 1365 1160 homines
1380 1129 1413 1159 in
1431 1133 1518 1159 terra
1530 1128 1719 1159 circumdari
1734 1129 1884 1166 tenebris,
1908 1129 1970 1160 nisi
1985 1128 2076 1160 Deus

1115 1182 1244 1202 sursum
1274 1171 1439 1202 ecclesiam
1475 1182 1566 1201 suam
1597 1171 1807 1207 illuminaret,
1837 1171 1932 1211 idque
1962 1172 2014 1202 diu
2045 1176 2077 1202 et

1116 1220 1221 1245 noctu.
1261 1214 1363 1245 Sicuti
1386 1213 1489 1244 Isaias
1512 1214 1550 1244 de
1574 1224 1671 1253 regno
1695 1214 1819 1244 Christi
1843 1214 2018 1251 disserens,
2041 1214 2075 1244 in

1116 1268 1176 1296 quo
1190 1257 1318 1287 demum
1332 1256 1475 1287 exhibita
1488 1257 1547 1286 fuit
1560 1257 1654 1287 huius
1667 1257 1712 1286 rei
1726 1257 1854 1293 veritas,
1867 1257 1957 1288 dicit:
1981 1257 2074 1293 Ecce,

1116 1300 1268 1330 tenebrae
1291 1300 1435 1339 operient
1459 1304 1594 1336 terram,
1624 1304 1654 1329 et
1677 1299 1778 1339 caligo
1802 1299 1950 1338 populos,
1980 1310 2076 1338 super

1116 1347 1147 1373 tc
1170 1347 1277 1372 autem
1302 1342 1423 1372 orietur
1436 1342 1602 1377 Dominus,
1627 1348 1657 1371 et
1680 1342 1782 1381 gloria
1805 1342 1873 1372 eius
1896 1342 1929 1372 in
1953 1346 1984 1373 te
1999 1352 2074 1373 con-

1115 1385 1226 1425 spicua
1260 1385 1330 1415 erit.
1386 1384 1484 1414 Item:
1518 1384 1589 1414 Non
1626 1383 1743 1415 lucebit
1773 1384 1831 1414 tibi
1862 1384 1999 1424 amplius
2027 1384 2073 1415 sol

1115 1427 1264 1462 interdiu,
1289 1437 1391 1466 neque
1414 1426 1491 1457 luna
1514 1437 1571 1466 per
1593 1431 1736 1464 noctem,
1766 1426 1821 1456 sed
1845 1427 1906 1457 erit
1937 1427 1992 1457 tibi
2022 1427 2074 1457 Ie-

1115 1470 1198 1501 hova
1223 1471 1257 1500 in
1281 1470 1384 1500 lucem
1409 1469 1638 1508 sempiternam
1661 1468 1737 1509 (lsa.
1762 1469 1811 1506 60,
1831 1469 1859 1500 2.
1879 1468 1942 1510 20).
1971 1470 2074 1500 Porro

1115 1513 1210 1544 sicuti
1234 1513 1324 1543 Deus
1347 1516 1481 1543 vocatur
1502 1516 1593 1551 pater
1612 1512 1778 1547 luminum,
1803 1512 1846 1542 ita
1867 1512 2073 1542 illuminandi

1115 1556 1219 1596 gratia
1242 1566 1341 1596 penes
1364 1555 1513 1594 spiritum
1537 1554 1662 1585 residet.
1708 1553 1868 1592 Quoniam
1891 1559 1997 1585 autem
2018 1554 2072 1585 do-

1114 1609 1230 1629 norum
1254 1599 1391 1629 varietas
1422 1608 1440 1628 a
1468 1597 1582 1637 spiritu
1607 1596 1821 1634 distribuitur,
1856 1602 1979 1637 septem
2004 1597 2072 1628 fue-

1114 1646 1191 1672 runt
1214 1641 1372 1674 lucernae,
1396 1650 1475 1680 quae
1496 1644 1629 1670 externo
1647 1644 1776 1679 aspectu
1795 1644 2074 1679 repraesentarent

1114 1684 1196 1724 quod
1239 1684 1330 1715 docet
1364 1683 1487 1714 Paulus
1520 1681 1561 1723 (1.
1597 1682 1669 1713 Cor.
1706 1682 1760 1718 12,
1799 1681 1845 1723 8):
1891 1682 2072 1721 Unicuique

1113 1727 1182 1757 dari
1222 1726 1515 1757 manifestationem
1557 1725 1690 1764 spiritus
1730 1725 1761 1755 in
1803 1724 2071 1755 aedificationem:

1112 1769 1183 1800 aliis
1207 1780 1263 1809 per
1292 1769 1440 1809 spiritum
1471 1767 1540 1798 dari
1568 1777 1746 1798 sermonem
1778 1767 1970 1806 sapientiae,
2001 1767 2074 1798 aliis

1112 1822 1294 1843 sermonem
1335 1811 1489 1843 scientiae
1529 1809 1703 1841 secundum
1744 1810 1878 1840 eundem
1914 1809 2074 1850 spiritum,

1112 1855 1183 1886 aliis
1217 1854 1313 1885 fidem
1347 1854 1379 1884 in
1415 1853 1524 1884 eodem
1553 1853 1686 1892 spiritu,
1721 1852 1791 1883 aliis
1820 1853 1956 1891 gratiam
1987 1852 2073 1882 sani-

1112 1902 1230 1934 tatum,
1263 1897 1333 1928 aliis
1362 1896 1578 1936 operationem
1609 1895 1780 1932 virtutum,
1810 1895 1881 1925 aliis
1909 1895 2073 1934 propheti-

1113 1951 1180 1977 am,
1212 1940 1282 1971 aliis
1314 1939 1538 1970 discretionem
1562 1938 1742 1977 spirituum,
1775 1937 1845 1967 aliis
1868 1947 1988 1977 genera
2011 1937 2072 1967 lin-

1113 1993 1261 2024 guarum,
1284 1983 1355 2013 aliis
1378 1981 1684 2020 interpretationem.
1722 1980 1810 2011 Haec
1834 1985 1939 2010 autem
1964 1980 2073 2010 omnia

1113 2026 1239 2065 operari
1262 2036 1361 2056 unum
1385 2028 1417 2054 et
1440 2023 1577 2054 eundem
1600 2023 1758 2063 spiritum,
1792 2023 1844 2061 qui
1868 2021 1983 2053 dividit
2005 2022 2072 2052 sin-

1114 2068 1198 2109 gulis
1221 2072 1317 2108 prout
1340 2067 1419 2098 vult.
1465 2066 1658 2105 Quanquam
1682 2066 1713 2095 in
1736 2075 1868 2095 numero
1891 2065 2073 2104 septenario

1113 2111 1244 2151 quidam
1268 2112 1388 2141 frustra
1417 2109 1606 2149 mysterium
1636 2108 1840 2139 fabricarunt.
1884 2106 1980 2138 Unde
2003 2107 2073 2138 vul-

1113 2165 1191 2195 gare
1213 2158 1432 2184 commentum
1456 2152 1487 2181 in
1518 2155 1635 2191 papatu
1665 2150 1703 2181 de
1733 2149 1910 2189 septiformi
1940 2149 2073 2189 spiritus

1113 2197 1232 2237 gratia,
1258 2196 1340 2235 quod
1372 2200 1436 2225 tam
1461 2205 1502 2224 ex
1525 2194 1593 2224 loco
1617 2193 1709 2223 Pauli
1733 2203 1834 2232 nuper
1857 2193 1953 2223 citato
1976 2202 2073 2232 quam

1113 2250 1153 2270 ex
1189 2239 1360 2270 undecimo
1395 2237 1499 2276 capite
1529 2235 1633 2267 Isaiae
1667 2235 1838 2272 refellitur,
1877 2234 1931 2265 ubi
1964 2235 2073 2274 plures

1113 2286 1328 2312 numerantur
1351 2280 1473 2321 species
1497 2278 1662 2309 donorum.
1694 2278 1805 2308 Potius
1828 2278 1860 2307 in
1880 2280 2000 2316 septem
2025 2277 2073 2307 lu-

1113 2325 1217 2355 cernis
1236 2325 1342 2355 notari
1368 2323 1507 2354 arbitror
1531 2321 1769 2361 perfectionem,
1793 2330 1832 2350 ex
1855 2320 2019 2350 communi
2042 2324 2074 2350 et

1113 2372 1240 2407 recepto
1264 2376 1341 2398 usu:
1365 2376 1400 2397 ac
1420 2366 1446 2395 si
1466 2369 1602 2395 testatus
1621 2367 1705 2394 esset
1724 2363 1822 2400 Deus,
1841 2362 1923 2392 nihil
1943 2361 1981 2392 ad
2003 2361 2074 2393 soli-

1113 2410 1186 2440 dam
1216 2409 1485 2440 illuminationem
1514 2407 1661 2437 fidelibus
1691 2405 1812 2443 defore,
1847 2405 1901 2444 qui
1932 2415 2002 2435 eam
2031 2415 2073 2435 ex

1113 2453 1209 2484 unico
1228 2452 1316 2483 fonte
1339 2455 1457 2492 petent.
1494 2449 1619 2480 Deinde
1643 2448 1791 2487 spiritum
1815 2457 1884 2478 esse
1907 2457 2073 2478 sacrorum

1113 2495 1259 2526 omnium
1293 2494 1488 2535 praesidem,
1523 2491 1577 2522 ubi
1610 2490 1760 2522 ecclesiae
1795 2500 1851 2529 per
1891 2488 1974 2520 dona
2015 2500 2073 2520 sua

1113 2538 1254 2578 affulget.
1300 2537 1368 2568 Iam
1394 2535 1548 2576 propheta
1571 2533 1680 2575 (Zach.
1702 2533 1730 2569 4,
1762 2532 1794 2573 2)
1818 2532 1931 2563 docere
1960 2532 2073 2563 volens

1112 2581 1308 2620 completum
1342 2580 1381 2610 iri
1404 2579 1437 2609 in
1467 2577 1670 2608 restitutione
1698 2575 1865 2612 ecclesiae,
1901 2574 1983 2614 quod
2014 2575 2072 2605 sub

1113 2624 1233 2654 visibili
1266 2624 1370 2663 figura
1403 2626 1565 2652 ostensum
1599 2619 1718 2656 fuerat,
1759 2623 1883 2657 septem
1917 2617 2073 2648 infusoria

1112 2665 1252 2697 lucernis
1276 2665 1430 2705 adiungit,
1454 2667 1486 2694 ct
1505 2662 1583 2693 duas
1606 2661 1708 2699 oleas,
1739 2671 1779 2691 ex
1802 2659 1918 2700 quibus
1946 2659 2072 2691 assidue
