2304 3034
104 209 168 239 405

105 312 201 339 mam,
224 311 342 341 magna
365 302 405 332 sit
429 301 568 332 affinitas
593 311 629 332 ac
652 298 836 335 similitudo,
861 298 934 329 finis
957 302 1066 328 tamen

106 344 201 384 longe
233 344 387 375 diversus.
438 344 538 374 Porro
568 342 620 374 ubi
651 340 869 382 quaerendum
903 341 945 371 sit
980 344 1065 370 vete-

107 397 179 417 rum
204 387 390 417 umbrarum
413 396 529 425 corpus
550 385 598 416 vel
621 384 809 420 substantia,
834 393 870 413 ac
889 384 1066 423 figurarum

107 429 237 466 veritas,
262 439 326 459 non
350 440 389 459 ex
414 428 566 468 apostolis
590 426 683 457 modo
706 426 762 457 sed
785 431 817 456 et
840 436 879 456 ex
904 424 1067 465 prophetis

108 471 231 502 discere
254 471 335 509 licet,
360 471 414 510 qui
438 470 555 510 passim
579 469 619 500 ad
642 479 778 508 regnum
794 468 933 499 Messiae
957 466 1067 498 fideles

108 519 269 545 revocant.
309 513 516 544 Luculentior
540 517 646 542 tamen
671 511 845 551 explicatio
868 521 908 540 ex
931 520 1068 550 evange-

108 556 151 587 lio
174 556 320 596 petenda,
342 556 396 586 ubi
420 555 569 585 Christus
592 553 635 584 sol
661 553 803 584 iustitiae
827 553 1003 593 affulgens,
1034 552 1067 582 in

109 610 143 630 se
176 609 240 629 uno
272 598 540 637 complementum
574 600 701 626 exstare
735 595 941 626 demonstrat.
997 594 1068 625 Etsi

108 646 218 672 autem
231 652 287 671 suo
299 641 439 671 adventu
458 639 676 670 caeremonias
695 638 766 669 illas
779 637 969 668 umbratiles
992 647 1068 676 quo-

110 684 150 715 ad
179 694 271 715 usum
294 681 476 718 aboleverit,
505 681 599 711 simul
624 685 732 711 tamen
757 680 894 711 asseruit
916 680 980 710 illis
1002 680 1068 710 ius-

109 731 176 757 tam
203 725 431 756 reverentiam:
461 722 588 763 quando
619 733 684 754 non
715 723 776 754 alio
807 723 877 753 iure
902 726 1069 753 merentur

110 769 221 800 haberi
255 769 288 798 in
321 767 422 807 pretio
461 766 520 796 nisi
564 766 639 805 quia
678 766 712 796 in
747 765 878 797 Christo
911 765 1069 804 reperitur

110 821 220 842 earum
243 810 383 840 effectus.
406 809 488 839 Nam
511 809 537 838 si
560 809 599 839 ab
622 808 691 847 ipso
713 813 913 847 separentur,
933 807 1069 838 lusorias

110 864 180 884 esse
203 857 304 892 patet:
328 862 364 882 eo
387 850 470 890 quod
494 850 574 881 nihil
599 850 638 881 ad
659 851 765 881 Deum
789 849 991 891 placandum,
1016 849 1066 880 vel

110 895 296 926 animalium
319 894 458 933 sanguis,
483 893 533 923 vel
557 893 658 932 adipis
675 894 826 931 suavitas,
850 893 899 923 vel
919 892 1068 923 aromati—

109 949 165 970 cus
188 938 324 974 suffitus,
348 936 398 966 vel
421 936 579 973 lucernae,
604 936 654 966 vel
679 936 806 966 similia.
830 935 915 966 Illud
940 934 1068 975 quidem

111 980 299 1017 tenendum,
328 978 464 1009 Iudaeos
498 989 561 1008 non
595 978 751 1008 inutiliter
781 978 880 1009 sacris
914 977 1069 1017 legalibus

111 1032 241 1063 operam
261 1021 394 1059 dedisse,
413 1021 529 1060 quibus
548 1031 693 1051 annexae
716 1026 809 1051 erant
832 1020 1068 1060 promissiones.

112 1065 229 1104 Itaque
241 1064 363 1104 quoties
376 1068 550 1094 occurrunt
575 1063 635 1093 liae
655 1063 850 1094 sententiae:
873 1063 1070 1102 Expiabitur

111 1107 278 1147 iniquitas:
310 1106 516 1146 Apparebitis
539 1116 644 1136 coram
670 1106 749 1136 facie
770 1115 856 1136 mea:
890 1105 1069 1135 Exaudiam

111 1160 170 1181 vos
192 1160 209 1180 e
232 1150 430 1186 sanctuario,
459 1158 627 1178 monemur
650 1152 793 1179 vetustas
816 1158 928 1179 omnes
952 1148 1070 1188 figuras

111 1198 200 1224 certa
212 1192 309 1222 fuisse
322 1192 445 1231 gratiae
459 1190 521 1221 Dei
535 1196 565 1221 et
579 1190 692 1222 salutis
705 1198 855 1221 aeternae
868 1190 1070 1221 testimonia:

110 1235 245 1274 ideoque
269 1234 437 1265 Christum
461 1233 524 1264 illis
547 1232 646 1264 fuisse
670 1237 963 1273 repraesentatum:
998 1233 1072 1272 quia

111 1287 224 1308 omnes
257 1276 320 1307 Dei
361 1277 588 1316 promissiones
618 1276 649 1306 in
684 1276 752 1315 ipso
786 1280 862 1306 sunt
895 1276 1003 1306 Etiam
1041 1281 1072 1306 et

110 1320 217 1351 Amen
241 1319 282 1359 (2.
306 1319 378 1350 Cor.
405 1320 430 1357 1,
454 1318 516 1359 20).
562 1318 698 1349 Minime
721 1324 829 1349 tamen
858 1318 934 1349 inde
967 1318 1071 1358 sequi-

112 1367 174 1400 tur,
205 1362 334 1392 subesse
363 1362 395 1391 in
426 1361 562 1401 singulis
597 1361 740 1400 partibus
774 1361 945 1401 mysteria:
976 1360 1072 1391 sicuti

111 1405 205 1436 multi
229 1414 394 1444 perperam
406 1404 521 1444 arguti,
543 1403 669 1434 nullum
683 1403 891 1443 quantumvis
910 1404 1071 1434 minutum

112 1448 235 1487 apicem
264 1452 469 1486 praetereunt
501 1447 569 1477 sine
597 1446 769 1486 allegorica
791 1446 1006 1485 expositione:
1038 1451 1073 1476 ut

112 1489 172 1521 hoc
210 1490 276 1520 1000
306 1499 398 1520 arcae
428 1489 644 1519 dimensiones
681 1488 865 1528 speculandi
901 1489 1070 1519 materiam

110 1533 176 1563 illis
199 1532 360 1572 praebent.
386 1532 484 1571 Atqui
507 1532 594 1562 sanis
615 1536 646 1562 et
665 1531 780 1562 sobriis
799 1532 942 1568 sufficiet,
963 1531 1071 1562 Deum

111 1575 214 1616 legem
239 1585 330 1606 suam
353 1574 495 1605 voluisse
524 1575 557 1604 in
587 1584 661 1605 vase
691 1574 855 1614 praeclaro
878 1575 1006 1614 reponi,
1036 1579 1072 1604 ut

112 1622 341 1658 agnosceretur
379 1618 448 1648 eius
487 1617 646 1647 maiestas.
702 1617 820 1648 Arcam
856 1627 934 1647 vero
969 1617 1070 1657 ipsam

70 1680 72 1682 .
112 1659 257 1692 vectibus
287 1659 403 1690 deferri
436 1660 613 1700 praecepit,
648 1669 688 1689 ne
711 1669 781 1690 eam
804 1660 952 1690 manibus
975 1660 1072 1690 attin-

111 1706 225 1743 gerent
262 1703 412 1739 Levitae,
460 1713 521 1742 quo
561 1702 701 1733 sanctior
740 1706 825 1733 esset
860 1702 928 1733 eius
969 1702 1073 1734 excel-

112 1746 222 1776 lentia.

199 1788 246 1818 16.
284 1786 441 1826 Ponesque
474 1788 507 1818 in
541 1797 615 1818 arca
650 1788 862 1818 testimonium.
920 1787 1073 1828 Elogium

112 1830 288 1862 testimonii
311 1829 394 1869 quod
418 1840 512 1869 saepe
534 1829 597 1870 legi
622 1829 790 1866 tribuitur,
820 1830 979 1870 significat
1002 1830 1073 1870 plus

113 1873 233 1913 aliquid
264 1873 297 1903 in
323 1872 393 1911 lege
419 1872 646 1913 comprehendi
671 1883 765 1912 quam
793 1879 903 1904 sancte
930 1873 1074 1913 iusteque

112 1914 240 1947 vivendi
270 1915 431 1955 regulam:
464 1926 579 1955 nempe
611 1922 739 1954 pactum
770 1926 831 1955 quo
860 1915 951 1947 Deus
973 1926 1072 1956 popu-

113 1958 178 1989 lum
213 1957 288 1995 sibi,
323 1963 354 1988 et
390 1958 530 1989 vicissim
565 1958 682 1998 populo
717 1969 750 1989 se
780 1958 968 1989 obstrinxit:
1003 1958 1073 1989 ideo

113 2005 222 2040 postea
255 2000 324 2031 loco
357 2001 531 2031 testimonii
570 2007 732 2040 ponuntur
764 2001 892 2032 tabulae
926 2001 1072 2033 foederis.

113 2043 226 2083 Itaque
248 2050 313 2080 ww
344 2043 403 2073 hoc
434 2043 501 2074 loco
524 2050 556 2074 et
590 2043 748 2074 similibus
770 2044 962 2075 tantundem
988 2044 1074 2075 valet

114 2090 207 2125 atque
229 2091 419 2123 contractus,
446 2086 499 2125 qui
529 2085 624 2126 vulgo
643 2086 813 2117 conventio
832 2086 956 2118 dicitur.
1002 2087 1074 2119 Hoc

114 2139 207 2159 sensu
231 2139 293 2159 non
316 2128 410 2159 modo
433 2134 613 2168 praecepta,
637 2128 692 2160 sed
710 2139 919 2169 quaecunque
938 2130 970 2160 in
990 2130 1074 2160 salu-

115 2176 177 2201 tem
201 2171 309 2210 populi
334 2171 463 2201 tradidit
488 2171 577 2202 Deus
610 2182 666 2211 per
689 2182 821 2202 manum
852 2172 967 2210 Mosis,
1002 2183 1073 2212 pro-

116 2212 210 2252 pheta
222 2213 305 2244 Psal.
323 2214 392 2251 119,
415 2215 601 2245 testimonia
625 2215 786 2245 nominat:
813 2215 940 2245 Psalmo
964 2221 1072 2246 autem

116 2254 237 2285 decimo
260 2267 342 2286 nono
365 2257 543 2296 expositive
566 2257 630 2297 legi
651 2257 820 2288 subiicitur
844 2257 1072 2295 testimouium,

117 2297 169 2327 lex
191 2297 329 2329 lehovae
350 2299 566 2336 immaculata,
589 2300 809 2330 testimonium
835 2300 935 2331 fidele.
982 2300 1074 2332 Sicut

117 2339 219 2386 Isaiae
242 2340 409 2387 8..capite,
444 2342 497 2373 ubi
528 2342 661 2373 dicitur:
707 2342 756 2373 Ad
790 2343 891 2383 legem
916 2344 1019 2383 magis
1043 2349 1074 2374 et

118 2387 348 2413 testimonium:
379 2395 440 2415 non
466 2396 514 2415 res
539 2385 685 2416 diversae
709 2391 878 2423 notantur,
908 2385 964 2416 sed
988 2397 1073 2417 com—

120 2465 219 2496 voluit
242 2470 390 2497 testatum
413 2479 482 2500 esse
505 2470 622 2509 populo
646 2481 711 2501 suo.

205 2507 252 2537 17.
278 2508 387 2539 Facies
404 2514 430 2541 et
446 2513 626 2550 operculum.
652 2513 763 2543 Prima
786 2512 878 2543 radix
903 2514 991 2544 verbi
1010 2520 1073 2546 ’153

119 2549 203 2582 unde
227 2550 422 2597 1100001000
446 2553 564 2585 dictum
588 2561 653 2593 cst,
688 2566 746 2595 pro
771 2555 966 2586 bituminare
990 2557 1073 2596 eapi-

119 2599 185 2641 tur:
217 2592 271 2622 sed
294 2603 326 2622 10
346 2595 565 2634 coniugatione
588 2598 702 2638 Hiphil
726 2599 887 2638 significat
910 2610 994 2630 nunc
1018 2610 1073 2629 ex-

118 2644 216 2677 piare,
236 2645 320 2665 nunc
338 2646 483 2676 purgare,
507 2650 590 2671 nunc
609 2641 640 2671 in
661 2641 797 2681 gratiam
818 2641 968 2681 recipere,
989 2642 1073 2672 unde

790 205 1042 238 SECUNDUM
1073 205 1390 237 PRAEOEPTUM.

2016 208 2079 238 406

1120 304 1183 330 ae:
1208 303 1255 329 est
1274 299 1426 339 expiatio,
1447 303 1484 330 ut
1502 299 1579 329 alibi
1598 299 1748 336 vidimus,
1771 305 1860 332 me:
1877 303 1986 330 autem
2007 310 2080 339 pro—

1120 341 1188 379 prie
1207 345 1336 381 tegmen
1356 346 1411 377 est,
1434 341 1481 372 vel
1502 342 1696 381 operculum.
1726 341 1919 382 Quanquam
1939 352 2001 372 non
2022 342 2081 373 du-

1122 382 1185 413 bito
1211 384 1286 422 quin
1312 383 1351 414 ad
1377 383 1634 424 metaphoricum
1660 394 1792 414 sensum
1815 385 1847 415 in
1868 384 1927 415 hoc
1950 385 2080 415 nomine

1120 425 1243 456 alludat
1265 426 1386 457 Moses:
1417 427 1490 466 quia
1523 427 1573 457 lex
1602 427 1803 466 operimento
1826 426 1964 467 indiget,
1995 427 2079 467 quod

1120 469 1395 509 transgressiones
1418 474 1543 500 nostras
1563 474 1658 509 tegat.
1689 469 1732 499 Et
1745 469 1907 508 probabile
1920 473 1968 500 est
1980 480 2077 509 quum

1121 510 1242 541 Paulus
1264 510 1371 551 (Rom.
1393 511 1422 547 3,
1442 511 1512 552 25),
1537 516 1629 542 vocat
1653 511 1822 542 Christum
1845 514 2023 551 ἱλαστήριον,
2048 516 2080 543 et

1121 552 1258 583 Ioannes
1281 553 1322 593 (1.
1346 553 1416 584 Ich.
1441 554 1469 591 2,
1493 553 1525 594 2)
1548 553 1690 592 ἱλασμὸν,
1719 553 1828 585 ambos
1852 555 2009 594 respicere
2040 554 2080 585 ad

1121 594 1203 625 hanc
1225 596 1369 635 figuram,
1393 596 1476 635 quod
1496 596 1576 636 legis
1595 597 1794 636 operimento
1817 596 1961 636 placatus
1984 597 2080 628 fuerit

1122 637 1212 668 Deus
1242 648 1318 677 erga
1349 638 1474 676 fideles,
1505 645 1541 669 ut
1570 649 1679 669 eorum
1711 643 1786 669 vota
1815 644 1847 669 et
1880 649 1989 678 preces
2023 650 2080 670 ex-

1120 680 1287 718 audiendo,
1312 681 1486 721 propitium
1509 691 1542 712 se
1570 680 1762 712 ostenderet.
1808 681 1970 720 Quamdiu
1994 682 2079 712 enim

1120 722 1173 752 lex
1198 723 1303 761 prodit
1324 723 1358 753 iu
1382 723 1522 754 medium
1546 728 1582 754 ut
1605 728 1678 754 ante
1699 724 1807 754 oculos
1840 724 1898 754 Dei
1922 729 2079 760 versetur,

1121 765 1188 795 irae
1221 771 1252 795 et
1286 765 1500 796 maledictioni
1534 777 1591 797 nos
1625 766 1768 797 subiicit:
1803 766 1937 806 ideoque
1972 772 2080 797 reatus

1122 807 1328 838 abolitionem
1357 808 1556 839 intercedere
1585 819 1713 840 necesse
1743 813 1806 847 est,
1840 814 1875 839 ut
1906 809 1995 840 Deus
2023 819 2082 840 nos

1121 851 1302 880 conveniat.
1349 850 1415 881 Nee
1439 861 1514 881 vero
1537 851 1592 881 abs
1613 862 1647 881 rc
1670 851 1788 888 David,
1809 856 1978 891 postquam
2002 851 2081 882 cele-

1122 893 1227 923 bravit
1249 892 1330 932 legis
1353 893 1525 930 iustitiam,
1556 894 1729 924 exclamat:
1773 893 1903 924 Delicta
1930 894 2002 933 quis
2031 894 2081 924 111-

1121 935 1240 975 telligit
1272 934 1371 975 (Psal.
1407 935 1455 973 19,
1490 935 1564 976 13)?
1620 936 1715 967 Unde
1748 936 1944 976 colligimus,
1977 936 2082 976 legem

1121 977 1191 1008 siue
1214 978 1440 1017 propitiatione
1470 989 1531 1008 non
1561 977 1693 1009 reddere
1717 978 1823 1009 Deum
1854 979 2081 1019 propinquum,

1122 1020 1207 1059 apud
1238 1031 1331 1060 quem
1356 1031 1414 1050 nos
1442 1027 1577 1052 accusat.
1624 1021 1666 1051 Et
1688 1026 1773 1052 certe
1797 1021 1873 1051 dum
1895 1021 2003 1052 omnia
2026 1032 2082 1052 ex-

1122 1062 1236 1102 pendo,
1259 1062 1412 1103 frigidum
1436 1073 1504 1094 esse
1535 1063 1613 1093 mihi
1643 1062 1787 1094 videtur:
1817 1064 1930 1094 Mosen
1961 1063 2083 1103 simpli-

1123 1106 1202 1136 citer
1236 1105 1275 1136 de
1308 1106 1505 1145 operimento
1532 1105 1630 1145 loqui:
1666 1116 1765 1145 quum
1795 1106 1874 1136 velit
1904 1106 1943 1136 ad
1974 1106 2082 1146 ipsum

1125 1148 1208 1178 verti
1235 1148 1330 1178 facies
1360 1147 1553 1185 Cherubim,
1584 1154 1615 1179 et
1645 1149 1810 1188 promittat
1833 1149 1922 1179 Deus
1952 1159 1985 1180 50
2009 1148 2083 1179 inde

1123 1201 1276 1230 responsa
1300 1190 1458 1221 daturum.
1516 1190 1640 1229 Quibus
1664 1190 1775 1231 elogiis
1798 1191 1965 1222 extollitur
1987 1201 2085 1231 supra

1124 1243 1242 1264 arcam.

1211 1276 1258 1306 18.
1284 1275 1397 1307 Facies
1409 1277 1488 1307 duos
1512 1275 1681 1307 Cherubim.
1707 1276 1756 1306 De
1776 1285 1853 1307 voce
1867 1276 1997 1308 Cherub
2017 1275 2084 1308 dixi

1124 1319 1157 1348 in
1182 1318 1327 1349 Genesin
1351 1323 1382 1349 et
1411 1318 1501 1356 alibi,
1532 1318 1674 1349 diversas
1701 1317 1830 1358 quidem
1856 1329 1925 1350 esse
1954 1324 2083 1350 senten-

1125 1362 1199 1391 tias:
1223 1361 1356 1401 propius
1370 1366 1477 1392 tamen
1499 1360 1538 1391 ad
1553 1371 1662 1392 verum
1682 1360 1765 1401 (meo
1785 1361 1914 1403 iudicio)
1933 1361 2084 1393 accedere

1125 1404 1179 1444 qui
1201 1410 1220 1436 2
1244 1414 1309 1434 non
1333 1404 1454 1435 faciunt
1477 1403 1628 1434 servilem
1651 1403 1791 1440 literam,
1816 1404 1870 1434 sed
1899 1403 2082 1442 radicalem,

1125 1452 1157 1478 et
1179 1447 1372 1487 generaliter
1400 1457 1457 1486 pro
1486 1447 1590 1486 figura
1623 1446 1762 1486 qualibet
1785 1447 1955 1486 accipiunt.
2000 1447 2083 1478 Nam

1125 1490 1179 1529 qui
1200 1496 1218 1521 Ξ
1238 1490 1353 1520 volunt
1374 1499 1442 1520 esse
1463 1494 1571 1519 notam
1590 1488 1818 1526 similitudinis,
1838 1492 1969 1520 vertunt
1993 1490 2084 1529 quasi

1125 1542 1269 1571 puerum,
1292 1531 1375 1572 quod
1401 1543 1456 1571 per
1479 1541 1512 1562 50
1536 1536 1679 1562 eoactum
1703 1536 1766 1562 est:
1791 1531 1906 1562 deinde
1924 1532 2084 1563 refellitur

1125 1574 1305 1605 Ezechielis
1328 1574 1434 1606 verbis
1455 1574 1583 1615 (Enoch.
1607 1575 1632 1611 1,
1654 1574 1693 1604 10
1711 1578 1741 1604 et
1761 1574 1809 1610 10,
1833 1574 1870 1615 l),
1894 1575 1946 1614 qui
1966 1575 2085 1606 formas

1126 1617 1228 1654 vituli,
1252 1617 1363 1654 leonis,
1387 1623 1418 1648 et
1436 1617 1570 1656 aquilae,
1590 1627 1652 1647 000
1673 1617 1780 1647 minus
1799 1621 1895 1648 vocat
1908 1616 2083 1648 Cherubim

1125 1670 1220 1700 quam
1260 1659 1400 1690 hominis
1440 1659 1586 1690 formam.
1648 1659 1731 1690 Mihi
1770 1659 1889 1690 sufficit
1926 1660 2084 1699 imagines

1124 1703 1223 1734 fuisse
1247 1703 1357 1740 alatas,
1381 1712 1461 1742 quae
1483 1702 1613 1742 angelos
1636 1702 1928 1741 repraesentabant.
1969 1701 2084 1742 Itaque

1126 1745 1232 1777 Moses
1262 1756 1361 1785 quum
1392 1745 1430 1776 de
1459 1745 1582 1785 angelis
1612 1745 1753 1784 loquitur
1775 1744 1828 1784 qui
1852 1745 1988 1784 appositi
2018 1745 2084 1776 fue-

1125 1793 1202 1819 runt
1225 1788 1388 1825 custodes,
1411 1787 1449 1818 ad
1474 1788 1637 1818 hominem
1661 1787 1699 1817 ab
1723 1797 1851 1818 accessu
1874 1787 2014 1826 paradisi
2037 1797 2085 1818 ar-

1125 1830 1271 1867 cendum,
1296 1841 1349 1861 eos
1372 1835 1464 1861 vocat
1484 1829 1676 1861 Cherubim:
1707 1840 1770 1860 nou
1801 1834 1865 1860 tam
1895 1829 1981 1860 illius
2004 1834 2084 1860 tem-

1125 1874 1211 1913 poris
1235 1879 1396 1913 respectu,
1427 1883 1522 1912 quam
1546 1879 1582 1903 ut
1604 1872 1757 1912 populum
1782 1872 1815 1902 in
1839 1872 1918 1911 legis
1942 1872 2086 1903 doctrina

1125 1917 1297 1947 contineat.
1322 1916 1356 1946 In
1377 1916 1501 1956 angelis
1525 1925 1599 1946 vero
1624 1914 1721 1952 Deus,
1745 1925 1800 1954 per
1819 1925 1895 1953 quos
1915 1915 2085 1954 imperium

1125 1970 1219 1990 suum
1238 1964 1373 1995 exercet,
1394 1963 1425 1989 et
1443 1958 1497 1998 qui
1517 1958 1658 1989 ministri
1670 1963 1746 1988 sunt-
1766 1957 1988 1988 beneficiorum
2008 1958 2085 1995 eius,

1125 2002 1307 2042 symbolum
1338 2001 1538 2041 praesentiae
1570 2011 1646 2031 suae
1675 2000 1794 2031 statuit.
1848 1999 1930 2029 Nam
1961 2001 2086 2039 quoties

1124 2055 1183 2084 per
1213 2044 1343 2084 angelos
1374 2055 1407 2075 se
1436 2043 1584 2084 patefecit
1612 2043 1701 2073 Deus
1738 2041 1899 2079 fidelibus,
1933 2042 2085 2081 quodam-

1125 2087 1219 2118 modo
1248 2097 1363 2117 manus
1392 2085 1431 2118 ad
1462 2097 1514 2117 eos
1538 2085 1691 2116 extendit.
1737 2085 1808 2116 Hac
1831 2084 1954 2115 ratione
1976 2084 2086 2115 David

1126 2136 1159 2161 et
1181 2130 1237 2160 alii
1260 2130 1444 2169 prophetae,
1467 2139 1529 2168 quo
1553 2138 1586 2159 se
1611 2128 1649 2158 ad
1673 2127 1824 2167 precandi
1846 2126 1995 2157 fiduciam
2016 2127 2085 2157 ani-

1126 2178 1224 2209 ment,
1243 2173 1370 2212 saepius
1389 2172 1500 2203 dicunt
1513 2171 1620 2201 Deum
1640 2170 1785 2201 habitare
1803 2170 1888 2200 inter
1908 2169 2085 2200 Cherubim

1125 2215 1223 2256 (Psal.
1247 2216 1297 2252 80,
1322 2215 1340 2245 ‘2
1364 2220 1394 2245 et
1418 2214 1467 2251 99,
1493 2214 1519 2244 1.
1554 2213 1615 2244 Isa.
1639 2213 1694 2250 37,
1727 2212 1790 2252 16):
1820 2222 1855 2243 ac
1884 2212 1909 2242 si
1933 2211 2084 2250 dicerent,

1126 2258 1209 2297 apud
1245 2258 1380 2288 Iudaeos
1412 2256 1612 2287 familiariter
1647 2255 1783 2291 versari,
1825 2254 1974 2294 quoniam
2015 2255 2084 2285 eius

1127 2301 1230 2331 virtus
1259 2301 1292 2330 in
1328 2299 1452 2340 angelis
1483 2309 1516 2329 50
1544 2302 1681 2329 exserat.
1734 2296 1828 2336 Quod
1858 2297 1997 2328 extentis
2025 2297 2085 2328 alis

1127 2344 1279 2383 tegebant
1301 2342 1489 2382 operculum
1513 2352 1620 2377 arcae,
1653 2351 1715 2371 non
1746 2340 1941 2379 interpretor
1964 2340 2085 2370 factum

1098 2415 1099 2418 ,
1126 2397 1195 2417 0550
1217 2385 1398 2417 occultandi
1422 2395 1526 2419 causa,
1550 2383 1604 2414 sed
1630 2388 1662 2413 ut
1682 2381 1968 2422 promptitudinem
1998 2381 2086 2413 obse-

118 2422 288 2454 mendatur
299 2425 376 2464 legis
392 2427 522 2463 utilitas,
539 2428 614 2467 quia
633 2428 796 2458 contineat
815 2427 969 2468 quidquid
983 2428 1072 2459 Deus
1098 2423 1099 2432 ¹

1126 2429 1190 2468 quii
1222 2432 1379 2459 notarent.
1432 2427 1587 2457 Extensio
1621 2425 1707 2455 enim
1738 2425 1861 2455 alarum
1893 2423 2085 2455 tantundem

1127 2471 1214 2502 valet
1236 2482 1272 2502 ae
1295 2471 1321 2501 si
1345 2470 1479 2501 accincti
1501 2469 1637 2498 fuissent
1660 2467 1698 2497 ad
1723 2466 1963 2506 exsequendum
1992 2466 2085 2506 quid-

1126 2514 1202 2553 quid
1226 2514 1316 2544 Deus
1340 2512 1531 2543 mandasset.
1577 2510 1653 2540 Ideo
1685 2520 1797 2540 versus
1827 2509 2084 2549 propitiatorium

1127 2556 1265 2596 dirigere
1295 2556 1392 2587 facies
1415 2564 1487 2585 suas
1511 2553 1678 2589 dicuntur,
1707 2551 1789 2591 quod
1813 2552 1931 2582 intenti
1954 2552 2020 2582 sint
2043 2552 2084 2583 ad

1126 2605 1241 2630 nutum
1266 2598 1336 2629 Dei.
1383 2598 1482 2627 Porro
1510 2595 1585 2635 quia
1614 2595 1645 2625 in
1668 2594 1799 2625 Christo
1829 2594 1952 2625 habitat
1984 2594 2088 2634 pleni-

1127 2641 1205 2673 tudo
1228 2640 1423 2677 divinitatis,
1458 2639 1571 2669 merito
1600 2637 1792 2678 pronunciat
1825 2647 1882 2668 suo
1916 2637 1948 2667 in
1983 2641 2088 2670 terras

1832 2686 1881 2712 26*
