2304 3034
147 194 208 226 ‘265

147 287 224 318 locis
248 288 287 319 ad
311 289 586 320 confirmationem
616 285 809 326 specialibus
838 285 1016 325 praeceptis
1050 294 1107 314 an-

148 331 306 369 nectitur,
341 331 517 362 doctrinam
547 328 730 371 generalem
762 338 849 359 nunc
879 338 919 357 ex
949 327 1009 358 hoc
1039 327 1107 357 loco

147 378 257 403 tenere
280 374 425 405 sufficiat.

471 541 535 572 EX
558 539 690 571 DEUT.
715 539 773 570 VI.

235 629 282 660 14.
308 627 378 658 Non
401 624 596 658 ambulabitis
612 627 684 662 post
706 624 775 655 deos
798 624 916 655 alienos
939 634 953 654 e
972 624 1035 654 (liis
1052 633 1107 661 po-

142 672 289 712 pulorum
311 670 365 709 qui
385 668 518 706 undique
540 667 653 697 circum
676 677 727 697 vos
748 669 834 697 sunt.-
879 666 927 697 15.
955 666 1106 705 Quoniam

148 715 237 747 Deus
262 713 367 744 zelotes
390 710 500 741 Iehova
524 709 611 740 Deus
638 711 709 739 tuus
741 710 772 740 in
795 709 892 739 medio
914 709 960 739 lui
982 711 1039 744 est,
1070 719 1106 738 ue

146 758 222 797 forte
243 757 397 787 irascatur
418 754 508 791 furor
531 751 660 782 Iehovae
672 751 734 782 Dei
757 753 803 783 tui
827 752 860 782 in
883 754 917 788 ie,
941 754 968 782 et
989 751 1107 790 disper—

146 801 198 832 dat
220 802 246 830 te
269 809 283 829 e
300 795 458 836 superficie
480 797 585 825 terrae.

231 883 279 913 14.
304 881 375 912 Non
407 878 613 910 ambulabitis.
669 879 741 910 Hoc
774 879 843 910 loco
876 883 963 910 vetat
997 879 1105 909 Moses

145 925 296 967 populum
328 934 345 954 a
375 923 511 962 simplici
535 921 598 952 Dei
628 921 717 952 cultu
739 921 924 956 deflectere,
957 921 1104 961 quamvis

145 970 220 1000 hinc
237 966 310 998 inde
329 970 498 996 versentur
521 965 560 995 ob
584 975 692 994 eorum
713 964 821 995 oculos
840 964 1103 1004 superstitionum

144 1010 300 1050 exempla.
325 1008 405 1039 Erat
429 1008 514 1037 enim
534 1007 612 1037 haec
631 1006 727 1038 valde
748 1008 845 1037 noxia
864 1007 1007 1043 tentatio,
1028 1017 1103 1037 nus—

144 1063 238 1094 quam
279 1051 411 1090 reperiri
446 1050 500 1089 qui
535 1049 615 1089 legis
649 1050 812 1080 doctrinae
847 1049 1103 1080 subscriberent:

144 1106 240 1137 quum
271 1094 353 1133 apud
385 1092 529 1133 singulas
558 1098 671 1131 gentes
700 1092 807 1132 aliqua
832 1092 955 1132 vigeret
984 1092 1104 1131 religio,

143 1144 197 1170 aut
219 1137 332 1168 saltem
357 1136 588 1166 nominaretur.
613 1134 775 1173 Quoniam
799 1145 874 1173 ergo
898 1135 979 1165 varii
999 1134 1104 1164 cultus

143 1180 273 1212 totidem
298 1184 404 1209 essent
428 1178 652 1209 distractiones
671 1189 688 1207 a
709 1183 795 1208 recta
816 1178 875 1212 via,
897 1187 1026 1208 neccsse
1045 1177 1104 1207 fuit

141 1222 282 1264 periculo
304 1227 430 1251 mature
454 1231 632 1258 occurrere,
651 1225 683 1250 et
702 1221 745 1250 ita
765 1220 909 1250 stabilire
933 1220 1028 1250 unius
1042 1219 1103 1250 Dei

141 1266 362 1299 autoritatem,
392 1271 425 1294 ut
455 1264 603 1304 gentium
631 1264 774 1293 omnium
809 1273 1001 1293 consensum
1033 1262 1101 1292 vili·

141 1308 280 1349 pendere
304 1306 415 1337 Iudaei
440 1306 606 1336 auderent.
652 1305 793 1336 Additur
817 1305 1037 1341 comminatio,
1069 1306 1101 1335 in

141 1355 291 1392 promptu
325 1350 391 1380 fore
423 1349 606 1385 vindictam,
641 1349 666 1379 si
701 1348 740 1378 ad
775 1349 1018 1388 superstitiones
1049 1347 1101 1378 de—

141 1395 294 1425 sciscant:
318 1392 469 1431 quoniam
482 1392 571 1422 Deus
590 1391 631 1421 sit
650 1391 776 1425 zelotes,
797 1398 828 1421 et
848 1391 933 1421 inter
952 1391 1037 1430 ipsos
1056 1400 1103 1420 re-

141 1437 252 1468 sideat.
298 1436 347 1466 De
377 1436 482 1474 priore
509 1443 587 1464 voce
617 1433 709 1473 plura
733 1434 877 1464 dicturus
900 1444 970 1464 sum
996 1434 1026 1463 in
1053 1444 1101 1463 se-

141 1479 280 1511 cundum
301 1484 516 1517 praeceptum.
562 1476 633 1507 Hoc
656 1477 780 1506 interea
804 1482 933 1506 teneant
958 1476 1101 1511 lectores,

140 1522 245 1553 Deum
277 1521 383 1551 vocari
412 1520 561 1557 zelotem,
595 1519 670 1558 quia
699 1519 820 1549 nullam
851 1518 1100 1549 aemulationem

140 1564 290 1599 admittit,
325 1573 405 1602 quae
439 1562 589 1592 detrahat
623 1563 689 1592 eius
713 1562 849 1601 gloriae,
882 1571 940 1591 nec
963 1562 1101 1592 sustinet

140 1607 262 1638 cultum
281 1606 340 1636 sibi
359 1606 414 1636 uni
433 1605 575 1636 debitum
595 1604 657 1635 alio
681 1605 858 1635 transferri.
883 1604 991 1642 Quum
1011 1615 1045 1635 se
1067 1605 1100 1634 in

140 1649 244 1680 medio
274 1648 380 1688 populi
411 1648 558 1678 habitare
589 1646 755 1683 admonet,
791 1647 908 1686 partim
939 1657 978 1677 ex
1010 1658 1101 1686 prae-

141 1693 223 1723 senti
247 1696 378 1730 aspectu
403 1697 559 1721 terrorem
582 1690 708 1726 incutit,
734 1690 849 1729 partim
879 1700 952 1719 vero
975 1690 1101 1729 oblique

140 1735 327 1774 perstringit
360 1744 470 1764 eorum
506 1731 790 1773 ingratitudinem,
827 1733 852 1763 si
883 1733 952 1772 ipso
980 1732 1101 1770 relicto,

140 1776 214 1808 deos
238 1776 296 1808 sibi
320 1786 337 1806 e
361 1776 535 1816 longinquo
558 1781 734 1806 accersant.

222 2031 250 2062 9.
279 2031 378 2070 Quam
401 2033 433 2061 ta
458 2032 613 2071 inyressus
634 2032 735 2070 feceris
758 2032 790 2061 in
812 2033 925 2061 terram
944 2041 1037 2070 qnam
1051 2032 1099 2061 Ie-

138 2073 213 2104 hova
235 2073 322 2104 Deus
345 2077 415 2103 tum
436 2074 488 2104 dat
507 2074 576 2113 tibi,
610 2084 646 2104 ne
668 2074 772 2104 discas
795 2074 835 2104 ad
856 2074 1032 2112 faciendum
1055 2084 1099 2104 se-

139 2116 269 2147 cundum
303 2117 543 2147 abominationes
573 2117 709 2156 flentium
745 2117 888 2147 istarum.-
944 2117 990 2147 10.

138 2200 183 2230 vel
203 2201 301 2238 filiam
323 2212 410 2231 suam
429 2212 489 2241 per
514 2202 624 2241 iynem,
658 2202 711 2240 ιμιιῖ
741 2202 856 2231 ‹ln-inst
883 2202 1097 2238 divinationes,

140 2253 247 2281 czuyur,
271 2254 385 2282 ina-qus,
410 2247 436 2274 et
461 2245 636 2281 incantator,

142 2329 193 2357 tur
225 2337 244 2356 a
276 2329 412 2359 mortuis.
467 2330 512 2359 12.

141 2411 237 2441 evellit
255 2422 303 2442 eos
327 2412 435 2443 Ielzova
458 2413 543 2445 Deus
567 2418 639 2445 teon-s
662 2426 680 2445 a
701 2415 780 2453 facie
799 2418 860 2445 tna.

229 2597 243 2655 [ῆι-ι

250 2603 255 2625 J
275 2597 309 2621 In
330 2599 462 2629 maryz'ne:
481 2599 511 2623 ad
532 2602 655 2625 verbnm.
675 2602 799 2626 Transire
820 2602 905 2626 saciat.

247 2632 256 2661 )
276 2631 361 2656 llud..-
380 2632 436 2662 Vel,
456 2633 551 2657 ariolus
570 2639 591 2659 et
611 2636 648 2660 sic
666 2644 768 2668 quoque
787 2645 808 2661 v.
830 2635 868 2660 14.

861 191 1044 223 PRIMUM
1069 190 1386 224 PRAECEPTUM.

681 2245 728 2275 11.
756 2244 910 2283 (solli-asans
933 2245 1098 2283 eolliglrttio-
1124 2259 1125 2278 t

141 2294 200 2320 nes,
225 2286 381 2316 consulens
406 2286 579 2326 Pythonem,
598 2290 777 2326 profflzostes
787 2287 820 2327 ¹¹).
844 2290 870 2317 et
893 2287 945 2325 qui
964 2287 1099 2318 <scisciac-
1124 2308 1125 2331 3

549 2330 745 2360 Almnz'natto
781 2330 859 2359 enim
894 2332 937 2360 est
972 2329 1125 2369 Icltovac}

141 2369 281 2407 quisquis
312 2370 386 2408 facit
419 2371 502 2407 hare,
537 2375 563 2402 et
591 2375 717 2410 propter
750 2371 989 2403 abominationes
1025 2373 1126 2404 istas,

909 2414 1101 2453 13.[Ηῖ1ῃ(’7“
1125 2430 1126 2454 j

143 2454 205 2483 eris·
223 2464 289 2483 cnm
314 2454 425 2485 Ielzova
447 2456 512 2487 Deo
535 2460 593 2488 tuo.
627 2458 674 2488 14.
701 2457 785 2487 Nam
805 2460 909 2497 yeittes
930 2458 1005 2487 istae
1023 2468 1101 2496 qaas
1125 2459 1127 2493 ἶ

1126 2512 1127 2515 ’
1152 2502 1236 2529 enin]
1262 2499 1380 2529 sciendi
1408 2498 1485 2527 ratio
1507 2503 1555 2527 est
1574 2496 1736 2531 >obt-ictas,
1762 2501 1795 2525 ut
1816 2495 1953 2525 sufficiat
1978 2505 2109 2535 cognos-

1126 2537 1222 2573 ¹cere
1257 2546 1410 2581 (piantutn
1446 2540 1583 2578 expedit.

1126 2628 1322 2666 ipenctrare
1363 2631 1523 2665 cusan-ent.

2058 194 2119 225 ‘366

1160 285 1192 313 tu
1215 283 1362 315 obtinebis
1380 287 1508 316 attentae
1529 289 1601 317 sunt
1617 287 1659 317 ad
1675 289 1860 326 proyriostas
1877 289 1905 317 et
1922 286 1963 317 ad
1981 286 2120 317 divinos.-

1159 327 1240 364 (μισεῖ
1262 328 1303 357 ad
1324 330 1358 364 te,
1383 338 1442 358 mm
1472 329 1515 358 ita
1541 329 1689 367 permisit
1718 329 1772 359 tibi
1796 328 1908 360 Iehova
1930 328 2018 360 Deus
2039 331 2119 360 tuus.

1245 410 1274 442 9.
1298 412 1396 451 Quum
1419 415 1450 443 tu
1475 413 1641 453 z'nyressus.
1687 413 1794 452 Quam
1818 414 1933 453 cupide
1956 413 2041 444 mala
2063 424 2119 444 ex·

1159 453 1265 491 empla
1288 456 1422 494 arripiat
1445 455 1621 486 humanum
1646 467 1764 496 genus,
1798 463 1830 487 et
1858 467 1953 496 quam
1977 456 2118 496 proclive

1134 515 1135 527 ι
1159 494 1200 524 sit
1218 495 1256 525 ad
1276 507 1385 527 eorum
1405 498 1627 535 imitationem,
1650 499 1847 538 experientia
1870 499 1942 538 plus
1961 499 2039 530 satis
2063 509 2118 529 no-

1161 542 1227 566 tum
1251 545 1306 574 est,
1331 541 1519 579 praesertim
1544 541 1597 580 qui
1622 542 1653 571 in
1674 542 1809 572 alienam
1835 546 1953 571 terram
1973 542 2117 578 veniunt,

1159 578 1249 610 facile
1273 590 1461 613 assuescunt
1486 584 1524 613 ad
1550 594 1652 614 mores
1676 588 1707 614 et
1730 584 1819 614 ritus.
1850 583 1942 614 Haec
1965 584 2046 614 ratio
2070 588 2118 614 est

1159 631 1215 651 cur
1239 622 1355 654 diserte
1382 625 1467 656 Deus
1491 636 1604 656 cavere
1627 626 1734 657 iubeat
1752 625 1916 657 Israelitas
1940 637 1979 656 ne
1997 632 2117 657 terram

1159 663 1316 696 Chanaan
1340 667 1486 706 ingressi,
1510 669 1681 708 quidquam
1705 668 1902 709 contagionis
1921 669 1960 699 ab
1980 669 2048 699 eius
2070 669 2118 699 in-

1158 706 1236 737 colis
1260 709 1459 740 contrahant.
1512 711 1683 741 Generalis
1717 711 1845 750 quidem
1880 716 1930 741 est
1958 711 2113 742 doctrina:

1158 748 1212 778 sed
1237 751 1376 788 periculo
1407 752 1489 791 quod
1520 754 1651 792 propius
1680 754 1835 792 instabat,
1864 764 2030 785 occurrere
2060 764 2116 785 ne-

1158 801 1245 822 cesse
1268 793 1335 824 fuit.
1382 794 1481 825 Porro
1505 795 1641 826 dilucide
1670 795 1729 827 hoc
1757 796 1825 827 loco
1853 797 1984 836 exponit
2008 797 2115 828 Moses

1158 834 1232 873 quid
1252 836 1294 865 sit
1321 836 1436 867 habere
1462 837 1536 868 deos
1559 838 1694 874 alienos,
1719 849 1834 879 nempe
1858 838 2009 878 profanas
2033 839 2115 869 mix-

1157 881 1246 907 turas
1275 878 1439 910 involvere
1462 891 1532 911 cum
1565 880 1624 911 Dei
1651 881 1755 911 cultu:
1785 881 1877 912 cuius
1909 882 2032 920 puritas
2055 881 2115 913 hac

1157 929 1220 949 una
1245 921 1366 951 ratione
1391 923 1560 959 asseritur,
1595 923 1647 953 ubi
1672 924 1831 954 facessunt
1855 934 1967 954 omnes
1991 924 2115 955 alienae

1157 963 1410 1001 superstitiones.
1453 964 1587 996 Summa
1611 966 1708 1005 igitur
1732 972 1788 1004 est,
1821 971 1853 996 ut
1877 965 2037 997 abstineat
2060 977 2116 1007 po-

1156 1004 1251 1043 pulus
1276 1005 1336 1036 Dei
1356 1007 1394 1036 ab
1418 1008 1565 1039 omnibns
1589 1008 1753 1039 hominum
1778 1009 1975 1045 commentis,
1999 1009 2116 1048 quibus

1157 1057 1236 1085 pura
1265 1055 1296 1078 et
1329 1056 1416 1080 casta
1440 1051 1551 1090 religio
1575 1050 1786 1082 adulterat-ur.
1832 1051 1914 1081 Nam
1938 1052 1970 1081 in
1998 1062 2116 1091 genere

1158 1089 1258 1119 voluit
1273 1090 1362 1122 Dens
1385 1102 1493 1123 arcere
1505 1093 1642 1124 cultores
1662 1104 1735 1124 suos
1755 1093 1793 1124 ab
1813 1094 1961 1124 omnibus
1980 1094 2115 1125 fallaciis

1156 1132 1271 1171 quibus
1296 1133 1335 1164 ab
1362 1134 1453 1165 initio
1473 1135 1575 1166 Satan
1595 1136 1712 1166 delusit
1730 1147 1765 1167 ac
1789 1137 1959 1166 fascinavit
1982 1137 2115 1167 miseros

1156 1174 1312 1207 homines.
1360 1176 1490 1216 Species
1521 1184 1626 1209 tamen
1658 1178 1811 1218 quasdam
1843 1184 2010 1209 enumerat
2034 1189 2115 1219 quae

1156 1228 1215 1247 usu
1240 1225 1270 1248 et
1294 1220 1524 1250 consuetudine
1544 1222 1646 1260 magis
1668 1222 1877 1251 invaluerant.
1909 1221 2032 1251 Verum
2052 1232 2114 1261 quo

1156 1262 1274 1292 certius
1297 1261 1388 1292 nobis
1419 1269 1524 1302 pateat
1548 1264 1608 1294 Dei
1640 1263 1824 1299 eonsilium,
1857 1269 1966 1294 tenere
1997 1274 2113 1295 conve-

1157 1303 1205 1334 nit
1237 1304 1311 1342 quid
1343 1304 1404 1344 ipsi
1436 1306 1465 1335 iu
1498 1305 1547 1336 his
1570 1317 1649 1345 quac
1673 1306 1802 1336 damnat
1826 1306 1913 1336 vitiis
1938 1306 2112 1346 displiceat.

1156 1345 1263 1384 Quum
1300 1347 1492 1378 naturaliter
1526 1348 1671 1379 homines
1705 1349 1785 1379 sciro
1813 1354 1980 1388 appetant,
2016 1350 2113 1380 etiam

1156 1389 1189 1418 iu
1213 1391 1445 1428 superstitiosis
1468 1391 1623 1430 cupiditas
1652 1402 1669 1421 a
1697 1390 1778 1421 bono
1801 1391 1958 1431 principio
1987 1402 2113 1431 semper

1156 1433 1315 1465 manavit.
1349 1438 1458 1472 utpote
1482 1444 1574 1472 quain
1603 1433 1691 1464 Deus
1715 1434 1854 1463 omnium
1880 1434 2041 1465 mentibus
2064 1434 2111 1464 in-

1157 1474 1244 1511 didit,
1269 1486 1368 1513 quum
1392 1486 1493 1515 genus
1518 1481 1659 1506 nostrum
1685 1487 1701 1506 a
1726 1476 1828 1506 brutis
1852 1476 2044 1507 animalibus
2068 1476 2113 1507 di-

1156 1518 1307 1549 stinctum
1333 1518 1437 1549 vellet.
1482 1519 1551 1549 Iam
1580 1523 1612 1549 et
1641 1519 1698 1549 hoc
1727 1518 1976 1557 reprehensione
1999 1519 2109 1556 caruit,

1155 1560 1238 1599 quod
1267 1559 1413 1591 homines
1442 1561 1643 1601 ignorantiae
1673 1572 1748 1591 suae
1778 1561 1898 1592 conscii
1930 1571 1995 1592 non
2018 1566 2111 1601 puta·

1156 1608 1233 1633 runt
1256 1603 1350 1633 aliam
1375 1603 1494 1634 sciendi
1521 1604 1603 1634 viam
1627 1604 1685 1634 sibi
1711 1603 1880 1634 tenendam
1905 1614 1990 1641 esse,
2014 1614 2110 1643 quam

1155 1652 1188 1676 ut
1214 1646 1319 1676 Deum
1354 1647 1566 1677 consulerent.
1613 1647 1710 1685 Atqui
1742 1646 1800 1676 hoc
1829 1656 1930 1676 unum
1961 1646 2111 1686 gentibus

1153 1689 1350 1728 propositum
1376 1689 1442 1725 fuit,
1463 1700 1560 1728 qutun
1586 1699 1694 1728 magos
1717 1694 1747 1719 et
1764 1688 1879 1719 ariolos
1897 1689 2109 1727 consulerent,

1153 1731 1318 1763 scientiam
1343 1742 1405 1771 qua
1428 1742 1461 1762 se
1485 1732 1614 1762 destitui
1639 1731 1804 1768 videbant,
1836 1741 1852 1761 e
1881 1731 1967 1762 coelo
1990 1736 2109 1770 petere.

1152 1774 1204 1805 Ita
1238 1773 1369 1804 dubium
1407 1784 1467 1804 non
1502 1779 1550 1805 est
1583 1775 1659 1813 quin
1689 1784 1722 1803 se
1752 1774 1784 1803 in
1819 1773 1959 1804 tenebris
1986 1773 2110 1805 demer-

1152 1827 1204 1847 sos
1227 1827 1295 1847 esse
1318 1817 1455 1847 confessi
1478 1817 1551 1852 sint,
1576 1822 1608 1847 et
1631 1817 1733 1847 lucem
1753 1815 1985 1855 intelligentiae
2004 1816 2111 1856 singu-

1152 1860 1216 1890 lare
1240 1870 1309 1890 esse
1336 1860 1394 1890 Dei
1419 1860 1616 1890 beneficium.
1668 1858 1763 1889 Unde
1786 1865 1815 1888 et
1841 1869 1956 1888 nomen
1988 1858 2111 1889 divina-

1153 1903 1263 1933 tionis:
1296 1902 1369 1941 quia
1400 1912 1588 1941 persuasum
1619 1901 1682 1931 illis
1711 1906 1778 1931 crat
1808 1911 1858 1931 res
1882 1911 2015 1932 arcanas
2045 1912 2109 1932 non

1151 1945 1376 1984 comprehendi
1397 1944 1537 1975 humano
1561 1950 1672 1983 captu,
1704 1943 1759 1973 sed
1787 1943 1869 1974 hanc
1893 1943 2108 1982 cognitionem

1124 2020 1126 2029 s
1150 1988 1252 2018 divini
1272 1997 1340 2017 esse
1359 1987 1538 2018 instinctus.
1572 1987 1693 2017 Verum
1713 1985 1761 2026 (nt
1779 1986 1843 2016 suis
1866 1986 2009 2017 artificiis
2028 1997 2109 2026 quae

1151 2041 1206 2070 per
1230 2042 1262 2061 se
1287 2037 1373 2060 recta
1403 2036 1478 2060 sunt
1501 2029 1644 2060 diabolus
1668 2028 1835 2069 pervertit)
1866 2028 1943 2058 haec
1975 2033 2109 2060 naturae

1123 2081 1125 2116 l
1151 2083 1231 2113 quae
1255 2072 1395 2103 diximus
1419 2073 1540 2103 semina
1572 2071 1694 2102 duobus
1727 2071 1812 2101 vitiis
1843 2076 1993 2110 corrupta
2016 2078 2107 2102 sunt:

1029 2117 1098 2146 Non
1123 2117 1125 2136 ⁵

139 2159 309 2188 invenietur
339 2160 372 2189 in.
401 2160 497 2189 medio
520 2160 565 2189 z‘az'
588 2160 642 2197 qui
665 2158 842 2197 traducai')
865 2159 968 2197 silium
996 2169 1096 2196 sumn,
1151 2163 1231 2189 esset
1264 2158 1425 2188 mentibus
1459 2157 1607 2196 obrepsit,
1642 2161 1673 2186 ct
1696 2156 1820 2186 illicitos
1844 2155 1957 2185 deinde
1986 2156 2108 2186 sciendi

1151 2201 1260 2231 modos
1291 2205 1469 2240 captarunt.

1150 2117 1224 2155 qnia
1254 2121 1285 2145 et
1316 2114 1486 2145 immodica
1518 2114 1674 2154 cupiditas
1697 2113 1769 2153 plus
1792 2113 1911 2144 sciendi
1935 2124 2028 2152 quam
2061 2114 2108 2144 fas

1516 2201 1564 2230 Ex
1596 2199 1645 2229 his
1675 2198 1832 2235 fontibus,
1868 2208 1981 2237 nempe
2010 2198 2109 2229 stulta

1151 2243 1343 2277 curiositate,
1368 2249 1399 2273 et
1418 2243 1512 2272 nimis
1539 2243 1700 2273 licentiosa
1724 2241 1912 2277 temeritate,
1938 2240 1988 2270 vel
2011 2240 2108 2271 auda-

1151 2287 1206 2321 cia,
1227 2286 1381 2325 profluxit
1404 2284 1556 2324 quithilid
1577 2284 1837 2324 superstitionum
1858 2289 1889 2313 et
1912 2294 2055 2313 errorum
2075 2284 2108 2314 iu

1153 2329 1270 2359 inundo
1299 2334 1479 2367 grassatum
1512 2328 1579 2357 suit.
1632 2326 1769 2365 Ideoque
1793 2325 1915 2356 duabus
1938 2325 1988 2355 his
2012 2326 2108 2364 pesti-

1152 2373 1210 2402 bus
1234 2371 1370 2401 occurrit
1396 2370 1484 2400 Deus
1509 2375 1593 2400 artes
1618 2370 1756 2408 magicas
1780 2367 1930 2401 vetando:
1965 2378 2046 2407 quae
2075 2369 2106 2400 in

1154 2416 1210 2445 lioe
1241 2424 1407 2453 perperam
1438 2413 1637 2449 excogitatae
1667 2415 1743 2441 sunt
1772 2416 1804 2439 ut
1840 2416 1991 2440 clarerent
2021 2412 2106 2441 etin

1152 2458 1254 2487 lucent
1275 2458 1452 2495 {aeterra-nt
1472 2466 1550 2494 quae
1565 2455 1630 2494 ipse
1646 2454 1745 2483 voluit
1758 2452 1951 2483 abscondita.
1978 2452 2109 2492 Optima

1639 2539 1741 2568 Altius
1776 2537 1848 2567 tulit
1878 2537 2024 2567 homines
2051 2549 2108 2569 sua

1498 2581 1747 2621 prot'utulissima
1798 2590 1941 2619 quaeque
1991 2591 2109 2611 areana

1152 2584 1266 2620 libido,
1328 2588 1363 2614 ut
1414 2584 1444 2612 in

1581 2624 1730 2654 Alterum
1772 2633 1847 2652 vero
1888 2622 1970 2661 quod
2007 2624 2107 2663 attigi,
