2304 3034
160 171 219 201 1:35

157 266 206 296 sit.
242 265 310 294 Iam
337 273 410 293 vero
434 267 466 292 ut
491 263 647 292 sciremus
671 261 881 300 conspicuum
906 261 1004 292 fuisse
1029 262 1122 293 mira-

157 308 279 343 culum⁷
314 305 589 336 circumstantiam
629 304 782 343 temporis
817 302 971 334 adscribit
1006 305 1120 336 Moses.

157 351 245 381 Dicit
268 348 355 378 enim
379 354 456 378 tun(-
480 347 525 377 ita
549 347 695 377 illuxisse
726 351 760 376 ut
785 346 881 386 plena
905 346 961 377 lux
986 358 1052 378 rem
1078 352 1123 378 to-

156 399 221 423 tam
251 390 432 422 ostenderet
461 390 677 429 spectantium
709 389 820 420 oculis.
868 389 969 420 Nocte
993 390 1122 430 quidem

156 438 361 466 coacervatae
386 432 513 463 fuerant
538 442 653 472 aquae,
678 431 734 463 sed
758 431 909 463 columna
932 432 1018 472 ignis
1041 443 1123 473 quae

155 476 293 517 fulgebat
317 475 403 514 apud
426 475 602 511 Israelitas,
637 475 764 514 illisque
789 475 874 505 viam
911 476 1120 514 monstrabat,

156 530 218 551 non
242 518 426 558 patiebatur
449 518 621 548 obscurum
655 528 724 548 esse
749 517 811 548 Dei
836 517 1036 549 beneficium.
1084 519 1121 550 In

157 560 325 601 Aegyptiis
351 560 478 591 diversa
501 560 565 591 fnit
590 560 683 591 ratio:
715 560 824 600 itaque
848 559 992 591 interdiu
1017 561 1122 600 perire

155 604 305 645 oportuit.
337 609 367 634 et
399 604 438 634 ab
470 604 538 643 ipso
573 603 639 634 sole
663 613 774 634 eorum
797 604 965 634 interitum
990 604 1122 643 produci

155 652 229 678 ante
267 646 387 677 oeulos.
442 646 512 676 Hoc
547 646 643 676 etiam
679 646 717 676 ad
754 646 937 677 testandam
970 646 1031 677 Dei
1066 658 1121 687 po—

155 690 288 721 tentiam
315 688 399 724 facit,
436 688 521 728 quod
545 689 620 720 dum
644 689 757 729 fugere
781 689 888 720 conati
911 696 1002 727 sunt,
1034 689 1122 722 Deus

155 734 237 773 ipsos
268 731 374 772 palam
399 731 544 771 impulit,
581 742 616 762 ac
646 732 671 762 si
696 731 771 762 data
801 743 897 772 opera⁷
920 743 953 762 se
977 732 1122 764 submer-

155 782 277 816 gerent.

238 818 287 848 ‘ER
313 817 354 848 Et
388 818 545 848 redeuntes
578 828 686 857 aquae.
745 817 807 848 Hic
841 828 964 857 quoque
1000 817 1122 849 duobus

156 861 301 892 versibus
346 861 548 900 persequitur
586 860 722 891 candem
768 861 964 891 senteutiam
1006 861 1122 893 Moses.

153 904 260 943 Quam
286 903 395 943 putide
420 903 597 934 Manethon
628 913 659 934 et
685 903 808 934 similes
834 903 871 934 dc
899 903 1009 943 populi
1033 904 1122 935 exitu

152 947 285 977 fabulati
309 947 389 981 51111,
425 957 464 976 ex
496 946 634 986 Iosepho
669 951 699 976 et
725 946 865 976 Eusebio
895 946 1004 985 liquet.
1051 947 1122 978 Etsi

151 996 259 1020 autem
283 1000 340 1029 per
364 999 475 1020 eorum
499 989 669 1020 mendacia
688 995 823 1020 conatus
846 994 893 1019 est
911 988 1011 1020 Satan
1032 994 1121 1021 tene-

152 1033 225 1063 bras
245 1032 397 1063 inducere
421 1042 530 1063 sacrae
556 1032 718 1068 historiae,
745 1038 810 1063 tam
834 1032 922 1063 fatua
946 1037 994 1063 est
1013 1037 1122 1063 tamen

151 1086 264 1106 eorum
288 1075 417 1106 vanitas
441 1080 477 1105 ut
497 1075 693 1106 refutatione
714 1086 776 1105 non
802 1074 955 1115 indigeat.
980 1075 1122 1115 Tempus

151 1119 256 1158 ipsum
286 1117 370 1158 quod
398 1117 583 1154 observant,
611 1118 688 1149 satis
716 1118 864 1158 coarguit
891 1129 1003 1148 eorum
1028 1119 1122 1150 insci-

152 1161 241 1192 tiam.
267 1160 392 1191 Verum
417 1161 538 1200 optime
564 1161 651 1191 Deus
678 1161 768 1192 nobis
792 1161 964 1199 consuluit,
989 1161 1123 1200 11111501·-

152 1215 230 1235 vum
252 1214 345 1235 suum
360 1203 474 1234 Mosen
495 1203 693 1234 liberationis
715 1205 909 1241 ministrnm,
932 1203 1031 1234 voluit
1047 1216 1123 1235 eun-

153 1246 224 1278 dem
246 1247 291 1277 rei
312 1254 421 1287 gestae
441 1257 509 1277 0550
530 1251 644 1277 testem
665 1252 696 1277 et
715 1257 918 1286 praeconem,
943 1252 973 1277 et
993 1247 1122 1287 quidem

153 1290 238 1330 apud
269 1300 321 1320 eos
345 1289 397 1328 qui
422 1289 521 1320 oculis
551 1289 619 1320 suis
642 1290 749 1320 omnia
774 1290 994 1329 inspexerant,
1014 1294 1045 1320 et
1069 1291 1122 1330 qui

153 1343 210 1373 pro
234 1343 291 1363 sna
314 1332 504 1372 pervicacia,
528 1343 627 1372 quum
652 1337 718 1363 tam
743 1343 876 1363 severus
900 1338 985 1364 esset
1009 1338 1122 1364 contra

153 1377 238 1415 ipsos
262 1386 384 1411 censor,
411 1385 576 1415 nunquam
602 1376 688 1415 passi
707 1380 813 1406 essent
833 1375 951 1406 falsum
970 1386 1027 1415 pro
1049 1387 1122 1407 vero

154 1420 283 1449 iactare.
314 1418 421 1456 Quum
448 1428 524 1458 ergo
550 1419 641 1449 firma
655 1419 681 1448 01
706 1423 738 1448 et.
761 1418 893 1449 indubia
918 1422 1045 1449 constet
1068 1429 1122 1450 au-

155 1462 277 1499 toritas,
301 1468 426 1491 tantum
447 1466 594 1492 notemus
614 1461 683 1492 eius
702 1462 882 1492 eonsilium.
931 1463 1033 1493 Sicuti
1065 1462 1123 1493 1100

154 1505 222 1535 loeo
247 1504 388 1534 breviter
420 1509 532 1534 narrat
562 1515 601 1535 cx
629 1505 753 1544 ingenti
776 1505 956 1535 Pharaonis
981 1505 1123 1535 exercitu

156 1558 220 1578 non
255 1547 353 1578 fuisse
388 1557 570 1586 quenquam
602 1547 783 1585 residuum,
817 1548 982 1579 Israessitas
1017 1554 1123 1579 autem

155 1600 266 1621 omnes
290 1590 329 1620 ad
354 1600 455 1620 unum
476 1590 643 1621 transiisse
663 1591 770 1621 salvos
789 1591 872 1622 sicco
893 1591 986 1630 pede:
1014 1591 1124 1622 baculo

157 1633 257 1664 Mosis
293 1643 393 1673 aquas
417 1638 567 1663 naturam
592 1642 751 1670 mutasse,
788 1640 823 1664 ut
853 1634 973 1665 solidae
1002 1638 1126 1665 starent

156 1685 307 1716 1111010110]
340 1675 438 1706 muri:
471 1675 583 1706 eodem
616 1676 727 1707 baculo
758 1677 855 1707 fuisse
887 1688 999 1708 rursus
1026 1677 1125 1716 lique-

157 1720 266 1756 11101115,
288 1725 320 1750 ut
342 1723 475 1758 repente
495 1718 669 1749 obruerent
698 1720 883 1760 Aegyptios.
930 1720 1021 1750 Haec
1042 1731 1126 1751 com-

157 1763 281 1803 paratio
314 1762 362 1801 pa'
368 1772 418 1791 am
448 1761 589 1792 ostendit
622 1762 681 1793 lioc
712 1762 904 1793 inusitatum
935 1763 1033 1793 fuisse
1064 1762 1127 1793 Dei

155 1816 244 1845 opus.
291 1804 372 1835 Nam
404 1804 486 1844 quod
514 1804 552 1834 110
579 1805 668 1835 fluxu
694 1811 726 1835 et
746 1806 872 1836 refluxu
892 1806 982 1837 sinus
1007 1806 1126 1836 arabici

158 1848 272 1888 nugati
296 1853 369 1877 sunt
395 1847 524 1887 quidam
552 1848 677 1886 profani
701 1849 885 1888 scriptores,
918 1860 973 1888 per
997 1862 1029 1879 51·
1054 1860 1126 1880 con-

157 1891 242 1923 cidit.
285 1890 398 1929 Itaque
426 1901 463 1920 ex
490 1891 711 1929 superioribus
732 1892 845 1922 merito
865 1891 997 1922 tandem
1021 1892 1127 1929 infert,

157 1933 324 1965 Israelitas
350 1932 466 1963 vidisse
492 1940 653 1972 potentem
678 1945 811 1964 manum
837 1935 914 1973 Dei,

155 1988 189 2008 se
210 1979 407 2008 exseruerat.

240 2019 289 2050 31.
315 2018 355 2049 Et
381 2019 456 2050 vidit
481 2019 591 2049 Israel.
638 2019 815 2059 Postquam
848 2019 929 2050 dixit
959 2020 1126 2051 Israelitas

158 2062 274 2094 vidisse
299 2067 400 2092 strata
428 2062 458 2092 in
480 2061 586 2091 littore
606 2062 781 2100 cadavera,
808 2063 868 2093 iam
891 2063 989 2101 addit,
1014 2064 1047 2093 iu
1072 2063 1125 2094 illo

157 2104 545 2153 s1netaeiilt›1pp11t11=se
562 2104 622 2135 Dei
644 2116 786 2143 manum,
808 2105 867 2136 1100
887 2111 935 2136 051
952 2107 1123 2137 virtutem:

157 2149 230 2188 quia
255 2147 383 2187 ewnitn
410 2147 538 2178 difficile
566 2159 627 2177 non
655 2158 689 2178 01·
692 2154 722 2179 at
751 2149 817 2179 11110
837 2153 867 2179 01
888 2150 1012 2188 pateini
1037 2160 1124 2180 amo-

159 2192 200 2222 ris
225 2190 530 2229 111*01111110,1]111)11
563 2195 627 2220 11111
658 2191 850 2222 miribiliter
880 2193 1123 2223 501135501110-

158 2234 272 2265 bellem
305 2233 432 2263 turbam
464 2239 493 2262 tt
530 2234 707 2264 exeleitum
740 2234 843 2265 modis
877 2234 1027 2266 omnibus
1062 2236 1122 2265 for-

158 2276 341 2307 midabilem
384 2276 481 2306 maris
523 2278 651 2316 gurgite
692 2277 879 2317 absorptum
921 2277 1122 2318 perdidisset.

158 2320 231 2350 Non
267 2319 322 2349 abs
358 2330 391 2349 re
426 2319 525 2358 igitur
558 2319 664 2350 Moses
699 2320 750 2351 1110
785 2319 914 2351 tandem
950 2321 1121 2358 concludit,

157 2363 361 2402 conspicuam
394 2361 493 2392 fuisse
525 2363 555 2392 in
588 2362 778 2393 liberatione
809 2364 918 2403 populi
953 2363 1121 2395 coelestem

157 2405 345 2445 potentiam.
392 2404 507 2435 Postea
532 2405 629 2441 addit,
655 2416 718 2436 non
741 2407 808 2436 sine
833 2407 937 2437 fructu
958 2406 1123 2437 Israelitas

160 2448 275 2479 vidisse
301 2447 360 2478 1)οὶ
386 2457 533 2478 manum:
564 2448 637 2487 quia
668 2459 741 2479 eum
772 2450 967 2485 timuerunt,
998 2449 1122 2489 ipsique

157 2490 358 2521 crediderunt
392 2497 421 2520 et
454 2490 537 2520 Mosi
570 2501 664 2521 servo
696 2492 772 2522 cius.
842 2492 955 2522 Timor
985 2492 1037 2523 hic
1064 2503 1122 2532 pro

159 2533 339 2564 reverentia
359 2533 484 2572 eapitur
504 2544 584 2573 qnae
604 2534 757 2573 populum
777 2535 937 2565 continuit
955 2535 989 2565 in
1008 2536 1121 2567 officio.

161 2576 271 2615 Neque
301 2576 386 2606 enim
423 2582 512 2606 metu
549 2576 653 2607 50111111
695 2578 773 2607 tacti
810 2585 904 2615 sunt,
933 2577 986 2608 sed
1023 2579 1121 2609 etiam

159 2619 286 2649 adducti
322 2626 357 2648 ut
391 2629 424 2648 50
459 2619 543 2656 Deo,
579 2620 669 2651 cuius
704 2620 880 2651 bonitatem
915 2620 1058 2652 suaviter
1091 2625 1123 2652 et

949 1945 1031 1975 quae
1062 1934 1127 1966 illie

738 166 1108 200 COMMENTARIUS
1134 168 1178 199 IN
1205 168 1351 200 EXODI
1374 168 1470 199 CAP.

1146 262 1149 296 l

1149 1520 1151 1538 ε
1177 1505 1274 1537 Utilis
1304 1505 1379 1536 hinc
1411 1505 1575 1544 colligitur
1605 1504 1768 1541 doctrina,

1495 167 1570 198 XV.
2085 170 2144 202 156

1176 262 1315 294 iucunde
1329 262 1456 302 experti
1477 262 1616 298 fuerant,
1638 261 1832 293 addicerent.
1865 263 1935 294 Etsi
1955 267 2061 295 autem
2079 274 2144 295 non

1175 306 1332 336 diuturna
1356 305 1416 335 t‘uit
1438 304 1518 336 haec
1542 305 1653 344 pietas,
1679 305 1794 336 saltem
1819 305 1852 335 in
1877 306 2018 337 maxima
2042 311 2142 346 parte,

1174 347 1326 379 credibile
1361 352 1471 378 tamen
1506 354 1555 378 est
1585 347 1617 377 in
1650 347 1758 386 paucis
1792 347 1984 387 quibusdam
2019 349 2143 381 radices

1174 391 1293 431 egisse:
1326 391 1399 430 qaia
1429 400 1556 430 semper
1587 389 1750 421 residuum
1779 390 1840 421 fuit
1870 391 1998 430 aliquod
2022 402 2142 429 semen,

1175 445 1234 465 000
1275 433 1358 473 apud
1398 444 1510 463 omnes
1545 433 1673 472 penitus
1707 433 1867 464 exstincta
1902 434 1961 464 fuit
1997 434 2144 466 beneficii

1175 477 1338 507 memoria.
1363 476 1472 506 Verbo
1485 475 1647 506 (Ji-edendi
1663 476 1868 516 praecipuam
1882 477 2005 508 timoris
2017 481 2142 516 partem

1176 520 1281 550 notari
1305 519 1471 554 existimo,
1497 531 1532 549 ac
1557 519 1737 557 expositive
1760 517 1905 549 additum
1930 520 2142 559 interpretor:

1175 574 1211 593 ac
1242 562 1268 593 si
1298 562 1419 592 dictum
1450 567 1548 597 esset,
1582 561 1738 592 reveritos
1770 561 1867 592 fuisse
1892 562 2014 593 Deum:
2046 562 2143 603 idque

1175 610 1327 636 testatum
1342 605 1461 640 fecisse,
1476 604 1549 643 quia
1562 603 1624 634 fide
1637 604 1779 644 amplexi
1792 605 1857 634 sint
1870 605 1938 636 eius
1951 604 2142 643 doctrinam,

1175 653 1207 678 et
1228 648 1309 679 Mosi
1334 647 1519 678 obedienter
1542 658 1575 677 se
1598 647 1802 678 subiecerint.
1839 647 1908 679 Hoc
1931 648 2047 679 affeetu
2071 658 2144 688 pas-

1174 691 1235 721 sim
1255 701 1367 721 omncs
1387 690 1484 721 fuisse
1504 688 1664 729 praeditos
1684 690 1894 730 interpretor:
1916 691 1990 730 quia
2002 691 2144 732 cognitio

1175 745 1291 764 manus
1315 733 1375 764 Dei
1402 732 1440 764 ad
1465 733 1654 772 obsequium
1678 743 1732 763 eos
1756 733 1861 771 flexit,
1896 739 1931 764 ut
1962 734 2065 774 magis
2094 744 2144 765 es-

1175 782 1244 807 sent
1274 776 1425 816 morigeri
1456 786 1491 807 ao
1523 775 1657 813 dociles,
1688 775 1782 806 etad
1813 775 2012 815 sequendum
2039 777 2144 807 Deum

1175 820 1278 859 magis
1298 819 1459 859 propensi.
1495 817 1561 850 Sed
1586 818 1637 850 1110
1656 819 1751 849 ardor
1775 818 1869 858 paulo
1893 824 1965 859 post
1983 820 2017 850 in
2030 819 2145 850 maiori

1176 868 1265 902 parte
1289 862 1439 900 evanuit,
1472 867 1507 892 ut
1539 861 1643 892 solent
1673 861 1834 901 praesenti
1865 867 1992 892 tantum
2024 862 2144 893 intuitu

1175 905 1268 936 affici.
1293 904 1486 944 Quanquam
1509 905 1630 935 retineo
1650 904 1733 944 quod
1756 915 1858 943 nuper
1877 904 1953 942 dixi,
1975 905 2006 935 in
2027 905 2144 946 exiguo

1175 948 1282 987 aliquo
1321 958 1455 978 numero
1491 947 1631 984 viguisse
1668 947 1728 977 Dei
1764 952 1886 978 metum
1919 958 2015 987 quem
2045 947 2145 979 semel

1175 1002 1214 1021 ex
1235 1001 1332 1021 sensu
1346 991 1470 1030 gratiae
1483 991 1553 1020 eius
1573 995 1797 1029 conceperant.
1835 990 1966 1021 Interea
1985 991 2145 1022 discamus

1175 1045 1214 1064 ex
1238 1034 1295 1065 hoe
1322 1033 1402 1069 1000,
1429 1043 1595 1072 nunquam
1619 1044 1693 1064 vere
1718 1039 1749 1063 et
1774 1034 1833 1063 rite
1856 1033 1916 1064 coli
1941 1033 2049 1064 Deum
2073 1034 2145 1066 abs-

1175 1087 1235 1116 que
1248 1076 1324 1107 fido:
1350 1077 1426 1116 quia.
1439 1075 1651 1107 incredulitas
1671 1086 1815 1107 crassum
1836 1076 1904 1107 eins
1924 1080 2145 1116 contemptum

1176 1119 1291 1159 prodit.
1335 1120 1381 1149 Ae
1401 1119 1612 1159 quantumvis
1634 1119 1754 1149 iactent
1773 1119 1961 1159 hypocritae
1980 1130 2013 1150 se
2033 1129 2145 1150 omnes

1176 1163 1298 1202 species
1329 1162 1487 1192 honorum
1512 1163 1543 1192 in
1564 1161 1673 1192 Deum
1697 1172 1886 1202 congerere,
1917 1162 2145 1202 gravissimam

1176 1211 1284 1236 tamen
1318 1205 1549 1236 contumeliam
1578 1205 1743 1244 irrogant,
1774 1204 1870 1235 fidem
1904 1207 1972 1236 eius
2006 1205 2144 1236 oraculis

1176 1248 1369 1288 abrogando.
1396 1248 1466 1278 Non
1492 1247 1548 1278 abs
1574 1259 1606 1278 re
1630 1254 1736 1278 autem
1761 1248 1967 1287 coniungitur
1990 1248 2060 1278 Deo
2074 1248 2145 1279 Mo-

1177 1302 1226 1322 ses
1250 1291 1304 1331 qai
1328 1291 1449 1321 electus
1474 1290 1579 1321 fuerat
1603 1291 1751 1321 minister
1778 1291 1816 1321 ad
1841 1290 2020 1330 regendum
2044 1301 2145 1331 popu-

1177 1334 1252 1364 lum.
1298 1334 1368 1364 Etsi
1393 1334 1478 1363 enim
1511 1333 1605 1364 claris
1629 1333 1730 1374 signis
1754 1344 1786 1364 50
1811 1333 1872 1364 Dei
1895 1334 2046 1365 maiestas
2072 1343 2145 1373 pro-

1176 1376 1305 1411 ferebat,
1329 1377 1452 1407 1110111115
1474 1383 1579 1407 tamen
1604 1384 1671 1407 erat
1689 1377 1802 1413 Moses,
1823 1387 1863 1407 ex
1882 1378 1972 1408 cuius
1991 1387 2045 1407 ore
2059 1376 2145 1407 vole-

1177 1420 1230 1451 bat
1249 1419 1339 1450 Deus
1366 1419 1463 1450 verba
1487 1430 1544 1450 sua
1571 1419 1684 1450 audiri.
1731 1419 1782 1450 Ita
1806 1430 1870 1450 non
1894 1419 2001 1459 potuit
2024 1418 2145 1459 despici

1177 1468 1309 1493 sanctus
1333 1463 1399 1500 vir,
1434 1462 1509 1502 quin
1537 1467 1745 1501 respueretur
1768 1463 1867 1502 ipsius
1891 1462 1953 1493 Dei
1978 1462 2144 1493 autoritas.

1803 1505 1927 1545 quotics
1963 1506 2053 1536 Deus
2088 1515 2145 1545 per

1179 1549 1326 1579 homines
1357 1548 1491 1578 ver-bum
1521 1559 1614 1578 snum
1645 1548 1737 1578 nobis
1768 1548 1928 1588 proponit,
1964 1558 2029 1579 non
2052 1557 2145 1579 secus

1178 1591 1354 1622 audiendos
1373 1601 1441 1621 0550
1462 1591 1514 1630 qui
1541 1591 1679 1621 fideliter
1703 1591 1855 1622 mandata
1879 1591 1947 1622 eius
1968 1591 2144 1639 perferunt,

1178 1645 1213 1666 110
1227 1635 1251 1665 51
1275 1634 1380 1673 palam
1405 1634 1471 1673 ipse
1485 1645 1500 1665 0
1520 1634 1607 1665 coelo
1627 1633 1842 1665 descenderet
1865 1634 1956 1665 Haeo
1976 1633 2146 1665 ministerii

1178 1677 1414 1709 commendatio
1444 1677 1523 1708 satis
1553 1687 1713 1725 superque
1744 1677 1853 1709 111-11010
1879 1678 1972 1708 debet
1995 1676 2035 1708 ad
2059 1677 2145 1708 refu-

1178 1719 1310 1751 tandam
1334 1730 1443 1750 eorum
1469 1730 1589 1751 1051111
1593 1731 1635 1750 101
1659 1720 1713 1759 qni
1738 1725 1907 1751 externam
1932 1720 2022 1751 verbi
2043 1730 2146 1768 'prae-

1179 1763 1371 1794 dicationem
1396 1773 1453 1802 pro
1478 1762 1577 1793 nihilo
1601 1762 1731 1794 ducunt.
1758 1763 1829 1795 Hoc
1853 1775 1887 1794 01
1889 1774 1929 1804 <ro
1949 1763 2146 1803 principium

1180 1811 1363 1845 teneamus,
1396 1816 1459 1835 non
1493 1805 1572 1835 alios
1596 1805 1724 1837 obedire
1750 1807 1819 1837 Deo
1843 1806 1905 1837 nisi
1929 1806 1982 1846 qui
2006 1805 2145 1846 prophe-

1179 1855 1227 1880 tas
1251 1849 1288 1879 ab
1313 1859 1349 1879 eo
1373 1848 1486 1879 missos
1511 1849 1683 1888 recipiunt:
1714 1850 1788 1889 qnia
1813 1850 1901 1880 nefas
1925 1854 1973 1880 est
1994 1858 2145 1888 separare

1178 1902 1258 1931 quae
1294 1891 1346 1922 ille
1383 1891 1560 1922 coniunxit.
1618 1891 1688 1923 Hoc
1719 1892 1804 1922 idem
1836 1892 1954 1923 clarius
1985 1891 2146 1932 expressit

1179 1935 1327 1965 Christus
1358 1933 1408 1965 his
1442 1935 1563 1965 1011115·;
1595 1935 1648 1982 qui
1681 1946 1736 1965 vos
1766 1935 1870 1973 audit,
1896 1945 1945 1965 me
1976 1935 2079 1966 audit:
2114 1939 2146 1964 et

1179 1977 1233 2018 qui
1259 1989 1312 2008 vos
1337 1977 1448 2014 reiicit,
1474 1988 1524 2007 me
1549 1976 1651 2007 reiicit
1673 1977 1765 2018 (Mat.
1793 1978 1841 2016 10,
1864 1977 1927 2019 40).
1971 1977 2144 2008 Caeterum

1178 2020 1260 2060 quod
1286 2031 1367 2059 papa
1391 2030 1463 2050 01101
1488 2019 1604 2050 foetido
1628 2031 1686 2051 5110
1710 2021 1793 2051 01010
1825 2004 1884 2052 11οο
1908 2020 1948 2051 ad
1971 2030 2005 2050 50
2034 2018 2143 2056 trahit,

1178 2063 1267 2103 quasi
1293 2062 1470 2093 audiendus
1501 2065 1543 2093 sit
1566 2062 1619 2093 ubi
1651 2063 1796 2093 obtendit
1820 2063 1881 2094 Dti
1906 2073 2036 2099 nomen,
2073 2061 2144 2101 plus

1177 2116 1271 2146 quam
1285 2105 1443 2136 insulsum
1464 2110 1520 2136 est.
1545 2106 1629 2136 Nam
1653 2106 1699 2146 (ut
1726 2106 1828 2137 multa
1847 2117 1928 2145 quae
1948 2106 1981 2136 10
2002 2105 2144 2136 medium

1176 2150 1292 2179 afferre
1317 2148 1427 2179 liceret
1451 2148 1586 2189 taccam)
1607 2155 1681 2179 ante
1700 2150 1808 2179 omnia
1828 2158 1956 2179 neccsse
1975 2148 2036 2179 erit
2055 2152 2091 2178 ut
2110 2157 2144 2179 se

1176 2191 1237 2222 Dei
1261 2202 1390 2222 servum
1412 2191 1539 2230 probet:
1571 2203 1588 2222 a
1608 2202 1670 2231 quo
1691 2192 1815 2222 utinam
1842 2203 1902 2221 non
1924 2192 1967 2221 ita
1987 2196 2070 2222 esset
2095 2201 2143 2222 re-

1176 2239 1290 2265 motus.
1338 2234 1449 2273 Neque
1481 2234 1567 2264 enim
1600 2235 1661 2264 alia
1693 2235 1818 2264 ratione
1850 2234 2001 2265 laudatur
2031 2233 2143 2274 populi

1175 2277 1355 2308 obedientia
1379 2277 1439 2307 nisi
1464 2275 1548 2316 quod
1575 2277 1642 2307 Deo
1674 2283 1705 2308 et
1729 2277 1923 2308 coniunctim
1948 2288 2042 2308 servo
2074 2277 2144 2308 01115

1173 2320 1319 2352 credidit.

1531 2489 1585 2520 CA
1595 2489 1680 2521 PUT
1708 2490 1782 2521 XV.

1262 2576 1287 2606 1.
1317 2576 1344 2606 T
1343 2586 1401 2606 unc
1424 2575 1529 2605 cecinit
1548 2575 1651 2605 Illoses
1675 2578 1701 2605 et
1717 2576 1780 2614 tilii
1794 2576 1896 2607 Israel
1918 2576 2071 2607 canticum
2089 2576 2143 2608 hoc

1175 2618 1312 2654 Ieltovae,
1346 2621 1372 2649 et
1405 2618 1566 2649 dixerunt:
1603 2618 1737 2649 Cantaba
1772 2618 1908 2655 Iehovae,
1943 2619 2089 2658 quoniam
2111 2629 2142 2650 se
