2304 3034
131 188 192 220 517

131 292 216 321 rege,
239 280 301 310 alia
323 289 341 309 a
363 277 525 310 sacerdote
547 275 678 306 victima
701 274 858 314 exigitur,
883 274 946 304 alia
969 284 1045 305 vero
1069 285 1087 305 a

131 324 278 364 privatis,
301 322 355 353 ubi
378 321 454 352 item
477 328 654 359 pauperum
678 316 816 347 habetur
838 317 930 354 ratio,
953 327 994 347 ne
1016 317 1087 356 pari

131 371 262 405 sumptu
296 367 471 405 graventur
503 372 562 401 quo
596 359 722 390 divites.
780 358 902 390 Verum
938 359 1014 398 quia
1046 370 1086 389 ex

131 411 284 441 contextu
307 406 426 447 patebit
449 414 513 435 non
535 412 644 434 omnes
667 401 868 440 ignorantiae
890 402 1012 441 species
1035 401 1086 433 hic

130 449 366 490 comprehendi,
384 445 555 479 videndum
574 449 622 475 est
638 443 713 483 quid
734 443 839 474 valeat
858 453 974 474 nomen
995 451 1085 481 Πλλῐό,

131 492 214 533 quod
237 501 375 523 errorem
398 489 502 530 potius
531 496 625 526 quam
657 486 875 526 ignorantiam
909 487 1085 517 transferre

130 535 266 575 placuit:
290 534 364 573 quia
386 542 449 563 non
473 540 509 561 ea
531 529 645 560 delicta
667 528 820 568 intelligit
839 529 945 559 Moses
968 529 1084 568 quibus

130 578 341 617 illaqueamur
374 573 495 613 decepti
524 572 627 611 specie
656 570 750 608 recti,
782 576 818 601 ut
848 577 997 610 putemus
1028 582 1085 602 nos

130 630 199 651 esse
228 624 319 650 extra
349 617 490 656 culpam:
520 614 574 645 sed
605 624 686 653 quae
716 623 781 643 non
810 613 1025 644 observantur
1048 618 1084 644 ut

130 663 272 694 animum
301 662 460 700 pungant:
491 662 546 688 aut
573 657 680 695 lapsus
704 655 840 693 subitos,
870 655 946 686 dum
977 656 1083 687 carnis

129 704 300 735 infirmitas
322 702 476 732 rationem
500 704 532 730 et
554 699 707 729 iudicium
731 699 775 728 ita
798 699 934 730 suffocat
957 704 993 729 ut
1016 709 1083 730 cae-

129 747 228 778 cutiat
261 749 413 785 peccator.
465 741 516 772 De
550 742 610 772 hoo
640 751 758 782 genere
786 740 929 780 loquitur
957 741 1082 772 Paulus

127 788 213 830 (Gal.
245 788 271 824 6,
303 786 342 828 1),
374 786 447 816 dum
476 785 564 815 iubet
591 785 624 814 in
655 783 770 823 spiritu
792 783 935 814 lenitatis
965 784 1081 824 corrigi

129 832 273 862 homines
295 829 348 869 qui
370 827 591 868 praeoccupati
615 826 734 857 fuerint
757 825 789 855 in
812 826 918 865 aliquo
949 826 1080 858 delicto:

127 874 201 913 quia
222 883 283 903 non
306 881 359 902 eos
381 869 532 910 intelligit
553 869 608 909 qui
638 869 720 899 bona
742 867 851 909 (quam
888 869 1014 910 vocant)
1037 870 1083 900 in-

127 916 267 947 tentione
298 913 469 949 falluntur,
503 912 553 943 vel
589 911 689 942 stulta
717 912 823 950 potius
846 911 1015 950 opinione,
1047 918 1083 943 ut

126 959 185 989 sibi
198 957 279 988 male
296 955 413 988 conscii
432 965 495 985 non
515 955 596 985 sint:
619 953 674 985 sed
695 954 748 993 qui
767 954 874 985 carnis
894 955 1081 985 infirmitate

126 1001 290 1036 labuntur,
320 1004 351 1029 et
379 1008 457 1038 quos
486 997 587 1028 Satan
617 997 683 1028 suis
712 996 837 1027 insidiis
868 996 1082 1036 deprehendit

124 1044 277 1080 incautos,
300 1040 352 1071 vel
374 1044 459 1072 certe
478 1050 543 1070 non
563 1038 831 1070 animadvertunt
849 1049 908 1069 sua
927 1039 1021 1075 mala,
1046 1045 1082 1070 ut

124 1085 231 1116 statim
254 1083 425 1114 adhibeant
447 1082 633 1113 remedium.
680 1081 716 1111 Id
741 1081 858 1112 clarius
887 1083 1081 1121 perspicitur

123 1139 162 1159 ex
186 1126 388 1158 distinctione
411 1136 491 1164 quae
514 1125 645 1164 ponitur
666 1124 784 1154 Psalm.
811 1124 859 1155 19.
884 1125 937 1155 ubi
962 1124 1079 1163 David,

121 1174 286 1210 postquam
310 1179 453 1199 errorum
484 1168 611 1198 veniam
646 1166 836 1206 deprecatus
860 1172 923 1205 est,
959 1168 1039 1207 petit
1062 1179 1080 1199 a

119 1211 275 1252 superbiis
305 1211 430 1251 integer
460 1210 591 1241 servari.
639 1209 820 1240 Antithesis
848 1209 933 1240 inter
963 1216 1079 1243 mxv-W

120 1260 152 1285 et
173 1260 238 1286 [π’-εἲ
261 1253 399 1284 ostendit
421 1264 545 1284 errores
564 1252 671 1283 vocari
696 1251 812 1283 delicta
835 1252 996 1291 quaelibet
1013 1254 1079 1293 qui-

119 1297 178 1329 bus
208 1296 295 1327 nulla
323 1295 432 1327 subest
465 1295 621 1330 scelerata
653 1299 765 1325 contra
789 1295 895 1325 Deum
919 1297 1077 1336 superbia.

120 1339 214 1378 Quod
237 1339 329 1370 dicit:
356 1338 390 1370 Si
420 1339 527 1369 anima
550 1337 730 1378 peccaverit
753 1337 792 1368 ab
815 1338 963 1369 omnibus
986 1349 1078 1378 prae-

120 1382 233 1422 ceptis,
267 1381 347 1412 dura
380 1385 428 1412 est
458 1381 615 1420 loquutio:
650 1384 745 1419 atque
773 1380 844 1411 ideo
875 1381 914 1411 ad
949 1388 1080 1421 peccata

120 1424 300 1456 omissionis
325 1424 452 1464 quidam
477 1424 629 1455 referunt.
675 1423 746 1462 Ego
769 1428 877 1454 autem
901 1423 1078 1463 simplicius

120 1467 328 1507 interpretor:
360 1466 394 1498 Si
425 1466 605 1506 peccaverit
636 1465 826 1497 declinando
850 1477 868 1496 a
891 1468 1078 1507 praeceptis,

121 1509 172 1541 vel
194 1510 221 1540 si
243 1509 317 1549 quid
341 1509 480 1540 alienum
504 1520 522 1539 a
546 1508 723 1549 praeceptis
746 1509 949 1540 commiserit.

204 1552 232 1583 3.
269 1551 303 1583 Si
334 1552 476 1583 sacerdos
507 1554 623 1583 unctus.
680 1551 776 1581 Nunc
807 1551 960 1582 discernit
993 1552 1079 1583 inter

122 1604 285 1635 personas:
312 1599 343 1625 et
370 1595 483 1634 incipit
506 1606 523 1625 a
553 1604 679 1625 summo
710 1594 873 1632 pontifice,
908 1595 961 1634 qui
991 1595 1078 1626 solus

122 1637 324 1677 praecipuum
347 1638 475 1677 insigne
498 1647 606 1668 sacrae
630 1637 792 1668 unctionis
822 1638 984 1677 gestabat,
1016 1638 1078 1668 nisi

123 1679 162 1711 de
184 1685 249 1710 toto
272 1680 382 1710 ordine
411 1680 567 1720 palmario
597 1690 724 1710 sumere
754 1679 860 1710 libeat.
905 1679 1077 1711 Probabile

123 1728 228 1753 tamen
258 1728 322 1759 est,
352 1722 390 1753 ad
422 1733 521 1753 unum
552 1722 713 1762 restringi.
760 1721 832 1760 Quo
861 1724 1078 1762 praestantior

122 1769 192 1796 erat
214 1765 281 1796 eius
303 1765 452 1805 dignitas,
477 1776 513 1796 eo
538 1765 658 1795 maiore
681 1763 785 1795 studio
809 1766 982 1804 composita
1007 1776 1076 1797 csse

122 1805 230 1838 debuit
262 1808 330 1839 eius
364 1808 430 1838 vita
463 1807 503 1839 ad
537 1807 722 1847 exemplum
757 1808 943 1839 sanctitatis.
996 1808 1076 1839 Erat

122 1850 227 1890 imago
250 1849 380 1887 Christi,
404 1856 436 1881 et
459 1850 538 1891 legis
558 1850 621 1880 Dei
644 1850 817 1889 interpres:
842 1861 918 1890 ergo
941 1861 1023 1890 quae
1042 1852 1075 1881 in

122 1892 192 1923 aliis
214 1893 386 1924 tolerabilis
404 1893 517 1924 fuisset
540 1893 722 1929 infirmitas,
746 1893 878 1932 gravius
897 1893 929 1923 in
950 1903 987 1924 eo
1006 1898 1077 1924 erat

123 1934 388 1974 reprehensibilis.
433 1936 523 1967 Haec
554 1936 636 1966 ratio
666 1941 714 1966 est
744 1945 801 1966 cur
828 1936 948 1966 maiore
970 1936 1077 1967 hostia

122 1977 224 2016 ipsum
258 1977 350 2009 litare
383 1979 569 2018 oportuerit.
622 1978 797 2009 Caeterum
830 1978 862 2008 id
897 1978 1003 2018 aliqua
1035 1990 1075 2010 ex

119 2024 210 2059 parte
233 2021 389 2060 pertinuit
411 2021 451 2052 ad
474 2031 585 2052 omnes
608 2020 758 2057 Levitas,
793 2025 952 2060 quatenus
983 2021 1075 2053 electi

118 2062 246 2093 fuerant
273 2063 306 2093 in
336 2073 460 2095 sacrum
490 2063 645 2095 ordinem.
691 2063 734 2094 Et
764 2062 859 2094 hodie
888 2064 1076 2095 extenditur

120 2103 159 2134 ad
187 2115 296 2137 omnes
326 2106 475 2138 ecclesiae
512 2106 679 2137 ministros
709 2116 744 2137 ac
773 2112 916 2145 pastores
946 2117 1010 2137 non
1041 2113 1076 2138 ut

121 2147 211 2178 vituli
239 2148 454 2180 immolatione
485 2159 518 2180 se
548 2148 726 2185 redimant,
759 2148 814 2179 sed
844 2154 879 2179 ut
909 2149 970 2180 sibi
1004 2149 1075 2180 dili-

121 2190 247 2228 gentius
279 2196 412 2222 caveant
444 2192 482 2223 ab
511 2191 599 2222 omni
631 2195 774 2231 peceato,
802 2196 834 2222 et
864 2191 902 2222 ad
933 2192 1074 2222 studium

122 2232 247 2270 pietatis
274 2235 375 2274 magis
404 2234 467 2265 sint
497 2234 624 2265 intenti.
670 2234 852 2271 Particula,
887 2233 1073 2265 Secundum

122 2273 270 2305 delictum
304 2277 425 2316 populi,
457 2282 562 2316 potest
595 2276 693 2307 ctiam
717 2276 817 2307 verti:
849 2276 889 2307 ad
910 2277 1073 2315 delictum,

121 2316 210 2354 quasi
232 2316 347 2349 diceret
369 2319 489 2356 Moses,
513 2318 710 2350 sacerdotem
734 2319 895 2358 peccando
918 2321 1073 2359 populum

122 2358 204 2388 malo
236 2361 378 2400 exemplo
413 2372 624 2401 corrumpere.
678 2361 841 2400 Quoniam
875 2362 969 2393 sicuti
1005 2363 1073 2393 vita

122 2400 191 2431 eius
213 2402 323 2441 regula
345 2408 393 2435 est
414 2405 462 2444 pie
485 2404 631 2444 iusteque
653 2404 793 2442 vivendi,
816 2405 860 2435 ita
885 2405 962 2435 vitia
983 2416 1072 2436 occa-

124 2443 243 2473 sionem
273 2446 400 2476 errandi
427 2447 497 2477 aliis
531 2447 693 2486 praebent.
748 2447 932 2487 Simplicior
966 2454 1071 2478 tamen

123 2490 171 2515 est
193 2496 303 2517 sensus
326 2498 417 2527 quem
446 2494 596 2528 sequutus
626 2499 713 2520 sum:
744 2490 892 2529 quamvis
922 2490 1072 2521 delictum

121 2527 294 2574 sacerdotis
317 2530 446 2570 vulgare
466 2531 515 2567 sit,
539 2533 684 2563 muneris
706 2537 814 2563 tamen
834 2540 980 2572 respectu
1000 2543 1072 2573 gra-

124 2580 195 2600 vms
214 2581 282 2601 esse
304 2577 335 2601 et
357 2573 525 2604 obnoxium
545 2575 657 2605 maiori
683 2586 814 2615 poenae.

208 2612 236 2643 5.
261 2614 452 2655 Accipietquc
473 2617 610 2648 sacerdos
631 2621 748 2649 unctus.
784 2617 878 2657 Quod
903 2617 941 2649 de
965 2628 1073 2658 asper-

823 180 1075 213 SECUNDUM
1098 181 1415 215 PRAEOEPTUM.

2036 186 2098 218 518

1140 276 1229 306 sione
1252 277 1418 316 sanguinis
1442 275 1492 307 vel
1515 276 1670 307 effusione
1695 277 1745 307 hic
1769 278 1917 315 traditur,
1942 279 1980 309 de
2004 280 2098 320 adipe

1138 319 1233 349 etiam
1257 323 1289 349 et
1308 319 1439 350 renibus
1458 318 1632 356 adolendis,
1656 329 1824 350 commune
1843 321 1914 352 aliis
1933 323 2098 354 sacrifieiis

1138 371 1207 391 esse
1229 361 1308 392 satis
1336 365 1449 392 notum
1477 366 1534 392 est.
1579 361 1624 392 Et
1652 362 1828 392 similitudo
1858 374 1939 402 quae
1967 364 2098 395 additur

1138 413 1222 434 nono
1245 413 1354 441 versu,
1385 404 1462 435 satis
1491 403 1631 434 ostendit
1653 404 1786 434 eandem
1811 405 1945 436 formam
1969 407 2001 437 in
2026 407 2098 439 aliis

1136 446 1237 476 fuisse
1276 450 1447 477 servatam.
1503 446 1625 476 Verum
1666 446 1741 486 quia
1780 447 1953 479 absurdum
1995 449 2097 481 videri

1137 492 1271 527 poterat,
1297 488 1493 520 sacerdotem
1517 489 1570 528 qui
1596 499 1668 520 reus
1691 497 1768 526 crat,
1793 500 1899 521 coram
1914 491 1981 522 Deo
2001 493 2096 531 prod-

1137 532 1183 561 ire
1207 530 1246 561 ad
1270 531 1433 562 obeundas
1462 531 1730 563 reconciliationis
1753 538 1877 571 parteS‚
1910 538 1945 564 ut
1968 534 2095 565 dubita-

1137 574 1215 604 tioni
1246 574 1371 604 obviam
1402 574 1518 611 iretur,
1549 573 1735 613 diligentius
1765 575 1893 615 singula
1923 577 2096 615 praescribi

1136 616 1285 655 oport-uit.
1319 615 1475 654 Quamvis
1494 627 1571 656 ergo
1590 616 1744 657 indignus
1763 621 1848 648 esset
1866 628 2003 657 accessu,
2021 620 2096 659 quia

1136 664 1245 688 tamen
1269 658 1462 689 inviolabilis
1480 665 1550 689 erat
1567 659 1620 690 lex
1639 660 1816 697 sacerdotii,
1838 660 1876 690 ad
1896 660 2095 693 functionem

1135 711 1225 731 suam
1250 700 1444 731 admittitur:
1470 712 1571 740 neque
1601 701 1686 732 enim
1710 702 1757 733 fas
1784 708 1853 733 erat
1882 703 1991 742 plures
2020 714 2094 735 con-

1135 743 1226 774 stitui
1250 743 1449 774 mediatores.
1485 744 1573 784 Ergo
1593 749 1628 774 ut
1647 744 1719 783 plus
1738 745 1939 776 reverentiae
1962 746 2095 778 haberet

1133 785 1246 826 legalis
1280 786 1378 821 ritus,
1420 796 1478 817 nec
1512 787 1610 817 alium
1653 788 1921 818 reconciliationis
1962 789 2093 820 modum

1133 833 1326 868 quaererent
1355 827 1517 865 homines,
1548 829 1685 869 gratiam
1709 841 1800 861 suam
1830 831 1982 870 praetulit
2006 832 2094 862 Deus

1134 870 1307 902 sacerdotis
1320 870 1440 910 culpae.
1477 870 1617 911 Sparsus
1636 877 1744 902 autem
1763 872 1825 903 fuit
1843 874 1976 913 sanguis
1988 885 2094 905 coram

1134 914 1271 949 Iehova,
1308 918 1343 943 ut
1372 913 1510 944 disceret
1541 914 1676 954 populus
1706 915 1934 947 immolationis
1962 922 2094 956 aspectu

1134 957 1199 996 tegi
1226 966 1261 986 ac
1284 955 1412 995 sepeliri
1435 961 1579 995 peccata,
1611 967 1650 987 ne
1673 957 1706 987 in
1730 959 1919 988 memoriam
1943 961 2094 990 venirent

1134 1009 1242 1030 coram
1255 997 1340 1029 Deo:
1364 998 1505 1037 reliquus
1524 1004 1631 1029 autem
1651 1001 1783 1039 sanguis
1802 1005 1850 1031 est
1874 1001 1962 1032 fusus
1986 1012 2094 1033 coram

1134 1041 1239 1078 altari,
1264 1042 1339 1080 quia
1361 1051 1451 1071 sacer
1469 1046 1547 1077 erat,
1572 1041 1704 1081 ideoque
1722 1043 1854 1073 minime
1874 1043 2004 1074 decebat
2023 1050 2094 1075 tan-

1134 1094 1229 1124 quam
1252 1084 1421 1123 profanum
1446 1083 1506 1113 alio
1530 1084 1649 1123 proiici.

1221 1126 1268 1157 13.
1302 1126 1387 1165 Quod
1418 1126 1447 1157 si
1475 1128 1536 1157 tota
1564 1136 1726 1167 synayogya.
1772 1126 1862 1158 Idem
1898 1128 2093 1160 sacrificium

1133 1168 1218 1209 quod
1252 1168 1409 1200 sacerdoti
1442 1168 1621 1199 iniunctum
1651 1170 1709 1199 fuit
1740 1180 1758 1200 a
1788 1170 1903 1209 populo
1934 1171 2092 1211 exigitur:

1132 1212 1209 1252 quia
1238 1216 1341 1242 totum
1365 1221 1479 1250 corpus
1503 1212 1762 1251 repraesentabat
1791 1213 1845 1251 qui
1869 1214 2012 1244 omnium
2037 1225 2092 1245 no-

1132 1255 1221 1285 mine
1251 1253 1495 1293 ingrediebatur
1528 1255 1747 1285 sanctuarium
1778 1260 1814 1285 ut
1847 1266 1957 1287 omnes
1991 1257 2093 1288 tribus

1132 1307 1240 1328 eoram
1264 1297 1333 1327 Deo
1357 1297 1492 1327 sisteret.
1527 1296 1666 1327 Videtur
1689 1297 1817 1336 quidem
1840 1297 1919 1328 haec
1940 1299 2093 1338 ignoran-

1132 1341 1195 1370 tiae
1213 1339 1334 1380 species
1353 1339 1481 1370 diversa
1499 1349 1517 1369 a
1535 1340 1698 1378 superiore
1722 1341 1840 1370 notari:
1866 1341 1940 1380 quia
1958 1341 2091 1372 dicitur:

1132 1383 1306 1414 Peccatum
1331 1382 1357 1412 si
1380 1382 1518 1412 latuerit.
1565 1381 1636 1422 Ego
1660 1388 1767 1412 tamen
1795 1383 1932 1414 arbitror
1955 1383 2093 1415 infirmi-

1132 1430 1214 1456 tates
1239 1423 1463 1464 comprehendi
1488 1423 1527 1455 ad
1551 1435 1628 1464 quas
1651 1435 1743 1464 saepe
1767 1426 1927 1465 contingit
1946 1425 2092 1457 homines

1132 1467 1171 1498 ad
1195 1473 1322 1507 teinpus
1346 1468 1514 1498 caecutire.
1561 1467 1655 1506 Quod
1684 1469 1766 1498 enim
1791 1469 1856 1498 suis
1887 1469 1974 1499 vitiis
1998 1470 2091 1500 multi

1130 1510 1346 1547 obdormiunt⁷
1365 1509 1436 1540 ideo
1455 1511 1491 1540 fit
1510 1510 1584 1549 quia
1604 1521 1667 1541 non
1687 1510 1882 1541 descendunt
1896 1511 1928 1540 in
1945 1522 1978 1542 se
1992 1512 2090 1552 ipsos:

1131 1564 1206 1584 nam
1235 1553 1261 1583 si
1291 1553 1388 1592 probe
1418 1553 1646 1583 examinarent
1675 1564 1732 1583 sua
1765 1553 1865 1589 facta,
1900 1554 2008 1584 statim
2037 1565 2090 1585 eos

1131 1596 1327 1627 conscientia
1350 1601 1516 1635 pungeret.
1564 1596 1673 1626 Potest
1700 1596 1801 1635 igitur
1830 1596 1898 1626 fieri
1929 1602 1965 1626 ut
1988 1602 2090 1628 totum

1131 1638 1284 1678 populum
1309 1638 1410 1678 fugiat
1433 1638 1554 1677 peccati
1584 1639 1735 1678 cognitio,
1769 1638 1843 1669 dum
1868 1638 1926 1669 sibi
1952 1640 2088 1670 nimium

1129 1681 1277 1721 indulget
1304 1690 1340 1711 ac
1371 1680 1541 1711 blanditur.
1589 1680 1710 1711 Sensus
1738 1692 1813 1721 ergo
1841 1686 1904 1711 est:
1929 1680 2088 1719 Quamvis

1130 1724 1238 1755 nullus
1262 1723 1337 1753 mali
1363 1734 1475 1754 sensus
1498 1723 1537 1753 ab
1561 1723 1652 1754 initio
1684 1734 1736 1754 eos
1767 1723 1914 1754 sollicitet
1942 1724 1981 1754 ad
2013 1735 2085 1763 poe-

1129 1767 1314 1802 nitentiam,
1339 1765 1365 1796 si
1388 1770 1498 1805 postea
1521 1766 1737 1806 expergefacti
1760 1767 1878 1797 fuerint
1902 1772 1936 1796 ut
1958 1767 2085 1807 culpam

1129 1819 1303 1849 agnoscere
1316 1808 1480 1847 incipiant,
1502 1808 1606 1838 Deum
1621 1809 1784 1840 sacrificiis
1798 1809 1989 1848 placandum
2004 1819 2089 1841 esse:

1129 1856 1254 1892 poterat
1277 1852 1361 1881 enim
1386 1850 1505 1890 alioqui
1529 1851 1664 1891 populus
1687 1852 1947 1892 integumentum
1971 1852 2031 1883 sibi
2051 1864 2090 1883 ex

1129 1905 1236 1925 errore
1259 1894 1371 1925 facere.

1214 1937 1263 1967 22.
1296 1936 1332 1967 Si
1356 1936 1501 1975 princeps
1525 1937 1704 1975 peccaverit.
1749 1936 1936 1976 Principum
1966 1947 2090 1977 quoque

1129 1980 1252 2010 delictis
1275 1979 1458 2018 iniungitur
1488 1979 1658 2018 peculiaris
1688 1980 1836 2018 expiatio.
1881 1980 1952 2010 Etsi
1983 1986 2090 2011 autem

1128 2022 1284 2063 singulari
1314 2032 1447 2052 numero
1476 2022 1654 2062 principem
1686 2022 1844 2057 nominat,
1875 2022 1950 2061 quia
1980 2027 2089 2054 tamen

1128 2065 1181 2095 lex
1205 2064 1347 2095 nondum
1371 2064 1474 2104 posita
1497 2070 1566 2095 erat
1589 2070 1623 2095 ut
1647 2075 1728 2095 unus
1758 2064 1917 2104 quispiam
1946 2064 2089 2095 domina-

1128 2112 1234 2145 retur,
1264 2106 1349 2137 haud
1381 2106 1475 2137 dubie
1506 2106 1601 2138 duces
1631 2112 1662 2137 et
1691 2108 1794 2147 capita
1818 2106 1981 2146 designat,
2015 2109 2090 2147 quia

1128 2151 1231 2189 magis
1262 2153 1376 2180 nocent
1404 2149 1498 2179 malis
1526 2149 1683 2189 exemplis
1717 2150 1770 2189 qui
1805 2154 1958 2188 praesunt
1992 2160 2087 2190 quam

1128 2193 1246 2232 privati
1271 2192 1425 2222 homines.
1462 2191 1498 2222 Si
1518 2193 1588 2231 quis
1608 2202 1683 2231 ergo
1705 2203 1744 2222 ox
1764 2191 1920 2223 iudicibus
1943 2196 1975 2223 et
1997 2203 2088 2232 prae-

1128 2236 1218 2267 fectis
1243 2245 1298 2274 per
1322 2244 1463 2265 errorem
1483 2234 1669 2274 deliquerat,
1693 2235 1816 2264 minore
1835 2234 1962 2273 quidem
1983 2235 2089 2266 hostia

1127 2277 1261 2317 defungi
1274 2278 1377 2316 potuit
1395 2287 1489 2316 quam
1509 2277 1655 2308 sacerdos
1675 2277 1724 2307 vcl
1744 2277 1895 2316 populus:
1915 2277 2088 2309 discrimen

1127 2327 1233 2351 tamen
1258 2320 1421 2359 privatum
1445 2319 1530 2350 inter
1552 2320 1638 2359 ipsos
1657 2319 1726 2355 fuit,
1750 2319 1831 2359 quod
1852 2320 1884 2350 hi
1905 2330 2017 2360 capras
2037 2321 2088 2351 vel

1127 2373 1220 2399 oves,
1252 2362 1305 2393 illc
1336 2372 1412 2392 vcro
1436 2361 1559 2392 hircum
1584 2362 1762 2393 masculum
1789 2362 1961 2394 offerebat:
1992 2363 2088 2402 idque

1128 2411 1162 2436 ut
1185 2405 1287 2445 magis
1306 2405 1438 2435 sollicite
1458 2414 1554 2444 puros
1574 2415 1607 2435 se
1626 2410 1818 2435 conservent
1837 2405 1875 2435 ab
1894 2406 1980 2436 omni
2004 2417 2089 2437 noxa

1126 2449 1309 2488 quicunque
1332 2452 1500 2487 praesunt,
1529 2448 1581 2486 qui
1606 2447 1723 2486 alioqui
1748 2447 1873 2478 delitias
1897 2448 1956 2479 sibi
1982 2449 2087 2479 facere

1125 2491 1242 2528 solent,
1277 2501 1313 2521 ac
1347 2490 1371 2520 si
1405 2489 1536 2520 honoris
1571 2489 1689 2529 gradus
1718 2489 1790 2528 plus
1812 2490 1961 2521 licentiae
1986 2491 2086 2521 daret.

1125 2533 1188 2565 Ubi
1213 2534 1385 2564 vertimus:
1411 2532 1447 2563 si
1472 2532 1657 2568 innotuerit,
1684 2542 1746 2562 non
1766 2535 1971 2564 consentiunt
1990 2534 2088 2564 inter-

1125 2581 1241 2616 pretes.
1289 2575 1421 2614 Proprie
1451 2580 1499 2605 est
1528 2574 1723 2605 ‹lisiunctiva
1745 2575 1905 2614 particula
1929 2576 2004 2613 Vel,
2032 2576 2085 2606 sed

1125 2629 1205 2658 quac
1246 2617 1407 2648 interdum
1442 2617 1667 2648 conditionalis
1701 2618 1771 2649 viee
1804 2618 1950 2658 ponitur:
1992 2619 2088 2650 sicuti

1832 2668 1883 2694 33*
