2304 3034
198 178 260 209 715

503 266 567 296 EX
590 264 740 296 LEVI'P.
764 262 862 294 XIX.

286 356 333 385 16.
370 352 440 383 Non
463 351 582 381 incedes
605 349 783 381 obtrectator
805 349 839 378 in
856 347 984 388 populis
1006 348 1088 385 tuis,
1119 359 1171 380 nee

197 399 293 431 stabis
324 398 426 428 contra
462 393 645 433 sanquinem
675 391 818 430 prozimi
857 391 921 421 tut.-
960 400 1011 431 eyo
1045 390 1168 423 Iehova.

200 442 247 472 17.
273 437 473 476 Corripiendo
491 436 638 474 corripies
656 434 839 474 proximum
857 436 953 470 tetum,
974 443 1069 473 neque
1091 435 1170 465 exci-

197 484 275 516 tabis
296 491 392 520 super
414 489 484 510 eum
506 479 631 510 crimen.

281 566 388 598 Exodi
412 565 462 601 23,
498 565 525 595 1.
560 563 631 594 Non
653 562 814 602 suscipies.
860 561 955 593 Verti
978 561 1077 593 etiam
1100 573 1168 602 pos-

198 618 261 644 set:
297 610 371 641 Non
400 607 542 644 attolles,
578 606 629 637 vel
660 604 846 637 suscitabis:
881 604 966 644 quod
997 605 1023 635 si
1053 605 1168 645 placet,

198 653 321 685 vetabit
333 652 424 683 Deus
443 649 624 682 calumnias
647 648 812 679 fabricare.
846 647 942 686 Quod
965 647 992 678 si
1014 647 1168 688 legimus:

197 698 272 728 Non
291 695 453 734 suscipies,
473 693 601 732 longius
620 691 840 732 progreditur:
865 701 906 721 ne
924 690 995 730 quis
1014 691 1168 731 suffragio

195 750 253 771 suo
273 739 378 770 foveat
398 747 434 768 ac
453 736 622 766 confirmet
641 734 774 766 alterius
793 733 1007 764 mendacium.
1037 733 1168 765 Dictum

196 783 284 814 enim
307 781 384 818 fuit,
410 778 533 810 duobus
558 777 661 809 modis
686 776 738 808 hic
761 777 903 816 peccari,
935 776 986 807 vel
1008 775 1086 807 dum
1109 777 1168 807 im-

196 825 289 866 probi
312 823 498 863 excogitant
525 821 607 852 falsa
628 820 781 858 crimina,
814 819 867 851 vel
891 819 970 850 dum
994 818 1048 849 alii
1071 819 1169 851 nimis

197 867 320 901 creduli
344 865 458 906 cupide
481 875 515 896 se
536 864 736 895 consociant:
768 866 864 902 atque
888 867 1025 902 uterque
1055 872 1169 893 sensus

197 912 316 951 optime
339 907 525 944 conveniet,
556 907 608 938 vel
639 905 787 937 damnari
810 905 932 945 primos
962 910 1091 936 autores
1115 905 1170 945 qui

197 954 316 985 falsum
336 961 497 983 rumorem
522 949 689 986 attollunt,
722 948 773 980 vel
804 948 858 988 qui
882 948 1038 979 adiuvant
1059 958 1170 979 eorum

197 996 447 1037 improbitatem,
468 997 499 1024 et
512 992 669 1025 accedunt-
681 992 772 1023 velut
785 991 1034 1030 subscriptores:
1056 1001 1171 1021 verum

198 1040 272 1080 quia
304 1048 380 1069 mox
403 1037 561 1077 sequitur:
599 1035 648 1066 Ne
671 1036 789 1075 iungas
813 1044 947 1065 manum
976 1038 1081 1071 tuam,
1110 1044 1171 1073 quo

198 1082 314 1114 melius
345 1081 431 1111 inter
459 1090 493 1111 se
521 1079 719 1110 cohaereant
748 1077 810 1108 duo
842 1076 1000 1114 membra,
1034 1076 1171 1107 libenter

199 1125 375 1165 amplector
397 1123 486 1154 illam
510 1122 706 1153 versionem:
730 1120 780 1152 Ne
803 1120 966 1160 suscipias.
1006 1120 1050 1150 Et
1072 1119 1171 1159 aptis-

199 1169 279 1200 sime
303 1168 362 1198 hoc
386 1166 485 1197 verbo
510 1165 613 1196 utitur
634 1165 759 1201 Moses,
789 1163 865 1203 quia
891 1162 1095 1193 mendacium
1114 1172 1172 1193 sua

199 1211 343 1243 vanitate
374 1213 487 1249 sponte
517 1208 694 1244 difflueret,
726 1206 775 1237 vel
796 1205 974 1241 excideret,
1008 1205 1070 1236 nisi
1100 1215 1172 1245 per-

200 1264 293 1286 verso
317 1253 453 1284 aliorum
477 1261 637 1283 consensu
661 1254 831 1289 exceptum
853 1248 1031 1280 fulciretur.
1083 1247 1172 1288 Ergo

201 1298 240 1328 ab
266 1297 325 1328 liae
355 1294 594 1335 conspiratione
624 1303 698 1324 suos
722 1292 813 1323 Deus
844 1296 974 1323 revocat
996 1302 1036 1322 ne
1059 1301 1172 1331 operas

200 1339 351 1371 sociando
371 1338 602 1369 circumferant
624 1337 699 1367 ficta
723 1335 875 1366 crimina:
897 1344 933 1365 ac
952 1344 1005 1365 eos
1028 1334 1083 1373 qui
1105 1344 1172 1364 ma-

201 1394 281 1414 num
321 1381 476 1421 improbis
515 1378 725 1420 porrigendo,
771 1378 935 1418 prox-imos
987 1376 1171 1414 traducunt,

200 1426 298 1457 falsos
318 1432 416 1456 testes
437 1424 600 1454 nominat:
625 1423 698 1463 quia
717 1431 831 1461 parum
854 1421 992 1452 interest
1009 1419 1173 1451 excitesne

201 1469 325 1500 crimen
348 1479 389 1499 an
413 1467 585 1499 sustineas.
633 1464 803 1497 Secundus
827 1474 956 1501 versus,
987 1463 1014 1494 si
1037 1473 1110 1493 eum
1133 1462 1173 1493 ad

201 1512 322 1543 iudices
363 1511 562 1549 restringere
608 1509 748 1549 placeat,
790 1506 954 1546 appendix
988 1512 1073 1537 esset
1106 1511 1172 1536 tam

201 1554 288 1586 sexti
322 1565 418 1594 quam
449 1553 554 1584 octavi
584 1551 765 1592 praecepti,
797 1561 838 1581 ne
861 1550 933 1590 quis
957 1549 1079 1581 scilicet
1100 1558 1173 1589 per-

202 1598 305 1629 versis
341 1597 479 1628 aliorum
523 1595 693 1627 sententiis
731 1593 844 1624 volens
889 1592 996 1630 cedat,
1038 1591 1107 1623 sive
1139 1591 1173 1621 in

201 1640 426 1677 facultatibus,
449 1640 517 1670 sive
548 1639 580 1669 in
610 1638 677 1669 vita
701 1638 824 1668 iustum
853 1636 1047 1676 opprimant.
1093 1633 1174 1666 Cae-

201 1689 307 1715 terum
332 1683 406 1724 quia
430 1682 547 1713 vitium
571 1681 691 1712 nimiae
715 1679 914 1712 crudelitatis
935 1677 1174 1718 perstringitur,

202 1737 265 1766 quo
296 1726 331 1757 fit
365 1731 401 1756 ut
437 1724 645 1756 mendacium
677 1722 880 1763 praevaleat,
915 1721 993 1752 dum
1027 1719 1175 1751 tenebras

201 1770 308 1800 clarae
331 1769 395 1800 luci
418 1768 583 1799 obducunt
612 1766 882 1805 calumniatores,
914 1770 987 1805 apte
1017 1763 1057 1794 ad
1088 1763 1175 1794 hunc

204 1813 307 1844 locum
332 1811 603 1843 accommodatur.
1114 1849 1119 1853 ยน

291 1855 318 1886 7.
343 1855 374 1886 A
398 1864 533 1886 sermone
563 1853 718 1884 mendacii
749 1852 832 1893 Zonye
854 1851 968 1882 aberis.
1013 1848 1175 1888 Quoniam

204 1898 242 1929 de
272 1898 424 1938 periuriis
455 1897 542 1937 loqui
568 1896 696 1928 videtur
717 1906 799 1936 quae
826 1894 1008 1926 insontibus
1040 1896 1176 1922 mortem

204 1946 389 1973 accersunt:
422 1939 614 1980 quibusdam
644 1939 727 1970 forte
750 1938 856 1978 magis
885 1937 1040 1977 placeret,
1059 1935 1176 1982 *locum

205 1984 291 2015 hunc
308 1991 398 2015 sexto
413 1989 582 2023 praecepto
606 1982 706 2013 fuisse
730 1989 910 2012 annexum:
932 1979 987 2010 sed
1006 1978 1108 2009 facllis
1127 1987 1177 2024 so-

206 2027 286 2058 lutio
300 2032 357 2064 est,
374 2027 489 2057 Mosen
502 2037 541 2056 ex
556 2026 701 2065 professo
717 2024 872 2054 damnare
889 2023 971 2053 falsa
983 2021 1176 2057 testimonia,

207 2076 238 2100 et
269 2069 364 2101 simul
395 2070 534 2109 speciem
566 2078 664 2099 unam
688 2067 845 2107 proferre,
871 2077 912 2097 ex
935 2075 997 2105 qua
1026 2067 1178 2104 appareat

207 2123 303 2152 quam
347 2111 536 2143 detestabile
577 2112 701 2142 crimen
742 2110 801 2148 sit,
844 2108 1008 2140 calumnia
1042 2106 1177 2152 fratrem

207 2156 359 2186 obrucre:
394 2165 524 2195 nempe,
555 2155 631 2194 quia
662 2153 763 2184 falsus
802 2152 894 2183 testis
929 2151 1041 2190 lingua
1074 2158 1178 2195 magis

207 2198 323 2229 occidit
363 2208 460 2238 quam
501 2197 646 2228 carnifex
680 2195 796 2236 gladio.
843 2194 1003 2232 Quamvis
1036 2200 1177 2239 ergolin

208 2252 326 2281 genere
360 2241 492 2271 mentiri
527 2240 683 2271 adversus
718 2239 852 2270 fratrem
887 2237 1020 2284 scelesta
1053 2239 1103 2282 slt.
1128 2244 1177 2281 ln-

209 2284 413 2320 humanitas,
454 2290 591 2324 augetur
620 2289 729 2313 tamen
768 2281 936 2317 atrocitas,
978 2289 1004 2310 si
1037 2286 1177 2324 periurio

210 2327 374 2367 iuguletur
396 2327 514 2357 frater:
546 2326 620 2366 quia
646 2325 685 2355 ad
710 2324 879 2365 perfidiam
899 2321 1021 2354 accedit
1044 2320 1177 2350 homici-

211 2369 308 2400 dium.
355 2369 497 2400 Additur
526 2369 735 2401 comminatio
759 2377 821 2407 qua
846 2367 935 2397 Deus
958 2364 1056 2396 falsos
1080 2366 1177 2408 testes

211 2412 249 2442 ad
270 2411 409 2443 tribunal
429 2423 524 2443 suum
544 2412 631 2448 citat,
653 2411 706 2442 ubi
728 2411 859 2450 impune
878 2419 942 2440 non
965 2405 1104 2439 evadent
1122 2414 1177 2445 qui

210 2455 276 2485 suis
300 2455 476 2487 mendaciis
500 2454 682 2496 periculum
705 2453 798 2485 bonis
821 2451 1043 2484 ccnflaverint.

938 168 1104 201 NONUM
1127 168 1451 202 PRAEOEPTUM.

2134 170 2196 203 716

1310 263 1417 294 Levit.
1455 262 1503 303 19,
1538 264 1586 295 16.
1622 263 1694 295 Non
1715 263 1844 295 incedes.
1890 263 2014 294 Eadem
2039 264 2121 295 ratio
2144 274 2196 296 se-

1223 305 1323 336 cundi
1345 305 1482 337 membri
1505 307 1637 346 quaein
1655 306 1804 346 proximo
1825 315 1930 344 versu,
1953 307 2027 346 quia
2050 307 2197 347 generali

1223 352 1393 388 praecepto
1412 349 1584 380 subiicitur
1602 359 1664 389 quo
1683 353 1832 380 vetantur
1850 347 2116 381 obtrectationes:
2136 349 2194 381 sed

1222 390 1325 422 multo
1365 392 1469 432 magis
1502 402 1562 423 nos
1596 392 1635 423 ab
1668 391 1732 422 illis
1767 391 1929 422 deterrere
1970 390 2078 429 debet,
2116 392 2195 424 dum

1223 434 1427 474 agnoscimus
1457 434 1604 475 linguam
1635 434 1758 465 scilicet
1785 434 1846 465 hoc
1877 433 1971 465 modo
2005 435 2125 465 armari
2153 434 2195 466 ad

1221 475 1391 507 innoxium
1414 478 1607 518 sanguinem
1630 476 1803 508 crudeliter
1822 475 2032 508 fundendum.
2072 476 2196 509 Vocem

1222 511 1293 551 โ3ยณ25
1324 519 1455 559 quidam
1489 520 1707 559 metaphorice
1734 522 1897 558 sumptam
1932 529 2001 550 esse
2031 519 2147 550 volunt
2177 530 2196 551 a

1222 561 1495 602 negotiatoribus,
1527 563 1603 602 quia
1633 572 1698 592 non
1722 562 1831 592 minus
1850 562 1970 602 satagit
1993 561 2115 593 delator
2138 566 2197 594 aut

1222 614 1357 635 susurro
1380 605 1415 635 in
1438 604 1637 645 aucupandis
1660 604 1749 636 falsis
1773 604 1958 635 rumoribus
1980 615 2060 644 quos
2082 609 2196 645 postea

1222 646 1428 684 disseminet,
1458 658 1555 688 quam
1587 647 1698 678 sedulo
1728 651 1873 678 attentus
1899 651 1948 678 est
1973 652 2133 679 mercator
2154 647 2196 679 ad

1222 689 1431 720 vendendum
1454 695 1486 721 et
1508 690 1691 721 emendum.
1738 689 1804 720 Alii
1827 690 2102 730 permutationem
2124 700 2195 722 esse

1221 731 1337 763 volunt
1360 732 1474 764 literae
1496 740 1509 765 2
1535 743 1608 764 cum
1627 739 1663 765 ฮแฟ
1687 736 1782 772 atque
1801 732 1848 763 ita
1873 731 2098 763 deducendum
2125 743 2195 765 esse

1222 785 1340 806 nomen
1363 786 1379 806 a
1404 775 1553 815 pedibus:
1585 776 1662 815 quia
1685 775 1814 806 assidue
1837 775 1991 807 oberrant
2013 775 2193 807 calumnia-

1222 822 1325 855 tores,
1357 818 1409 849 vel
1438 819 1639 850 circumeunt
1669 818 1709 848 ad
1735 817 1965 858 aucupandum
1998 818 2194 850 criminandi

1222 861 1408 891 materiam:
1443 861 1577 901 ideoque
1607 871 1735 900 semper
1761 861 1972 901 coniungitur
2005 860 2194 892 ambulandi

1223 903 1368 934 verbum.
1414 904 1485 944 Ego
1505 914 1582 935 vero
1605 914 1669 934 non
1693 903 1806 934 eodem
1829 903 1948 944 ubique
1971 914 2070 935 sensu
2092 904 2195 944 accipi

1222 946 1388 977 existimo:
1411 947 1486 986 quia
1505 957 1601 986 quum
1617 946 1746 977 Iudaeis
1765 945 1943 986 exprobrat
1955 946 2106 977 Ezechiel
2128 945 2193 988 (22,

1223 988 1271 1030 9),
1292 989 1377 1028 apud
1400 999 1454 1020 eos
1476 990 1576 1020 fuisse
1600 990 1685 1020 viros
1715 981 1802 1026 5ยณ2ยณ,
1827 994 1862 1020 ut
1886 989 2096 1020 effunderent
2118 999 2194 1021 san-

1223 1032 1370 1072 guinem,
1399 1032 1487 1063 viros
1518 1032 1641 1063 fraudis
1674 1031 1840 1072 intelligo,
1879 1032 1929 1064 vel
1960 1031 2194 1071 fraudulentos,

1224 1075 1277 1114 qui
1307 1075 1400 1105 bonis
1430 1075 1574 1106 insidiati
1598 1080 1675 1105 suut
1698 1074 1738 1105 ad
1762 1074 2014 1106 machinandam
2038 1074 2105 1106 illis
2123 1085 2196 1115 per-

1224 1117 1349 1149 niciem.
1372 1117 1513 1156 Quidam
1533 1118 1630 1148 etiam
1649 1118 1869 1157 exploratores
1887 1121 2032 1149 vertunt.
2063 1118 2196 1149 Interea.

1224 1170 1289 1190 non
1319 1160 1431 1192 dubito
1460 1161 1539 1200 quin
1572 1161 1678 1191 Moses
1705 1160 1764 1192 hoc
1787 1160 1857 1192 loco
1880 1170 2013 1192 errones
2036 1160 2194 1201 designet,

1224 1203 1278 1243 qui
1309 1203 1406 1234 nimis
1435 1203 1550 1243 cupide
1581 1203 1644 1234 huc
1675 1203 1753 1234 illuc
1781 1203 1957 1241 cursitant,
1991 1207 2023 1234 et
2051 1203 2195 1244 maligna

1225 1246 1409 1277 curiositate
1432 1251 1605 1286 penetrant
1627 1246 1661 1276 in
1685 1256 1803 1277 arcana
1826 1246 1980 1286 cuiusque
2009 1245 2050 1277 ad
2073 1257 2196 1278 vexan-

1225 1288 1282 1319 dos
1312 1288 1458 1319 homines
1489 1290 1622 1328 quietos.
1668 1288 1708 1320 In
1733 1299 1875 1328 summa,
1905 1288 2058 1320 docemur
2087 1298 2197 1321 coram

1226 1331 1295 1362 Deo
1324 1332 1449 1362 censeri
1479 1332 1574 1362 falsos
1604 1336 1704 1363 testes
1739 1332 1924 1372 quicunque
1960 1331 2092 1372 linguae
2120 1342 2198 1363 suae

1226 1374 1400 1405 virulentia
1422 1374 1601 1406 molestiam
1625 1385 1661 1406 ac
1687 1374 1868 1415 periculum
1896 1379 2007 1406 creant
2036 1374 2104 1406 suis
2131 1374 2198 1406 fra-

1227 1417 1337 1448 tribus.

1312 1460 1360 1490 17.
1398 1459 1596 1499 &arripiendo
1624 1461 1779 1500 corripies.
1826 1459 1913 1499 Quia
1946 1459 2041 1491 multi
2075 1460 2197 1492 sevcri-

1226 1503 1301 1534 tatis
1324 1508 1514 1542 praetextu,
1546 1514 1609 1534 non
1633 1508 1761 1534 tantum
1785 1503 1905 1534 morosi
1936 1506 2013 1534 sunt
2035 1512 2197 1540 censores,

1226 1545 1281 1576 sed
1306 1545 1346 1576 ad
1369 1546 1562 1585 proferenda
1585 1547 1663 1577 vitia
1686 1546 1863 1583 ebulliunt,
1889 1550 2098 1586 praepostero
2121 1546 2197 1577 huic

1226 1589 1345 1619 fervori
1376 1589 1518 1619 occurrit
1546 1589 1653 1620 Moses
1682 1589 1857 1620 ostendens
1883 1599 1947 1628 qua
1970 1589 2096 1620 ratione
2125 1588 2195 1626 sibi,

1226 1631 1347 1671 optime
1388 1636 1588 1671 temperent,
1629 1643 1670 1663 ne
1710 1631 1916 1663 connivendo
1965 1631 2017 1663 vel
2061 1631 2198 1663 tacendo

1227 1675 1366 1714 peccatis
1389 1674 1591 1714 indulgeant,
1615 1680 1647 1705 et
1665 1679 1774 1706 tamen
1796 1675 1909 1715 procul
1929 1673 2038 1706 absint
2061 1685 2080 1705 a
2097 1674 2198 1705 male-

1228 1717 1375 1749 dicentia.
1442 1716 1555 1748 Solent
1599 1717 1687 1748 enim
1732 1718 1882 1758 excipere
1931 1717 1986 1758 qui
2042 1716 2197 1757 carpendi

1229 1766 1260 1791 et
1301 1759 1509 1799 vituperandi
1544 1761 1654 1791 morbo
1690 1760 1855 1798 laborant,
1896 1760 2120 1792 taciturnitate
2153 1759 2198 1790 ali

1228 1807 1373 1843 peccata,
1408 1803 1470 1833 nisi
1503 1813 1541 1833 ea
1574 1803 1724 1834 certatim
1764 1814 1876 1835 omnes
1910 1802 2087 1843 exagitent.
2132 1802 2198 1833 Hic

1229 1846 1294 1877 illis
1326 1845 1489 1876 clamandi
1523 1850 1555 1876 et
1588 1846 1768 1877 insultandi
1802 1846 1897 1877 calor.
1944 1846 2045 1886 Atqui
2085 1845 2198 1877 utilius

1230 1887 1411 1920 remedium
1427 1888 1567 1919 ostendit
1585 1889 1703 1926 Moses,
1723 1894 1758 1919 ut
1777 1889 1915 1929 privatis
1930 1887 2199 1929 castigationibus

1230 1936 1377 1962 errantes
1406 1931 1439 1961 in
1469 1931 1555 1962 viam
1590 1932 1760 1969 reducant,
1795 1942 1859 1963 non
1894 1936 2003 1963 autem
2026 1930 2199 1972 divulgent

1230 1984 1342 2005 eorum
1372 1973 1498 2013 probra.
1545 1973 1699 2014 Quisquis
1729 1975 1817 2005 enim
1851 1974 1890 2005 de
1920 1974 2031 2005 fratris
2064 1974 2199 2005 infamia

1230 2016 1415 2056 triumphos
1455 2016 1531 2056 agit,
1572 2022 1728 2057 quantum
1768 2017 1804 2048 in
1837 2028 1871 2049 se
1905 2022 1969 2055 est,
2009 2017 2200 2057 praecipitat

1230 2061 1264 2091 in
1294 2060 1442 2091 exitium.
1488 2060 1588 2099 Atqui
1622 2060 1709 2091 zelus
1741 2060 1822 2091 bene
1852 2059 2066 2100 compositus,
2100 2058 2200 2090 saluti

1231 2103 1299 2134 eius
1334 2102 1389 2142 qui
1422 2112 1456 2133 se
1479 2102 1652 2141 perdebat,
1681 2103 1829 2134 consulit.
1876 2102 2019 2134 Proinde
2049 2102 2201 2133 iubemur

1231 2149 1378 2177 errantes
1407 2145 1584 2184 corripere,
1615 2150 1647 2176 et
1678 2146 1794 2177 fratres
1824 2156 1891 2176 non
1915 2145 2032 2176 habere
2055 2154 2114 2186 pro
2138 2144 2202 2175 ini-

1203 2181 1207 2220 l
1231 2189 1333 2220 micis.
1364 2187 1491 2218 Similis
1514 2188 1596 2219 ratio
1615 2199 1634 2219 a
1657 2188 1788 2220 Christo
1820 2188 2052 2229 praescribitur
2080 2186 2199 2229 (Math.

1203 2223 1364 2275 {18,15).
1411 2229 1447 2261 Si
1482 2231 1662 2269 peccaverit
1694 2232 1729 2262 in
1757 2236 1788 2263 tc
1821 2232 1936 2269 frater,
1970 2230 2096 2271 corrige
2126 2240 2201 2262 eum

1231 2275 1318 2305 inter
1341 2280 1372 2304 te
1395 2277 1427 2303 et
1457 2273 1573 2312 ipsum.
1620 2274 1767 2314 Denique
1797 2273 1970 2305 immodica
2003 2272 2200 2304 criminandi

1231 2317 1392 2348 affectatio
1426 2325 1555 2354 semper
1589 2318 1768 2356 reperietur
1808 2316 1949 2357 superba
1983 2320 2017 2348 et
2049 2315 2200 2348 crudelis.

1231 2360 1294 2391 Hic
1317 2364 1425 2390 autem
1456 2364 1522 2390 &wa
1553 2359 1640 2389 haud
1663 2359 1758 2391 dubie
1781 2359 1975 2391 tantundem
1998 2359 2086 2391 valet
2107 2368 2144 2390 ac
2166 2358 2201 2389 in

1231 2402 1374 2434 medium
1398 2401 1573 2441 producere
1599 2402 1683 2441 quod
1713 2402 1852 2440 latebat,
1880 2407 1978 2443 atque
2000 2402 2048 2433 ita
2069 2411 2124 2433 eos
2146 2401 2201 2441 qui

1231 2445 1348 2485 alioqui
1382 2449 1490 2475 essent
1523 2444 1700 2484 sanabiles,
1738 2445 1937 2477 traducendo
1973 2444 2015 2477 ad
2051 2444 2202 2485 despera-

1232 2489 1353 2520 tionem
1377 2486 1518 2528 adigere.
