2304 3034
117 147 157 175 (35
697 141 1059 174 COMMENTARIUS
1084 141 1132 172 IN
1156 141 1303 173 EXODI
1327 142 1424 174 CAP.
1447 142 1505 174 IV.
2050 146 2093 176 136

114 248 186 270 rere
209 238 362 278 neglexit.
393 238 482 269 Haec
504 235 736 277 praevaricat-io
759 246 822 266 non
845 235 915 265 leve
938 235 999 265 fuit
1022 234 1075 265 de-
1127 235 1281 274 probetur
1304 236 1417 267 mutila
1440 237 1629 273 obedientia,
1653 236 1707 267 sed
1730 236 1905 268 secundum
1925 238 2010 277 quid,
2034 249 2093 278 per

115 282 244 315 lictum,
278 282 352 320 quia
386 280 467 311 nihil
501 280 606 310 minus
640 278 804 308 tolerabile
838 288 933 317 quam
969 278 1075 308 Deum
1101 305 1102 321 ,
1126 277 1362 317 indulgentiam
1392 279 1555 310 interdum
1588 284 1680 319 grata
1708 286 1764 310 cst.
1813 280 1867 310 sio
1897 280 1996 319 impio
2021 282 2089 321 regi

114 323 263 355 fraudare
286 324 371 354 iusto
389 322 553 362 obsequio,
583 325 619 351 nt
642 331 710 350 mos
730 326 861 359 geratur
884 319 1075 351 hominibus.
1101 323 1102 361 i
1127 320 1256 357 Achab,
1279 332 1377 360 quum
1401 322 1439 352 ad
1466 327 1592 361 tempus
1617 322 1804 352 humiliatus
1828 328 1928 359 esset,
1961 330 2092 361 propter

114 366 281 397 Adiuncta
303 366 399 396 etiam
424 365 485 395 fuit
503 363 683 394 diffidentia
706 368 738 392 et
760 362 977 402 ingratitudo:
1003 363 1076 402 quia
1101 363 1103 403 ξ
1127 363 1217 393 fictas
1241 363 1399 404 lacrymas
1420 367 1553 395 remissa
1577 365 1638 394 fuit
1662 375 1762 404 poena
1785 364 1826 404 (1.
1847 365 1927 405 Reg.
1950 365 2001 402 21,
2026 366 2090 407 29).

115 409 142 440 si
166 408 302 448 pretium
328 418 419 438 suum
452 406 607 437 tenuisset
630 405 691 435 Dei
717 406 838 444 gratia,
870 405 959 435 nullo
988 412 1075 436 metu
1127 404 1237 443 Quum
1261 416 1336 445 ergo
1362 406 1508 446 Sephora
1531 417 1610 446 quae
1640 407 1755 437 marito
1782 408 1951 439 adversata
1973 408 2089 446 fuerat,

115 451 154 482 ab
179 451 239 481 hoc
261 451 362 481 officio
385 449 510 489 pietatis
533 448 645 478 fuisset
668 447 856 486 prohibitus.
904 447 1076 478 Discamus
1100 441 1102 470 Ι
1128 448 1266 486 propriis
1279 450 1426 480 manibus
1446 449 1547 480 filium
1566 449 1818 485 circumcideret,
1842 450 1990 489 quamvis
2009 461 2092 481 non-

116 494 224 533 itaque
247 504 286 523 ex
316 492 374 523 hoc
406 492 488 530 loco,
517 490 726 520 sacramentis
757 500 837 529 quae
866 489 972 530 sigilla
1000 496 1075 520 sunt
1100 509 1101 518 η
1127 490 1203 520 dum
1238 492 1320 521 serio
1356 493 1556 530 resipuisset,
1588 493 1675 523 Deus
1705 499 1811 523 tamen
1842 493 1973 524 subacta
2003 493 2091 525 illius

116 536 240 577 gratiae
266 536 339 572 Dei,
364 540 548 565 reverenter
570 533 632 567 uti,
657 543 697 562 ne
721 542 831 562 eorum
855 539 1073 572 contemptum
1099 528 1101 565 l
1127 533 1276 571 superbia
1304 541 1474 564 contentus
1504 535 1578 571 fuit,
1613 541 1647 565 ut
1671 535 1839 565 desisteret
1862 545 1880 565 a
1903 535 1994 566 Mose
2019 546 2091 575 per-

117 589 229 609 Severe
248 578 336 608 Deus
359 577 544 607 ulciscatur:
569 585 604 605 ac
626 574 720 605 simul
745 575 996 613 meminerimus,
1019 586 1074 605 ex·
1099 573 1101 605 ἕ
1126 575 1295 614 sequendo.
1349 576 1543 616 Quanquam
1567 577 1626 607 hoc
1649 577 1681 607 in
1706 578 1889 617 exemplum
1915 578 2000 608 trahi
2024 588 2091 610 non

117 625 241 652 ternam
266 619 392 659 pietatis
416 623 447 648 et
468 618 573 649 cultus
595 618 653 647 Dei
679 617 926 656 professionem,
950 618 1075 657 gratius
1100 618 1101 656 ζ
1127 617 1235 647 debet:
1267 619 1356 657 quasi
1388 619 1574 659 hypocritae
1605 620 1821 659 poenitentiae
1852 621 1945 659 signa
1974 621 2089 658 dando,

117 673 186 694 esse
222 662 289 692 Deo
322 661 512 692 sacrificium
553 670 648 699 quam
688 665 722 690 ut
756 660 825 690 eius
859 660 1010 691 colendae
1043 667 1075 690 et
1100 680 1101 699 ᾗ
1126 659 1233 690 Deum
1264 672 1390 700 semper
1417 662 1610 692 exorabilem
1643 663 1812 701 reperiant.
1866 662 1955 701 Quin
1985 664 2092 703 potius

117 705 282 736 testandae
304 714 410 734 curam
437 713 494 742 pro
522 703 623 732 nihilo
649 701 720 733 duci
752 703 841 733 ferat.
889 703 959 733 Non
991 703 1075 742 quod
1100 703 1101 734 Ξ
1126 702 1287 733 interdum
1328 704 1430 743 quoad
1472 715 1607 743 poenam
1648 705 1869 745 infligendam,
1916 706 2093 737 clementer

117 753 258 778 moretur
290 746 356 785 ipse
386 746 617 780 caeremonias,
652 745 706 775 sed
740 745 814 784 quia
844 746 966 785 gratiae
1000 756 1076 776 suae
1100 770 1101 777 ,
1127 745 1265 785 ignoscit
1288 746 1439 786 indignis,
1464 752 1498 777 ut
1523 747 1580 778 hae
1603 747 1756 778 facilitate
1780 758 1837 778 nos
1861 748 1899 778 ad
1925 758 2033 778 veram
2058 753 2092 779 et

116 789 320 830 pignoribus,
355 799 410 828 pro
446 788 584 818 utilitate
614 798 695 826 quae
725 799 762 818 ex
794 788 858 819 illis
892 788 1076 827 percipitur,
1126 788 1282 818 sinceram
1307 789 1532 827 poenitentiam
1556 790 1679 820 invitet.
1719 791 1899 821 Teneamus
1923 800 2009 830 ergo,
2035 802 2090 822 ve-

114 832 266 863 honorem
292 830 360 861 vult
383 830 508 861 deferri.
554 829 604 861 Ob
634 830 717 860 hanc
746 841 875 861 causam
907 830 989 870 apud
1014 831 1075 861 Uo·
1129 831 1213 861 niam
1235 830 1342 861 datam
1367 832 1463 862 fuisse
1487 832 1718 870 perturbationi
1744 832 1910 872 Sephorae
1933 838 1966 863 et
1989 833 2091 864 Mosis

114 874 250 905 riuthios
280 873 373 914 (teste
403 872 504 903 Paulo
535 872 555 903 1.
587 872 659 903 Cor.
694 873 741 909 11,
772 874 823 913 18)
856 884 954 913 quum
986 884 1076 904 saera
1128 873 1265 912 stupori:
1290 873 1365 904 dum
1388 881 1507 904 temere
1530 874 1583 904 illa
1606 874 1644 904 ad
1668 875 1768 905 filium
1794 875 2091 907 circumcidendum

113 927 212 949 coena
242 917 471 956 profanaretur,
502 921 650 955 grassata
673 922 722 946 est
756 916 872 956 pestis:
907 917 981 955 quia
1011 922 1075 946 tam
1128 917 1290 955 prorupit,
1324 926 1387 946 non
1417 918 1614 953 arrogantia,
1653 918 1707 948 sed
1743 924 1778 948 ut
1812 917 1882 948 Deo
1916 919 2090 957 perniciem

115 960 289 999 pretiosum
314 958 503 988 thesaurum
535 957 690 997 vilipendi
715 960 804 989 nefas
828 959 898 989 fuit.
952 958 1077 989 Notan-
1101 969 1102 974 ¹
1129 958 1289 988 minitanti
1315 958 1449 989 cederet.
1496 959 1567 998 Quo
1596 960 1752 990 refellitur
1781 971 1892 991 eorum
1922 961 2090 992 insulsitas

115 1002 191 1032 dum
215 1007 321 1032 autem
345 1000 427 1040 quod
458 1010 557 1039 quum
590 1000 669 1031 duos
700 1001 782 1032 filios
805 1001 912 1032 Moses
937 1001 1076 1037 duceret,
1101 1036 1102 1041 ¹
1128 1001 1181 1040 qui
1206 1001 1265 1032 hoc
1288 1002 1391 1032 colore
1415 1002 1522 1032 fucare
1543 1002 1655 1032 volunt
1674 1003 1860 1033 muliebrem
1883 1003 2089 1042 baptismum.

114 1045 167 1076 hic
190 1050 315 1074 tantum
339 1044 433 1073 unius
457 1045 492 1073 fit
515 1043 651 1073 mentio:
685 1044 768 1074 unde
792 1044 966 1083 probabilis
989 1044 1076 1075 elici·
1128 1043 1211 1073 Nam
1231 1044 1257 1073 si
1278 1045 1391 1074 mortis
1411 1045 1594 1083 impendeat
1614 1044 1785 1076 discrimen
1806 1045 1994 1083 infantibus,
2018 1046 2090 1077 idco

115 1092 166 1117 tur
199 1086 382 1117 coniectura
416 1085 553 1116 alterum
587 1097 627 1116 ex
662 1086 785 1117 duobus
809 1087 906 1117 fuisse
940 1087 1077 1117 circum·
1128 1086 1329 1117 contendunt
1366 1087 1425 1117 rite
1466 1099 1483 1117 a
1526 1087 1654 1118 feminis
1689 1087 1840 1127 baptizari
1876 1099 1983 1127 posse,
2017 1089 2094 1129 quia

113 1131 222 1160 cisum.
278 1128 418 1167 Quidam
460 1128 647 1159 existimant
688 1129 784 1159 fuisse
824 1130 1075 1170 primogenitum
1128 1127 1275 1168 Sephora
1306 1129 1407 1159 filium
1438 1130 1645 1161 circumcidit.
1698 1131 1796 1170 Atqui
1825 1137 1991 1169 praesente
2022 1132 2092 1162 viro

112 1172 253 1202 Eliezer:
278 1171 353 1210 quia
376 1182 439 1200 non
465 1182 562 1202 ausus
585 1171 681 1201 fuerit
704 1171 806 1202 Moses
831 1178 895 1202 tam
918 1173 980 1203 cito
1005 1172 1075 1202 reli·
1128 1172 1295 1202 mulierem
1328 1172 1392 1202 fore
1424 1172 1598 1211 legitimam
1635 1173 1783 1212 baptismi
1815 1174 2014 1210 ministram,
2050 1185 2091 1205 ne

112 1215 238 1254 gionem
264 1224 353 1244 snam
381 1214 491 1252 fateri,
520 1220 551 1243 et
574 1214 633 1244 sibi
657 1214 765 1244 odium
789 1224 959 1245 accersere.
1006 1215 1075 1255 Ego
1101 1218 1103 1222 ⁴
1128 1215 1188 1254 ipsi
1202 1214 1330 1253 quidem
1350 1214 1534 1245 concedent.
1572 1215 1729 1245 Perverse
1748 1215 1848 1255 igitur
1867 1227 1907 1246 ex
1920 1221 1994 1247 actu
2014 1227 2091 1248 con-

112 1261 220 1288 antem
244 1256 350 1296 potius
374 1256 537 1294 existimo,
568 1262 735 1296 postquam
765 1257 798 1287 iu
830 1268 893 1287 uno
923 1264 1075 1296 expertus
1101 1265 1102 1268 ’
1128 1257 1198 1287 fuso
1222 1263 1254 1287 et
1278 1257 1463 1287 turlnilcnto
1490 1258 1631 1297 regulam
1655 1263 1809 1289 statuunt.

111 1299 217 1330 fuerat
240 1299 430 1329 domesticos
462 1299 522 1329 sibi
546 1300 701 1337 infensos,
733 1300 765 1329 iu
793 1300 934 1331 secundo
968 1311 1076 1340 super·
1212 1300 1262 1330 26.
1297 1299 1430 1331 Proiecit
1452 1301 1610 1338 adportes.
1664 1300 1809 1331 Verbum
1836 1307 1884 1337 xm
1923 1301 2006 1340 quod
2038 1301 2094 1332 alii

111 1341 247 1374 sedisse.
272 1348 307 1371 ut
331 1342 431 1372 soceri
455 1341 505 1371 ve]
533 1342 641 1372 uxoris
664 1342 919 1382 indignationem
948 1343 1073 1374 vitaret.
1128 1347 1263 1372 vert-unt
1293 1343 1410 1378 tenuit,
1446 1343 1612 1373 transitive
1648 1344 1764 1374 rectius
1799 1343 1963 1383 accipitur.
2019 1344 2093 1374 Etsi

113 1384 196 1415 Nam
227 1384 253 1415 si
283 1385 436 1423 temporis
465 1394 612 1415 successu
644 1384 787 1416 redditus
817 1386 930 1416 fuisset
953 1387 1074 1416 animo·
1128 1385 1214 1415 enim
1238 1385 1344 1424 aliqua
1367 1396 1407 1415 ex
1427 1390 1526 1425 parte,
1550 1390 1586 1416 ut
1604 1386 1736 1426 cogebat
1754 1388 1938 1423 necessitas,
1963 1397 1997 1417 se
2020 1385 2091 1418 Deo

113 1427 192 1463 sior,
222 1437 283 1457 non
308 1426 486 1457 dubitasset
509 1427 603 1457 modo
626 1428 764 1467 priorem
791 1428 950 1459 defectum
975 1429 1074 1458 corri-
1129 1427 1265 1459 subiecit
1287 1427 1450 1467 Sephora,
1479 1433 1585 1458 tamen
1616 1428 1736 1467 impetu
1762 1429 1947 1460 iracundiae
1970 1429 2092 1469 percita

112 1479 202 1510 gere:
240 1469 294 1500 sed
330 1469 513 1500 domesticis
548 1471 660 1510 iurgiis
701 1470 857 1511 fatigatus
891 1471 930 1502 ab
971 1471 1075 1502 officio
1101 1487 1102 1499 l
1128 1476 1241 1501 contra
1276 1470 1427 1501 mai-itinn
1461 1471 1601 1501 exsiluit.
1652 1471 1770 1501 Odiose
1797 1472 1881 1501 enim
1917 1472 2092 1511 exprobrat

113 1511 244 1543 tandem
275 1512 430 1543 discessit.
481 1511 553 1550 Quo
583 1513 730 1552 exemplo
756 1524 940 1551 monemur,
971 1514 1075 1553 quoti·
1101 1509 1103 1550 ξ
1129 1523 1283 1553 sponsum
1329 1524 1397 1544 csse
1442 1514 1695 1553 sanguinarium.
1759 1513 1852 1545 Unde
1897 1515 2091 1554 perspicitur

112 1554 208 1585 diano
233 1555 295 1585 Dei
318 1555 438 1585 auxilio
468 1555 560 1586 nobis
583 1566 651 1586 esse
674 1567 754 1596 opus
778 1556 817 1586 ad
840 1556 936 1587 robur
959 1567 1075 1597 sugge-
1129 1566 1226 1595 quam
1247 1556 1341 1596 longe
1361 1566 1378 1586 a
1397 1556 1448 1595 pio
1468 1555 1635 1586 obediendi
1655 1557 1770 1587 affeetu
1790 1556 1943 1588 abfuerit:
1963 1557 2090 1596 quando

112 1597 264 1635 rendum,
296 1608 336 1628 ne
362 1597 573 1637 languescant
597 1598 712 1635 animi,
743 1605 773 1629 et
801 1599 956 1639 paulatim
988 1600 1076 1630 refri-
1102 1595 1103 1622 l
1130 1609 1193 1629 non
1225 1599 1288 1629 alia
1319 1599 1356 1629 de
1386 1609 1481 1630 causa
1507 1600 1701 1638 impotenter
1726 1599 1828 1629 fertur
1855 1606 1966 1630 contra
1997 1600 2094 1630 mari-

112 1646 221 1681 geseat
254 1640 304 1671 vel
339 1641 505 1671 flaccescat
542 1641 629 1671 zelus
671 1648 787 1672 noster.
850 1642 956 1672 Multa
990 1643 1076 1673 enim
1130 1646 1216 1681 tum,
1247 1646 1279 1672 et
1302 1641 1501 1672 iracundiam
1531 1652 1621 1671 suain
1649 1642 1783 1679 evomit,
1812 1641 1874 1672 nisi
1904 1642 1978 1682 quia
2002 1643 2091 1674 Deus

113 1682 240 1714 assidue
264 1683 396 1713 molitur
416 1682 528 1719 Satan,
552 1684 666 1723 quibus
690 1684 833 1715 studium
858 1690 1003 1716 nostrum
1024 1685 1076 1715 vel
1102 1682 1103 1686 ¹
1128 1684 1185 1714 filii
1209 1684 1483 1715 circumcisionem
1509 1684 1547 1714 ab
1570 1695 1606 1714 ea
1630 1688 1817 1715 extorserat.
1869 1683 2007 1723 Quidam
2031 1695 2092 1725 pu-

112 1725 256 1766 frangat‚
294 1725 345 1756 vel
380 1725 530 1756 retardet.
588 1727 676 1767 Ergo
709 1727 854 1767 quisquis
888 1728 976 1767 cupit
1011 1734 1076 1758 toto
1129 1732 1199 1757 tant
1228 1733 1373 1758 materno
1403 1727 1512 1757 dolore
1552 1727 1738 1766 impulsam,
1773 1726 1824 1757 vel
1862 1727 2090 1766 misericordia,

113 1768 199 1799 vitae
228 1778 324 1799 cursu
355 1779 388 1799 se
412 1769 482 1799 Deo
514 1770 663 1808 probare,
692 1780 782 1800 arma
812 1774 845 1801 et
874 1771 959 1801 vires
989 1781 1076 1802 com·
1102 1787 1103 1803 η
1128 1769 1189 1801 hoc
1209 1769 1328 1800 dixisse
1348 1768 1502 1800 fili01sed
1522 1770 1617 1799 nimis
1638 1769 1793 1800 violenter
1813 1774 1963 1808 torquent
1982 1769 2090 1801 verba.

112 1817 204 1851 paret
234 1810 273 1840 ad
304 1810 483 1841 obeundam
515 1811 597 1842 hanc
624 1812 782 1843 militiam.
830 1813 911 1843 Nam
941 1813 967 1843 si
992 1814 1076 1844 Mosi
1129 1812 1239 1851 Quare
1273 1813 1372 1843 satius
1406 1818 1453 1843 cst
1483 1818 1591 1842 tenere
1620 1811 1703 1851 quod
1732 1813 1908 1852 genuinum
1940 1818 2004 1848 est,
2035 1824 2091 1844 ex-

113 1853 214 1884 defuit
242 1855 438 1889 constantia,
477 1864 534 1884 nos
563 1865 664 1895 aeque
694 1855 743 1885 vel
779 1856 874 1886 etiam
906 1856 1008 1896 magis
1036 1856 1075 1886 ad
1129 1855 1308 1895 postulasse
1342 1866 1414 1886 cum
1444 1856 1573 1891 marito,
1606 1854 1679 1893 quia
1714 1854 1798 1886 illius
1832 1855 1933 1885 vitam
1968 1856 2093 1886 iactura

112 1895 248 1926 cundem
271 1896 396 1936 lapsum
420 1897 540 1928 erimus
560 1898 726 1937 proclives,
750 1898 810 1929 nisi
831 1897 992 1930 Dominus
1015 1900 1076 1938 spi·
1128 1898 1296 1938 sanguinis
1320 1898 1376 1929 filii
1400 1898 1448 1929 sui
1473 1897 1660 1927 redemerat.

113 1939 177 1969 ritu
201 1949 258 1969 suo
278 1950 334 1970 nos
358 1939 476 1970 fulciat.
1214 1941 1263 1971 27.
1296 1940 1387 1971 Dixit
1410 1943 1510 1971 (cutem
1533 1940 1644 1970 Ieltova
1665 1939 1705 1970 ad
1728 1939 1866 1970 Aharon.
1912 1939 2022 1977 Quum
2048 1951 2088 1971 ex

198 1982 247 2012 25.
277 1981 321 2012 Et
342 1982 409 2012 edit
434 1982 568 2021 Sepleora
595 1983 738 2022 lapidem.
790 1983 875 2022 Quia
905 1995 1074 2024 perperam
1101 1979 1103 2015 l
1129 1984 1283 2023 temporis
1314 1983 1515 2023 longitudine
1549 1983 1697 2022 colligere
1728 1987 1835 2021 posset
1858 1982 1992 2012 Aharon
2023 1983 2087 2014 fra-

113 2023 171 2055 has
194 2030 302 2064 partes
320 2025 380 2054 sibi
404 2026 541 2065 sumpsit
565 2025 689 2065 mulier,
713 2026 861 2057 divinant
884 2027 1012 2066 quidam
1036 2038 1076 2058 ex
1102 2035 1103 2063 γ
1129 2032 1212 2057 trem
1235 2027 1266 2056 iu
1292 2026 1404 2056 exsilio
1426 2037 1495 2056 csse
1518 2031 1689 2062 mortuum,
1714 2034 1798 2055 nunc
1822 2024 1860 2054 de
1877 2025 1942 2055 vita
1966 2025 2087 2056 laetum

114 2066 270 2097 Rabbinis
293 2067 423 2098 absente
447 2069 562 2098 marito
581 2067 612 2097 id
637 2079 705 2099 esse
724 2070 858 2100 factum:
882 2070 936 2100 sed
961 2081 1075 2109 repug-
1101 2080 1103 2108 j
1128 2080 1168 2100 ex
1191 2080 1245 2100 ore
1270 2068 1330 2100 Dei
1355 2069 1507 2099 nuncium
1531 2068 1661 2107 accipit:
1698 2078 1799 2107 neque
1829 2067 1860 2097 id
1889 2067 1999 2104 modo,
2032 2067 2089 2099 sed

114 2113 169 2139 nat
197 2115 383 2147 contextus,
420 2110 554 2150 ideoque
588 2121 650 2141 non
688 2111 797 2142 dubito
838 2113 913 2152 quin
956 2113 1074 2143 tumul·
1101 2141 1103 2148 ,
1127 2112 1223 2142 etiam
1254 2112 1285 2142 in
1310 2122 1399 2152 spem
1426 2111 1560 2146 erigitur
1589 2110 1761 2150 singularis
1792 2110 1923 2149 gratiae.
1976 2109 2087 2148 Quan-

114 2152 216 2182 tuarie
237 2151 284 2193 (ut
307 2153 374 2183 fieri
393 2153 473 2183 solet
492 2153 524 2183 iu
549 2159 635 2184 metu
660 2160 692 2184 et
712 2154 805 2185 rebus
829 2154 976 2197 trepidis)
995 2156 1075 2186 arri-
1101 2181 1102 2190 ,
1127 2165 1222 2194 quam
1247 2155 1332 2184 enim
1353 2165 1415 2184 nen
1436 2155 1574 2193 explicat
1593 2152 1679 2183 Deus
1700 2153 1867 2183 articulate
1885 2152 1959 2191 quid
1983 2152 2088 2184 facere

115 2194 220 2232 puerit
260 2194 312 2225 vel
352 2195 507 2233 cultrum,
544 2196 592 2226 vel
635 2196 783 2236 lapidem.
842 2198 951 2228 Timor
988 2199 1074 2228 enim
1100 2196 1102 2236 ζ
1128 2197 1308 2228 decreverit
1331 2208 1366 2227 ae
1391 2202 1494 2236 paret,
1527 2195 1654 2226 oraculo
1684 2200 1790 2225 tamen
1815 2205 1872 2225 suo
1896 2205 2003 2225 rarum
2029 2195 2087 2226 ali-

117 2241 255 2267 mentem
296 2238 363 2269 eius
403 2245 647 2276 excaecaverat,
689 2250 728 2270 ne
765 2240 839 2279 quid
871 2240 1073 2272 considerate
1127 2241 1203 2280 quid
1230 2246 1262 2271 et
1292 2239 1493 2280 inopinatum
1525 2238 1690 2277 promittit.
1742 2238 1915 2268 Caeterum
1947 2238 2088 2269 notanda

116 2284 234 2317 ageret.
285 2279 386 2311 Moses
415 2281 510 2311 etiam
543 2281 645 2321 potuit
674 2292 750 2321 prae
778 2283 942 2314 anxietate
973 2284 1074 2314 iacere
1100 2245 1102 2320 i
1126 2288 1175 2314 est
1210 2282 1352 2322 praecisa
1385 2281 1515 2313 iubendi
1551 2281 1648 2317 ratio,
1689 2281 1762 2319 quia
1796 2279 1833 2310 de
1868 2279 2088 2319 redemptione

116 2321 280 2352 attonitus.
318 2322 412 2353 Certe
436 2334 497 2354 non
523 2324 584 2355 rite
607 2324 814 2356 circumcisus
839 2326 900 2356 fuit
923 2336 1015 2366 puer:
1043 2331 1075 2356 et
1100 2323 1101 2361 ξ
1127 2325 1261 2357 verbum
1287 2336 1348 2355 nou
1378 2324 1451 2355 fecit
1473 2324 1577 2360 Deus,
1612 2323 1665 2353 sed
1695 2322 1802 2353 fratris
1831 2322 1963 2352 iunioris
1993 2322 2088 2354 disei-

117 2368 226 2392 tamen
259 2363 397 2395 officium
432 2371 551 2397 temere
585 2373 771 2407 susceptum
804 2368 873 2399 Deo
908 2369 1073 2408 placuisse,
1100 2363 1102 2423 ξ
1126 2368 1239 2408 pulum
1262 2378 1332 2398 esse
1357 2367 1463 2398 voluit.
1516 2367 1559 2396 Et
1581 2365 1727 2405 quamvis
1753 2375 1812 2395 sua
1835 2365 2088 2404 promptitudine

117 2416 158 2435 ex
181 2411 299 2436 eventu
323 2414 423 2446 patet:
447 2410 519 2448 qnia
543 2410 692 2440 continuo
717 2415 788 2449 post
810 2411 940 2441 additur
968 2411 1074 2442 Deum
1127 2410 1311 2442 ostenderet
1337 2420 1497 2441 summum
1528 2408 1661 2447 parendi
1693 2407 1835 2437 studium
1867 2413 1898 2437 et
1928 2406 2086 2446 ardorem,

119 2458 137 2477 a
156 2447 245 2478 Mose
268 2447 456 2481 discessisse.
505 2452 576 2491 Ego
599 2453 684 2483 euim
708 2454 752 2484 sic
775 2453 983 2493 interpretor,
1008 2465 1075 2485 ces·
1128 2454 1212 2484 Mosi
1245 2460 1353 2483 tamen
1388 2453 1489 2491 lento,
1520 2451 1695 2487 dubitanti,
1731 2450 1893 2480 vacillanti
1924 2455 1956 2480 et
1990 2460 2087 2490 prope

118 2500 205 2521 sasse
230 2490 277 2520 vel
309 2499 464 2523 remotum
494 2494 589 2526 fuisse
614 2494 675 2525 Dei
706 2496 884 2535 flagellum:
913 2497 987 2536 quia
1009 2501 1075 2527 tam
1101 2502 1103 2536 Ι
1128 2497 1247 2535 ignavo
1281 2501 1435 2535 aequatus
1468 2504 1532 2524 non
1563 2499 1623 2523 est:
1665 2492 1720 2523 sed
1753 2493 1792 2522 ab
1821 2503 1856 2522 eo
1891 2492 1998 2523 iussus
2038 2498 2088 2524 est

120 2532 220 2563 Mosis
253 2543 347 2572 quam
377 2534 541 2574 Sephorae
573 2538 771 2576 poenitentia
805 2539 953 2578 quamvis
985 2550 1076 2579 prae·
1129 2539 1251 2569 discere
1281 2537 1450 2569 consilinm
1481 2536 1552 2567 Dei.
1604 2535 1744 2566 Tantum
1770 2546 1809 2566 ne
1840 2534 2018 2575 ambigeret
2048 2535 2090 2567 de

120 2580 259 2614 postera,
281 2576 446 2616 mitigatus
468 2583 544 2610 erat.
590 2580 663 2610 Non
686 2581 769 2620 quod
793 2581 982 2621 simpliciter
1006 2582 1076 2613 Deo
1130 2591 1189 2613 sua
1215 2586 1247 2612 et
1280 2580 1390 2611 fratris
1424 2579 1601 2616 vocatione,
1640 2577 1772 2609 edoctus
1806 2577 1926 2608 visione
1958 2577 2090 2610 coelesti

222 2624 330 2651 Gazvmz·
346 2633 436 2658 opera.
476 2628 531 2654 1⁷01.
553 2629 664 2656 XXIV.
1866 2627 1882 2652 5
