2304 3034
197 187 258 219 579

196 283 231 312 in
266 281 325 311 hec
355 280 524 318 praecepto
557 274 681 305 inclusa
715 278 763 304 est
797 272 983 312 promissio,
1023 283 1167 304 seorsum
1194 276 1196 284 ’

198 331 317 357 tamen,
341 330 371 351 et
396 319 485 359 quasi
508 318 541 348 in
565 324 753 347 transcursu
774 314 914 346 notanda
937 319 995 346 est.
1030 315 1167 346 Promit-

201 367 240 396 tit
263 364 390 404 quidem
414 362 495 392 sicut
520 359 684 390 benedixit
710 358 795 388 diem
821 358 996 397 septimum
1027 362 1064 388 ut
1094 368 1167 388 eum
1194 354 1196 363 ¹

201 410 396 447 segregaret,
421 404 465 434 ita
489 413 522 433 se
547 401 790 432 benedicturum
815 399 927 431 fideles
950 407 985 430 ut
1004 410 1058 431 eos
1078 410 1168 431 sanc-

201 451 307 480 tificet.
352 447 478 477 Verum
501 445 693 485 praecipuae
718 449 794 474 sunt
818 442 946 473 iubendi
973 448 1090 482 partes.
1126 443 1169 474 Et

199 490 390 522 tantundem
415 488 503 520 valet
527 487 668 518 narratio
692 485 922 517 benedictionis
947 496 982 516 ac
1001 485 1028 516 si
1051 485 1168 517 exhor-

199 535 278 565 tatio
302 538 385 564 esset
411 531 449 562 ad
474 530 663 570 parendum.
717 528 881 567 Quoniam
908 528 1026 568 alioqui
1052 529 1168 559 intem-

199 576 325 617 pestive
345 574 404 605 hoe
424 579 508 604 esset
526 573 667 612 positum
684 573 769 602 inter
782 571 862 611 legis
876 570 1036 602 mandata.
1073 570 1168 610 Quod

200 626 305 650 autem
343 617 408 648 dixi
444 615 581 647 feriandi
620 615 716 645 ritum
755 615 892 653 figuram
926 613 1104 654 spiritualis
1137 618 1169 645 et

199 661 335 693 maximi
370 659 515 699 mysterii
552 658 663 695 fuisse,
702 668 738 688 ac
772 656 905 697 proinde
936 656 1168 687 caeremoniale

200 705 261 735 hoe
292 707 498 743 praeceptum
529 700 668 735 censeri.
699 711 762 730 non
794 700 840 731 ita
872 699 1096 739 accipiendum
1120 706 1169 730 est

201 757 237 778 ac
256 747 282 778 si
302 757 364 776 non
386 750 491 775 essent
515 743 569 774 alii
587 754 711 783 quoque
736 742 856 773 diversi
881 743 971 773 fines.
1020 742 1064 772 Et
1082 746 1168 773 certe

203 790 287 820 diem
312 788 484 828 septimum
517 786 578 817 sibi
612 786 748 825 sumpsit
778 785 870 816 Deus
900 796 936 816 ac
966 785 1168 816 consecravit

202 832 360 871 completa
374 829 484 861 muudi
499 830 668 865 creatione,
689 829 769 859 utin
790 827 1023 859 consideranda
1036 838 1168 868 operum

202 885 332 907 suorum
353 871 603 913 pulchritudine,
622 871 821 907 excellentia,
842 877 871 901 et
889 871 1011 909 decore,
1031 870 1170 901 cultores

204 929 278 949 suos
288 916 358 947 aliis
371 915 520 946 omnibus
533 915 618 946 euris
631 915 752 946 solutos
765 924 898 954 prorsus
912 915 1074 944 retineret.
1090 913 1169 944 Nul-

199 961 267 992 lum
291 960 421 999 quidem
445 962 644 989 momentum
668 957 844 997 praeterire
868 967 1006 996 aequum
1031 961 1088 992 est,
1108 967 1170 996 quo

199 1014 265 1034 non
289 1002 404 1033 attenti
424 1001 525 1032 simus
556 1000 595 1031 ad
626 999 893 1031 considerandam
924 999 957 1030 in
988 999 1169 1030 admirabili

201 1045 313 1077 mundi
337 1044 462 1084 opificio
486 1049 516 1074 et
540 1043 773 1082 gubernatione
798 1042 859 1073 Dei
887 1042 1090 1082 sapientiam,
1115 1052 1169 1082 po-

204 1089 347 1124 tentiam,
367 1087 551 1123 bonitatem,
569 1086 735 1117 iustitiam.
761 1085 825 1116 Sed
844 1086 918 1125 quia
937 1085 1080 1116 lubricae
1094 1088 1171 1116 sunt

203 1138 329 1162 mentes
343 1136 481 1164 nostrae,
497 1133 529 1160 et
540 1128 676 1159 subinde
689 1129 739 1159 vel
753 1128 907 1158 diffluunt.
920 1128 968 1159 vel
984 1127 1170 1158 distrahun-

203 1183 263 1212 tur,
274 1174 364 1204 Deus
374 1183 430 1212 pro
445 1183 503 1202 sua
514 1171 718 1211 indulgentia
728 1171 907 1202 infirmitati
923 1176 1170 1202 nostraeconsu-

202 1218 280 1253 lens,
306 1215 389 1246 diem
413 1225 513 1246 unum
537 1225 555 1245 a
579 1214 711 1254 reliquis
735 1219 880 1254 separat,
906 1220 937 1244 et
960 1213 998 1244 ab
1021 1213 1170 1244 omnibus

200 1259 337 1290 terrenis
360 1258 499 1298 negotiis
522 1262 553 1288 et
583 1258 670 1288 curis
700 1257 878 1287 immunem
909 1267 978 1288 esse
1001 1257 1106 1292 iubet,
1130 1266 1170 1286 ne

200 1302 276 1342 quid
300 1307 448 1333 sanetum
470 1299 549 1331 illud
574 1299 717 1330 studium
742 1299 904 1339 impediat.
950 1299 1022 1330 Hac
1046 1300 1170 1330 ratione

202 1356 265 1375 non
289 1344 477 1384 simpliciter
501 1343 600 1374 voluit
624 1342 768 1383 singulos
793 1342 880 1372 domi
910 1343 1090 1382 quiescere,
1115 1341 1169 1373 sed

201 1388 373 1418 convenire
397 1386 435 1417 ad
461 1386 693 1422 sanctuarium,
715 1390 750 1416 ut
768 1385 834 1415 illie
854 1385 1003 1425 precibus
1022 1390 1054 1415 et
1072 1384 1170 1416 sacri-

201 1431 280 1461 ficiis
315 1440 444 1469 operam
474 1428 588 1459 darent
618 1428 777 1467 simulque
811 1429 1005 1468 proficerent
1034 1428 1067 1458 in
1096 1427 1169 1459 doc-

200 1474 289 1504 trina
312 1472 440 1512 pietatis
464 1482 504 1502 ex
528 1471 608 1512 legis
632 1471 908 1511 interpretatione.
945 1470 1060 1510 Quoad
1088 1470 1170 1501 hanc

203 1522 346 1556 partem,
382 1515 473 1545 nobis
507 1524 580 1545 eum
615 1514 716 1545 veteri
756 1514 873 1554 populo
908 1513 1090 1546 communis
1124 1519 1170 1544 est

202 1558 352 1589 sabbathi
376 1557 563 1595 necessitas,
587 1562 620 1587 ut
645 1556 696 1587 die
720 1567 784 1587 uno
813 1557 905 1588 liberi
928 1557 1045 1592 simus,
1077 1560 1171 1596 atque

202 1603 247 1632 ita
271 1601 386 1631 melius
410 1600 514 1640 parati
539 1605 603 1630 tam
627 1599 666 1630 ad
686 1599 877 1631 discendum
901 1610 998 1639 quam
1017 1599 1056 1630 ad
1075 1599 1172 1630 fidem

202 1650 346 1675 nostram
376 1642 568 1674 testandam.
616 1643 745 1673 Tertius
779 1643 876 1673 etiam
917 1642 1064 1673 sabbathi
1099 1642 1173 1673 finis

201 1693 334 1718 notatur
357 1696 375 1716 a
398 1686 498 1723 Mose,
524 1685 578 1716 sed
602 1685 693 1725 quasi
718 1685 935 1722 accidentalis,
956 1690 991 1716 ut
1010 1686 1051 1716 sit
1068 1685 1174 1725 aliqua

203 1730 305 1761 servis
340 1728 506 1760 relaxatio.
564 1728 650 1766 Quia
680 1727 740 1759 hoc
774 1727 814 1759 ad
851 1728 997 1760 caritatis
1028 1728 1173 1769 regulam

201 1773 350 1812 pertinet,
375 1772 503 1812 proprie
528 1771 633 1802 locum
658 1782 721 1801 non
745 1770 843 1801 habet
866 1772 897 1802 in
923 1771 1028 1811 priore
1049 1771 1172 1802 tabula:

202 1816 336 1855 ideoque
356 1814 486 1845 additur
505 1825 523 1845 a
542 1814 633 1845 Mose
657 1818 813 1853 tanquam
834 1815 1015 1845 extrinseca
1036 1814 1172 1845 utilitas:

204 1866 237 1889 ut
261 1858 356 1898 paulo
380 1863 449 1897 post
474 1858 591 1887 iterum
617 1856 748 1888 dicetur.

289 1901 316 1932 8.
343 1900 524 1931 Recordare.
564 1899 687 1930 Eodem
708 1910 804 1931 sensu
829 1899 862 1930 in
882 1899 1015 1930 Denter.
1040 1900 1172 1931 dieitur:

204 1943 347 1975 Custodi.
382 1943 469 1973 Hinc
489 1942 670 1982 colligimus
689 1953 751 1973 non
773 1942 812 1973 de
831 1954 865 1973 rc
888 1942 952 1973 levi
980 1942 1077 1974 verba
1095 1943 1174 1979 fieri,

205 1987 260 2017 ubi
280 1986 370 2016 Deus
390 1996 454 2016 non
475 1995 539 2016 uno
560 1985 657 2016 verbo
680 1985 885 2017 sanctitatem
912 1985 1061 2016 sabbathi
1089 1996 1173 2017 com-

204 2030 343 2063 mendat,
380 2029 435 2059 sed
470 2027 607 2059 Iudaeos
631 2028 670 2059 ad
711 2028 879 2059 sollicitam
915 2028 1173 2059 observationem

207 2072 372 2109 hortatur,
400 2079 493 2111 atquc
518 2072 563 2102 ita
593 2071 752 2102 incuriam
780 2072 1048 2111 transgressionis
1071 2072 1175 2102 instar

204 2115 272 2145 sore
301 2115 503 2154 pronunciat.
551 2114 667 2151 Porro,
702 2124 801 2153 quum
841 2113 927 2145 dicit:
964 2113 1029 2145 Sex
1063 2114 1174 2145 diebus

205 2157 397 2197 operaberis,
417 2157 544 2196 oblique
564 2157 831 2196 ingratitudinem
851 2157 1033 2196 exprobrat,
1051 2157 1077 2188 si
1094 2157 1173 2188 forte

206 2201 270 2231 i'lis
294 2210 393 2240 grave
423 2207 507 2230 esset
530 2209 565 2230 ac
591 2199 762 2230 molestum
790 2200 875 2230 diem
905 2210 1006 2230 unum
1037 2211 1077 2230 ex
1103 2210 1171 2239 sep-

207 2251 270 2273 tem
298 2244 364 2273 Deo
390 2242 510 2277 dicare,
531 2253 629 2282 quum
657 2253 714 2282 pro
738 2253 795 2273 sua
820 2243 1011 2273 liberalitate
1035 2254 1090 2273 sex
1110 2242 1174 2273 illis
1199 2256 1200 2259 ¹

209 2286 382 2324 permittat.
418 2285 530 2325 Neque
550 2286 635 2316 enim
656 2284 704 2325 (ut
724 2286 836 2316 inscite
856 2286 986 2325 quidam
1007 2284 1174 2326 putarunt)

207 2329 305 2368 exigit
330 2340 385 2359 sex
419 2328 543 2358 dierum
574 2328 733 2363 laborem,
762 2327 817 2359 sed
847 2329 916 2367 ipsa
942 2328 1092 2359 facilitate
1121 2338 1174 2358 eos

207 2372 244 2401 ud
260 2371 437 2410 parendum
458 2371 565 2406 allicit,
586 2370 670 2410 quod
683 2372 853 2410 septimam
875 2379 999 2410 partem
1019 2370 1175 2401 duntaxat
1200 2405 1201 2411 ¹

208 2415 268 2443 sibi
283 2413 443 2445 vendicet:
462 2424 498 2444 ac
511 2414 537 2445 si
551 2413 683 2444 diceret:
701 2413 839 2452 Quando
853 2413 971 2445 assidui
989 2419 1054 2444 toto
1068 2413 1174 2444 studio
1199 2412 1201 2420 '

208 2464 239 2485 et
258 2457 375 2487 mentis
399 2457 578 2487 attentione
601 2467 671 2487 csse
696 2468 760 2487 non
785 2457 916 2496 potestis
940 2455 980 2487 ad
1003 2468 1052 2486 me
1079 2466 1173 2495 quae—

208 2499 353 2535 rendum,
379 2500 492 2529 saltem
514 2501 667 2537 exiguum
697 2498 824 2538 aliquod
854 2505 981 2538 tempus
1012 2499 1092 2529 mihi
1124 2510 1175 2529 va-

209 2552 305 2571 cuum
331 2542 503 2573 concedite.
550 2542 627 2572 Ideo
652 2542 741 2573 dicit:
774 2542 971 2573 Universum
996 2553 1090 2581 opus,
1115 2552 1175 2581 quo

209 2585 383 2622 significat,
414 2585 543 2624 dempto
574 2585 730 2616 sabbatho
760 2592 930 2624 suppetere
961 2583 1064 2615 adhuc
1098 2583 1176 2614 satis

207 2628 360 2666 temporis
385 2627 423 2657 ad
448 2628 557 2658 omnia
580 2628 718 2668 negotia.

905 177 1132 217 QUARTUM
1156 178 1477 211 PRAEGEPTUM.

1194 295 1196 319 1

2124 180 2190 212 580

1309 273 1356 304 10.
1384 272 1456 303 Non
1476 272 1576 312 facies
1597 282 1681 311 opus.
1727 272 1853 312 Nempe
1885 272 1968 312 quod
1999 273 2052 304 vel
2086 274 2190 314 pridie

1221 316 1335 347 confici
1356 316 1470 355 potuit,
1501 315 1551 346 vel
1577 315 1611 345 in
1631 315 1810 346 crastinum
1829 314 1952 346 differri
1975 320 2088 355 potest.
2120 317 2190 348 Au-

1221 357 1290 388 dire
1313 357 1392 389 duos
1416 358 1580 398 litigantes
1604 357 1763 389 iudicibus
1786 358 1833 389 fas
1860 369 1924 389 non
1955 358 2032 389 fuit:
2060 359 2088 390 si
2117 360 2189 400 quis

1222 405 1330 431 auten]
1352 401 1508 432 violenter
1524 410 1697 440 aggressus
1711 407 1794 431 esset
1808 400 2002 440 proximum,
2018 401 2189 441 prohibere

1221 443 1372 474 iniuriam
1397 444 1503 479 licuit,
1535 448 1566 473 et
1589 453 1682 482 opem
1706 443 1789 474 ferre
1812 443 1959 474 innoxio:
1984 444 2057 484 quia
2079 455 2188 476 neees-

1221 485 1300 517 sitas
1340 497 1463 517 moram
1504 495 1569 516 non
1610 485 1800 525 patiebatur.
1851 485 1969 517 Cibum
2008 486 2189 526 hospitibus

1221 539 1356 568 coquere
1389 540 1453 560 non
1487 528 1591 559 licuit:
1627 528 1653 558 si
1688 529 1743 559 bos
1777 528 1828 559 vel
1854 529 1964 560 asinus
1993 529 2026 560 in
2061 530 2187 561 foveam

1222 571 1389 607 ceciderat,
1414 570 1524 602 debuit
1547 570 1652 601 educi:
1678 571 1752 610 quia
1771 571 1926 610 postridie
1945 582 2053 603 serum
2077 572 2189 604 fuisset

1224 614 1392 645 auxilium.
1437 613 1509 644 Hac
1537 613 1575 644 de
1605 623 1701 644 causa
1724 614 1918 653 pronunciat
1938 613 2088 646 Christus
2117 615 2189 647 sab-

1220 656 1356 688 bathum
1392 657 1511 688 factum
1546 666 1614 687 esse
1650 655 1790 687 hominis
1823 657 1945 697 gratia,
1980 668 2044 688 non
2079 663 2187 689 autem

1222 699 1386 730 hominem
1426 702 1556 739 propter
1591 698 1781 729 sabbathum
1813 698 1928 740 (Mare.
1952 699 1980 738 2,
2005 699 2078 742 27):
2113 701 2189 740 quia

1222 752 1286 772 non
1310 742 1382 782 plus
1406 742 1506 782 exigit
1528 741 1619 772 Deus
1643 751 1740 781 quam
1771 743 1848 773 utile
1877 746 1947 773 erat
1976 742 2028 774 vel
2059 753 2189 775 neeesse

1223 783 1261 815 ad
1296 785 1450 825 populum
1485 785 1518 815 in
1551 784 1657 815 studio
1687 784 1815 824 pietatis
1850 785 2091 816 continendum.
2135 785 2189 817 Ita

1222 827 1334 858 bovem
1359 827 1399 858 ad
1431 827 1627 867 pascendum
1656 827 1805 858 emittere
1834 827 1971 868 impium
2000 829 2129 859 fuisset:
2161 828 2189 860 si

1221 876 1328 901 autem
1351 871 1483 901 exiisset
1496 869 1550 900 bos
1573 876 1757 909 cornupeta,
1781 870 1945 901 retrahere
1965 871 2005 901 ad
2023 871 2188 903 stabulum

1222 923 1262 943 ne
1285 913 1395 944 obvios
1418 912 1575 944 occideret
1598 912 1648 944 vel
1672 912 1815 943 laederet
1838 917 1964 944 rectum
1987 913 2058 944 fuit.

1309 955 1422 987 Servus
1443 958 1515 986 tuus
1539 958 1565 985 et
1586 955 1708 987 aneilla.
1754 954 1948 995 Quanquam
1973 955 2007 987 in
2030 955 2188 988 Deutero-

1221 998 1329 1029 nomio
1352 997 1495 1035 additur,
1519 997 1625 1029 Deum
1652 998 1805 1037 aequitati
1833 998 2001 1030 consulere
2024 998 2101 1030 dum
2121 1010 2188 1030 ser-

1222 1042 1272 1072 vis
1296 1045 1327 1072 et
1350 1041 1475 1072 ancillis
1498 1041 1719 1072 remissionem
1744 1051 1762 1071 a
1785 1041 1893 1072 labore
1918 1041 1987 1072 dari
2016 1041 2120 1079 iubet,
2152 1052 2188 1074 ac

1223 1083 1255 1113 in
1279 1084 1466 1114 memoriam
1486 1083 1646 1114 Israelitis
1669 1092 1838 1115 revocatur
1856 1084 1954 1115 fuisse
1973 1084 2049 1115 olim
2068 1095 2188 1122 servos,

1222 1137 1283 1165 quo
1306 1127 1409 1166 magis
1426 1126 1465 1157 ad
1485 1126 1718 1157 humanitatem
1738 1127 1803 1157 sint
1822 1127 1986 1166 propensi:
2012 1126 2188 1159 tenendum

1224 1174 1331 1199 tamen
1355 1174 1403 1200 est
1426 1169 1508 1209 quod
1533 1168 1702 1206 admonui,
1722 1171 1850 1209 proprie
1880 1174 2060 1209 spectatum
2087 1170 2189 1201 fuisse

1223 1222 1324 1242 unum
1348 1212 1410 1242 Dei
1433 1212 1565 1243 cultum.
1611 1211 1740 1243 Scimus
1771 1217 1878 1243 autem
1910 1216 2012 1243 totum
2038 1212 2190 1244 Abrahae

1223 1265 1325 1295 genus
1348 1255 1393 1286 sie
1416 1254 1514 1285 fuisse
1538 1255 1606 1285 Deo
1631 1265 1776 1293 sacrum,
1799 1261 1834 1286 ut
1857 1255 1942 1286 servi
1966 1260 2074 1286 essent
2091 1266 2188 1296 quae-

1224 1297 1296 1328 dam
1329 1297 1482 1335 accessio,
1512 1297 1596 1328 unde
1627 1302 1658 1328 et
1686 1297 1886 1329 circumcisio
1914 1298 2095 1329 communis
2124 1298 2190 1329 illis

1222 1339 1295 1370 fuit.
1341 1340 1384 1370 Et
1417 1345 1501 1371 certe
1533 1340 1629 1371 nimis
1660 1340 1835 1371 absurdum
1866 1345 1929 1378 est,
1964 1340 2127 1372 hominem
2158 1341 2191 1372 in

1224 1382 1345 1413 familia.
1368 1382 1417 1413 cui
1437 1388 1571 1422 praeest,
1595 1387 1627 1413 et
1650 1383 1682 1413 in
1699 1393 1762 1423 qua
1785 1383 1855 1414 vult
1879 1384 2009 1423 agnosci
2033 1383 2192 1422 dominus,

1224 1425 1333 1457 fovere
1356 1426 1527 1465 profanum
1552 1426 1614 1456 Dei
1638 1430 1870 1466 contemptum.
1916 1425 1992 1457 Alia
2020 1426 2190 1466 inquilino-

1224 1479 1296 1499 rum
1320 1469 1411 1505 ratio,
1431 1468 1547 1507 quibus
1567 1479 1695 1499 neeesse
1714 1468 1777 1499 fuit
1795 1469 1959 1508 quiescere
1979 1468 2029 1500 die
2047 1469 2193 1509 septimo,

1224 1511 1371 1551 quamvis
1389 1511 1423 1541 in
1443 1511 1610 1550 praeputio
1633 1516 1810 1542 manerent.
1842 1511 1955 1551 Neque
1974 1513 2060 1543 enim
2080 1512 2194 1543 alieni-

1225 1564 1325 1595 genas
1354 1558 1480 1584 tantum
1511 1553 1658 1594 designat
1688 1554 1741 1593 qui
1775 1554 1839 1594 legi
1874 1565 1992 1585 nomen
2026 1554 2191 1593 dederant,

1224 1596 1280 1628 sed
1302 1597 1399 1627 etiam
1423 1597 1672 1627 incircumcisos.
1708 1596 1744 1628 Si
1768 1598 1839 1637 quis
1862 1598 2002 1637 excipiat
2024 1608 2192 1638 perperam

1224 1640 1323 1671 factos
1346 1649 1415 1670 esse
1438 1643 1603 1670 consortes
1623 1640 1705 1670 sacri
1729 1639 1865 1680 symboli
1896 1651 1958 1680 quo
1988 1640 2079 1671 Deus
2110 1640 2192 1671 elec-

1225 1688 1294 1713 tum
1318 1682 1470 1722 populum
1501 1681 1561 1713 sibi
1592 1681 1797 1719 devinxerat,
1828 1683 1945 1714 solutio
1974 1683 2009 1713 in
2040 1687 2191 1723 promptu

1225 1730 1288 1763 est,
1320 1736 1383 1756 non
1414 1725 1535 1755 factum
1567 1724 1663 1756 fuisse
1687 1735 1799 1755 eorum
1823 1735 1930 1762 causa,
1962 1725 2017 1757 sed
2048 1737 2089 1757 ne
2115 1725 2192 1766 quid

1225 1772 1408 1800 occurreret
1420 1767 1578 1798 Israelitis
1593 1772 1669 1798 ante
1685 1768 1792 1798 oculos
1808 1768 1964 1799 sabbatho
1977 1768 2192 1800 contrarium:

1225 1810 1307 1851 quod
1342 1811 1460 1842 clarius
1490 1811 1671 1850 perspicere
1705 1811 1780 1841 lieet
1814 1811 1848 1841 in
1884 1811 1982 1842 bobus
2017 1817 2048 1842 et
2082 1811 2192 1843 asinis.

1225 1855 1321 1885 Certe
1345 1854 1434 1884 Deus
1457 1863 1475 1883 a
1499 1852 1603 1883 brutis
1627 1852 1821 1884 animalibus
1845 1854 1968 1884 cultum
1992 1854 2193 1894 spiritualem

1225 1906 1391 1936 nunquam
1405 1895 1557 1935 exigeret.
1591 1894 1655 1926 Sed
1670 1895 1771 1926 voluit
1784 1895 1874 1927 Deus
1887 1897 1988 1927 otium
2002 1897 2194 1928 animalium

1225 1950 1282 1979 pro
1306 1939 1495 1970 documento
1519 1949 1604 1974 esse,
1636 1943 1671 1968 ut
1701 1949 1889 1978 quocunque
1918 1944 2083 1970 verterent
2107 1940 2194 1971 Isra-

1225 1982 1320 2013 elitae
1339 1981 1445 2013 oculos
1458 1981 1670 2012 incitarentur
1690 1981 1729 2011 ad
1751 1981 1900 2012 sabbathi
1923 1982 2194 2014 observationem.

1225 2025 1293 2056 Nec
1317 2025 1442 2060 mirum,
1466 2023 1594 2063 quando
1617 2024 1650 2054 in
1674 2024 1838 2055 communi
1858 2024 1946 2055 luctu
1967 2025 2021 2063 qui
2040 2025 2194 2064 suscipie-

1226 2069 1322 2099 batur
1356 2066 1396 2098 ad
1431 2066 1663 2106 deprecandam
1700 2066 1781 2097 iram
1821 2067 1899 2105 Dei,
1939 2067 2097 2098 indictum
2132 2067 2196 2098 fuit

1226 2110 1382 2142 ieiunium
1405 2109 1506 2140 brutis
1531 2109 1737 2140 animalibus:
1771 2114 1806 2139 ut
1835 2109 1894 2141 hoc
1925 2110 2108 2149 spectaculo
2140 2109 2195 2141 ad-

1226 2153 1341 2184 moniti
1371 2152 1479 2183 miseri
1509 2151 1671 2189 homines,
1707 2151 1819 2191 culpae
1854 2153 2048 2192 gravitatem
2079 2152 2195 2184 melius

1227 2196 1392 2231 sentirent,
1416 2199 1447 2226 et
1471 2201 1647 2234 spontaneo
1671 2198 1762 2225 reatu
1782 2195 2011 2234 praevenirent
2027 2194 2088 2226 Dei
2113 2195 2194 2226 iudi-

1227 2240 1326 2277 cium,
1349 2238 1471 2277 sibique
1490 2238 1523 2267 in
1544 2238 1681 2276 peccatis
1705 2238 1787 2268 serio
1809 2237 2032 2277 displicerent,
2057 2248 2196 2278 quorum

1227 2292 1361 2322 poenam
1396 2281 1504 2319 aliqua
1528 2290 1567 2310 ex
1599 2284 1690 2319 parte
1720 2279 1874 2311 videbant
1902 2281 2023 2320 imponi
2054 2281 2198 2313 innoxiis

1227 2323 1430 2356 animalibus.
1467 2322 1559 2353 Adde
1579 2322 1663 2362 quod
1684 2323 1709 2353 si
1734 2323 1784 2354 vel
1806 2323 1940 2354 minima
1962 2323 2093 2355 libertas
2116 2323 2196 2355 fuis-

1227 2372 1275 2399 set
1298 2366 1362 2397 illis
1386 2366 1557 2406 permissa,
1582 2365 1736 2397 cessando
1757 2366 1859 2397 multa
1883 2366 2032 2398 fecissent
2056 2367 2089 2397 in
2108 2367 2194 2398 frau-

1227 2410 1298 2442 dem
1319 2409 1408 2449 legis,
1433 2419 1530 2448 opera
1549 2418 1606 2439 sua
1626 2418 1682 2448 per
1702 2408 1877 2448 inquilinos
1902 2414 1934 2440 ct
1956 2409 2100 2440 iumenta
2123 2419 2196 2449 per-

1225 2452 1359 2494 agendo.

1314 2495 1361 2525 11.
1390 2494 1540 2533 Quoniam
1566 2504 1620 2524 sca·
1650 2494 1757 2525 diebus·
1782 2494 1853 2533 fecit
1883 2494 2005 2526 Irhova.
2051 2495 2103 2526 Ex
2134 2495 2194 2528 hoc

1227 2539 1295 2569 loco
1320 2536 1492 2577 probabilis
1511 2538 1696 2567 coniectura
1719 2537 1853 2574 elicitur,
1878 2537 2027 2568 sabbathi
2046 2539 2195 2570 sanctita-

1228 2590 1292 2612 tem
1317 2580 1415 2610 fuisse
1439 2579 1576 2619 priorem
1602 2580 1680 2619 lege.
1726 2580 1769 2610 Et
1794 2586 1878 2611 certe
1902 2580 1985 2620 quod
2015 2586 2090 2612 ante
2120 2592 2192 2612 nar·

1201 2640 1203 2649 ›
1230 2624 1312 2655 ravit
1337 2623 1460 2660 Moses,
1491 2623 1608 2654 vetitos
1633 2623 1730 2653 fuisse
1754 2622 1804 2654 die
1828 2624 1962 2663 septimo
1986 2634 2108 2655 manna
2130 2624 2193 2656 col-
