2304 3034
217 173 255 203 31
812 171 1180 205 COMMENTARIUS
1201 173 1251 204 IN
1274 172 1423 204 EXODI
1446 172 1541 204 GAP.
1566 172 1610 203 ΙΙ.
2069 203 2071 207 ,
2163 174 2205 206 32

217 268 329 307 Neque
363 276 438 297 vero
473 263 645 305 quadraret
679 265 712 294 in
743 265 889 304 coniugio
918 276 1051 304 prorsus
1082 266 1181 297 taceri

218 320 336 341 nomen
357 309 473 348 patris:
498 313 527 337 et
547 307 725 338 violentum
746 312 793 337 est
812 313 1041 345 commentum,
1063 309 1095 338 in
1115 313 1182 339 tam

217 353 394 393 propinquo
417 354 572 382 contextu
599 349 680 380 duos
704 349 852 380 homines
881 349 990 380 codem
1019 351 1184 382 affinitatis

218 395 321 435 gradu
355 393 488 425 censeri.
545 392 637 422 Adde
670 391 755 431 quod
789 393 815 423 si
850 392 960 423 Iethro
994 392 1080 424 filius
1114 399 1184 424 erat

218 437 366 473 Bethuel,
392 435 519 467 easdem
540 434 634 466 aedes
654 434 848 472 inhabitans,
872 434 1051 466 membrum
1071 436 1185 467 fuisset

217 480 366 516 familiae,
388 489 452 509 non
476 484 579 517 eaput,
605 488 640 509 ac
665 477 799 517 proinde
824 488 885 508 non
906 478 1066 509 diceretur
1078 479 1184 509 Moses

218 523 344 563 pavisse
368 522 437 552 eius
460 531 602 560 gregem.
638 520 708 550 Iam
734 520 897 559 probabile
921 527 969 551 est
988 520 1091 551 Hobal
1116 521 1185 562 (qui

217 571 327 605 postea
350 564 518 595 vocabitur
537 563 622 593 filius
636 562 785 599 Bethuel‚
808 563 904 594 Num.
926 574 993 602 cap.
1017 563 1067 605 10)
1087 564 1184 595 fuisse

217 609 358 639 levirum
381 607 499 644 Mosis,
524 606 574 637 vel
598 606 709 636 uxoris
732 606 881 637 fratrem:
914 606 1000 637 unde
1023 606 1185 646 colligitur

216 651 329 681 Iethro
353 650 448 681 fuisse
481 649 693 686 binominem,
724 648 807 688 quod
839 649 916 679 satis
943 649 1097 679 usitatum
1127 655 1183 681 est.

217 694 301 724 Nam
326 692 430 723 Hobal
463 702 531 723 esse
562 702 658 731 quem
690 691 742 721 hic
764 691 872 722 Moses
896 691 1006 722 Iethro
1030 693 1184 729 nominat,

218 735 394 767 absurdum
418 739 481 772 est,
513 738 545 765 et
568 735 687 773 absque
711 735 834 764 ratione
858 734 1001 774 fingitur.
1048 735 1186 766 Venisse

218 779 330 810 Ietbro
365 780 397 809 in
433 777 594 808 desertum
631 782 666 807 ut
696 777 780 807 Mosi
811 777 1047 817 gratularetur,
1077 784 1186 817 postea

218 822 407 858 videbimus,
429 820 483 851 sed
505 824 656 850 narratur
676 819 793 850 ibidem
814 821 911 850 fuisse
931 819 1108 851 dimissum.
1144 821 1187 851 Et

218 872 304 897 certe
336 875 399 895 non
431 864 475 893 ita
506 863 686 893 humanum
717 862 845 899 fuisset,
876 873 994 902 urgere
1023 862 1185 894 hominem

219 908 310 939 senio
323 907 503 938 confectum
518 911 553 936 ut
566 906 671 945 ipsum
691 905 725 935 in
747 905 951 945 expeditione
967 905 1185 937 comitaretur.

219 951 303 981 Nam
333 950 358 980 si
392 949 503 980 Mosen
536 953 641 979 aetate
672 949 859 987 superabat,
889 949 944 978 vix
976 954 1044 979 tum
1075 949 1187 980 fuisset

219 994 324 1024 minor
348 992 576 1032 nonagenario.
625 990 701 1022 Seni
729 998 836 1021 autem
867 990 1029 1030 decrepito
1052 992 1186 1032 promit-

220 1041 286 1066 tere
310 1035 427 1067 laboris
453 1034 649 1072 mercedem,
681 1040 849 1073 postquam
881 1040 1015 1064 ventum
1047 1040 1131 1065 esset
1153 1035 1187 1065 in

220 1084 338 1109 terram
363 1078 537 1114 Chanaan,
569 1077 663 1108 euius
687 1077 800 1108 fuisset
824 1076 1040 1116 prudentiae?
1065 1077 1187 1108 Verum

220 1128 286 1152 tota
305 1120 525 1152 controversia
544 1120 577 1150 in
599 1131 661 1150 uno
682 1120 780 1150 verbo
800 1120 890 1151 facilc
910 1119 1082 1156 dirimitur,
1103 1120 1187 1160 quod

220 1164 331 1195 scribit
353 1164 463 1195 Moses
493 1163 603 1194 Iethro
635 1162 733 1194 fuisse
760 1173 943 1194 reversum:
976 1162 1082 1194 Hobal
1112 1174 1188 1194 vero

220 1218 411 1248 persuasum
436 1207 532 1237 fuisse
556 1210 591 1237 ut
615 1210 770 1243 maneret,
794 1216 830 1236 ac
853 1205 1001 1246 precibus
1025 1206 1187 1246 obtempe-

221 1261 317 1281 rasse.
354 1248 486 1289 Optime
510 1254 619 1279 autem
642 1249 794 1280 convenit
818 1259 926 1279 senem
940 1248 1090 1285 BethueL
1114 1249 1188 1288 quia

220 1293 372 1324 ferendae
403 1292 519 1332 longae
548 1292 800 1331 peregrinationi
835 1296 866 1322 et
899 1291 1051 1323 molestae
1086 1292 1190 1331 impar

221 1342 300 1372 erat,
314 1335 443 1366 domum
464 1335 575 1366 statim
588 1334 730 1371 rediisse,
751 1334 862 1365 relicto
882 1334 966 1374 apud
981 1335 1094 1365 Mosen
1114 1335 1188 1371 filio,

221 1380 275 1419 qui
299 1378 481 1418 speculator
503 1378 586 1408 foret
609 1388 645 1409 ac
669 1377 735 1408 dux
758 1377 892 1408 itineris.

309 1422 357 1453 18.
383 1420 425 1452 Et
447 1431 542 1460 quum
560 1421 712 1451 venissent
731 1421 772 1451 ad
787 1420 922 1451 Betlzuel.
958 1419 1031 1451 Non
1051 1419 1190 1451 arbitror

221 1465 300 1497 vitio
329 1474 398 1495 esse
432 1462 624 1495 vertendum
662 1463 789 1494 filiabus
824 1463 962 1494 Bethucl
993 1463 1075 1503 quod
1107 1463 1190 1494 Mosi

221 1518 287 1539 non
321 1507 498 1537 obtulerint
533 1506 727 1546 hospitium:
769 1507 843 1545 qnia
878 1510 909 1536 et
943 1505 1067 1546 puellas
1102 1505 1191 1537 decet

221 1550 387 1586 modestia,
407 1554 437 1580 et
458 1555 548 1589 patre
567 1550 666 1579 inscio
690 1549 894 1579 introducere
918 1548 1082 1579 hominem
1105 1552 1193 1579 exte-

222 1604 295 1624 rum
320 1598 351 1623 et
369 1593 578 1632 incognitum,
603 1592 721 1622 nimiae
742 1592 891 1622 audaciae
911 1592 1031 1622 fuisset.
1071 1591 1190 1622 Verum

223 1637 313 1667 Deus
348 1635 483 1675 inspirat
519 1634 620 1674 patris
650 1635 757 1665 animo
789 1634 999 1675 gratitudinis
1029 1634 1191 1672 affectum,

223 1685 259 1710 ut
283 1679 391 1709 iubeat
415 1678 504 1708 illum
524 1678 652 1709 accersi.
688 1678 737 1708 Ita
752 1678 861 1708 Moses
882 1689 900 1708 a
922 1683 1017 1717 puteo
1036 1676 1191 1708 abductus

223 1721 355 1752 domum
379 1721 497 1760 reperit
523 1721 554 1751 in
579 1731 642 1760 qua
666 1726 695 1751 et
720 1720 888 1751 commode
914 1720 1046 1757 habitet,
1071 1730 1191 1760 suoque

223 1765 331 1795 labore
356 1764 454 1801 vivat,
478 1771 509 1794 et
533 1764 602 1794 iure
622 1763 790 1794 affinitatis
814 1763 1000 1794 humaniter
1024 1768 1190 1794 tractetur.

223 1808 265 1838 Et
289 1811 375 1838 certe
398 1806 522 1837 medela
553 1806 660 1846 aliqua
683 1817 763 1846 opus
787 1806 859 1844 fuit,
891 1816 972 1846 quae
996 1806 1190 1845 multiplices

223 1860 315 1881 curas
340 1854 370 1880 et
395 1850 518 1880 dolores
543 1849 674 1879 leniret:
699 1849 826 1889 quando
851 1849 932 1880 dura
955 1854 1024 1880 erat
1048 1849 1191 1887 tentatio,

223 1899 254 1923 et
289 1903 369 1932 quae
404 1903 467 1923 non
500 1892 593 1923 modo
628 1892 714 1922 diros
749 1892 909 1923 cruciatus
951 1896 1093 1931 pareret,
1135 1891 1191 1922 sed

223 1935 450 1976 desperatione
473 1936 596 1966 centies
619 1935 769 1966 obrueret
793 1939 941 1966 sanctum
972 1935 1096 1971 virum,
1129 1935 1190 1965 nisi

223 1979 353 2009 aliunde
373 1979 485 2009 fuisset
505 1977 670 2016 suffultus,
690 1978 840 2008 exsilium
861 1977 1077 2017 quadraginta
1093 1988 1191 2008 anno-

224 2032 296 2052 rum
331 2021 483 2061 perferre.
541 2020 709 2059 Quantum
744 2021 776 2051 in
812 2028 876 2051 tam
915 2021 1068 2051 diuturna
1102 2030 1193 2050 mora

223 2071 308 2095 esset
331 2064 438 2102 taedii,
462 2064 564 2094 cuivis
584 2070 732 2094 nostrum
757 2075 795 2094 ex
822 2063 951 2103 proprio
974 2073 1070 2094 sensu
1095 2063 1192 2093 conii-

223 2118 295 2138 cere
320 2114 503 2146 promptum
522 2114 582 2137 est:
609 2108 799 2147 praesertim
820 2117 919 2145 quum
940 2106 1064 2137 videret
1082 2106 1193 2136 florem

223 2150 337 2181 aetatis
357 2149 539 2186 defluxisse,
564 2154 595 2180 et
615 2151 677 2180 iam
701 2149 868 2180 concidere
893 2148 999 2186 robur,
1024 2154 1058 2178 ut
1082 2159 1192 2188 parum

225 2193 358 2223 idoneus
383 2193 414 2222 in
440 2198 605 2232 posterum
630 2198 715 2222 esset
739 2192 770 2222 in
796 2192 892 2222 rebus
916 2191 1075 2232 gerendis.
1123 2191 1192 2221 Dif-

224 2235 307 2267 ficile
331 2236 430 2275 igitur
455 2242 531 2271 erat,
557 2236 717 2266 intentum
738 2246 806 2266 csse
827 2235 865 2265 ad
886 2245 956 2265 eam
980 2234 1191 2270 vocationem,

225 2289 305 2318 quae
342 2277 443 2308 videri
479 2284 604 2317 poterat
638 2278 850 2318 quadraginta
893 2287 1050 2307 annorum
1091 2276 1193 2316 spatio

226 2321 378 2361 abrogata
410 2321 458 2351 vel
491 2321 641 2351 obsoleta.
689 2321 883 2360 Mitigantur
905 2320 1011 2359 aliqua
1034 2330 1073 2350 ex
1104 2324 1193 2358 parte

227 2371 291 2394 tan]
316 2374 434 2403 graves
460 2364 623 2395 molestiae
647 2369 679 2394 et
703 2365 899 2398 anxietates,
929 2373 991 2393 non
1015 2362 1060 2393 sie
1085 2367 1192 2391 tamen

226 2407 305 2446 quin
325 2411 493 2437 recurrant
512 2406 649 2437 subinde
669 2407 791 2437 multae
810 2406 1020 2446 cogitationes
1039 2405 1071 2434 in
1092 2403 1194 2434 diver-

229 2460 297 2480 sam
329 2454 464 2489 partem.
511 2449 585 2487 Quo
615 2449 792 2479 mirabilior
818 2455 866 2479 est
890 2448 951 2479 Dei
975 2448 1088 2487 gratia,
1113 2457 1194 2486 quae

229 2493 314 2522 inter
338 2496 384 2523 tot
408 2493 663 2532 perturbationes
687 2493 831 2532 quietum
856 2496 886 2521 et
909 2489 1068 2530 placidum
1094 2489 1192 2520 conti-

230 2535 316 2571 nuit,
353 2541 389 2565 ut
423 2544 550 2575 tempus
594 2536 792 2574 incognitum
834 2538 1024 2573 expectans,
1067 2532 1120 2562 vili
1162 2536 1193 2561 et

230 2577 352 2608 abiecta
375 2583 461 2609 sorte
485 2583 658 2608 contentus
683 2578 781 2608 foret:
806 2582 837 2608 et
869 2575 1010 2616 quotidie
1037 2574 1075 2605 ad
1101 2584 1191 2605 exse-

230 2620 391 2659 quendum
427 2620 638 2660 redemptoris
673 2630 807 2657 munus,
843 2619 930 2660 quasi
966 2619 998 2648 in
1027 2617 1193 2657 procinctu

1233 272 1343 299 staret.
1401 267 1450 298 De
1484 266 1583 298 verbo
1618 268 1670 298 ‘m’
1707 277 1770 296 non
1811 265 1963 297 convenit
1998 266 2084 297 inter
2117 267 2204 308 ipsos

1233 320 1359 350 quoque
1391 309 1576 341 Hebraeos:
1614 309 1689 349 quia
1729 308 1823 339 multi
1864 317 2058 339 consensum
2098 310 2204 341 notari

1234 357 1350 393 putant
1373 352 1541 389 duntaxat,
1565 352 1619 382 alii
1644 351 1806 391 accipiunt
1829 361 1885 390 pro
1904 351 2020 382 iurare.
2056 352 2100 382 Et
2122 352 2204 384 forte

1235 396 1337 426 noluit
1360 395 1478 434 hospiti
1510 395 1674 435 incognito
1704 394 1803 424 filiam
1827 403 1921 424 suam
1945 393 2022 425 dare
2052 394 2202 434 Bethuel,

1235 439 1298 469 nisi
1321 449 1355 469 se
1378 437 1516 468 iurando
1539 438 1755 478 obstringeret
1777 436 1842 468 illic
1866 436 2102 467 habitaturum:
2127 438 2203 478 quia

1235 480 1414 511 timendum
1446 480 1563 520 alioqui
1594 485 1664 511 erat
1685 491 1725 510 ne
1750 479 1858 510 Moses
1889 479 1951 509 alio
1974 489 2049 510 mox
2071 490 2205 511 uxorem

1236 523 1417 555 abduceret.
1463 523 1516 554 Ita
1544 523 1685 563 coniugii
1717 523 1832 562 pignus
1863 521 1925 552 fuit
1954 521 2106 553 manendi
2131 533 2206 562 pro-

1236 566 1353 597 missio.
1405 565 1501 598 Unde
1529 566 1723 606 perspicitur
1752 564 1872 596 saeeuli
1902 564 1991 596 illius
2026 564 2206 605 integritas,

1236 609 1320 648 quod
1345 612 1435 639 tanta
1457 608 1598 648 viguerit
1621 607 1832 639 iurisiurandi
1864 607 1978 648 religio
2002 607 2041 638 ob
2065 608 2207 639 nominis

1237 652 1299 682 Dei
1323 652 1555 689 reverentiam,
1589 655 1625 681 ut
1648 651 1707 682 hoc
1732 651 1861 681 vinculo
1885 650 2040 690 utrinque
2063 651 2207 682 contenti

1239 694 1369 725 fuerint.

1323 737 1373 768 22.
1406 736 1529 767 Vocavz't
1558 745 1666 767 nomen
1696 735 1762 765 ems
1789 735 1915 766 Ge‘rson.
1964 735 2059 775 Quod
2090 740 2208 776 putant

1238 779 1490 820 gratulatorium
1510 789 1578 810 esse
1598 789 1715 809 nomen
1736 778 1775 808 ad
1795 777 1966 809 levandam
1986 778 2092 809 exsilii
2109 779 2208 810 mole-

1239 822 1344 859 stiam,
1366 821 1445 852 mihi
1465 832 1528 852 non
1550 821 1719 861 probatur:
1745 821 1819 860 quia
1838 821 1944 860 potius
1964 822 2067 852 sentio
2081 822 2207 859 Mosen,

1239 873 1273 895 ut
1292 870 1356 895 tam
1371 876 1404 896 se
1417 865 1521 905 ipsum
1541 875 1636 904 quam
1659 874 1805 895 socerum
1826 868 1858 894 et
1876 875 2011 895 uxorem
2028 875 2210 896 commone—

1238 908 1373 944 faceret,
1405 907 1479 938 alibi
1509 918 1542 938 se
1572 906 1712 947 patriam
1744 917 1914 946 quaerere,
1945 907 2011 938 illie
2039 918 2116 938 vero
2140 917 2210 939 esse

1239 950 1451 990 inquilinum,
1487 960 1605 980 nomen
1640 949 1830 989 imposuisse
1870 950 1946 980 filio.
2004 949 2072 982 Nec
2103 949 2211 982 obstat

1239 993 1408 1033 promissio
1444 991 1611 1023 habitandi
1645 1003 1717 1023 eum
1753 1002 1877 1030 secere,
1911 1002 1973 1032 qua
2007 1003 2040 1023 se
2069 1004 2134 1024 non
2163 993 2211 1024 ita

1240 1036 1394 1076 obligavit
1414 1040 1448 1066 ut
1470 1036 1581 1075 iugum
1601 1038 1768 1066 excuteret
1792 1035 1922 1066 divinae
1946 1035 2134 1072 vocationis,
2157 1035 2211 1067 vel

1241 1079 1458 1119 abrumperet.
1505 1078 1646 1108 Tantum
1676 1077 1821 1109 adhibita
1851 1078 1912 1108 fuit
1935 1078 2042 1109 cautio
2066 1079 2100 1109 in
2124 1079 2210 1110 hunc

1241 1122 1338 1152 finem
1374 1132 1412 1152 ne
1442 1121 1548 1152 Moses
1582 1121 1727 1157 domum,
1758 1120 1813 1151 ubi
1844 1121 1950 1151 fuerat
1981 1125 2046 1151 tam
2077 1122 2212 1152 comiter

1241 1169 1405 1204 exceptus,
1429 1163 1563 1195 levitate
1587 1163 1757 1194 desereret.
1803 1162 1874 1194 Iam
1897 1163 2051 1194 credibile
2075 1175 2139 1194 non
2164 1168 2212 1195 est

1241 1217 1315 1238 eum
1335 1206 1372 1237 de
1391 1217 1488 1237 eausa
1506 1205 1612 1237 exsilii
1631 1206 1678 1236 sui
1694 1205 1847 1236 tacuisse:
1868 1206 1987 1246 partim
2007 1211 2044 1237 ut
2063 1207 2212 1238 maleficii

1242 1250 1458 1289 suspicionem
1478 1254 1647 1287 averteret,
1670 1259 1705 1279 ac
1724 1248 1945 1279 testimoninm
1965 1249 2116 1280 redderet
2135 1260 2213 1281 suae

1242 1293 1462 1329 innocentiae,
1504 1292 1622 1331 partim
1668 1295 1704 1321 ut
1748 1301 1862 1331 praeeo
1906 1296 1990 1322 esset
2035 1291 2211 1332 singularis

1243 1336 1382 1375 gratiae,
1413 1345 1476 1375 qua
1507 1335 1596 1365 Deus
1624 1334 1780 1374 populum
1810 1333 1911 1365 Israel
1947 1334 2098 1375 dignatus
2133 1340 2210 1366 erat.

1243 1379 1330 1418 Ergo
1365 1388 1451 1409 nunc
1478 1377 1511 1408 in
1543 1377 1673 1408 nomine
1709 1376 1766 1407 filii
1802 1376 1968 1407 assiduum
2000 1376 2051 1418 (ut
2081 1377 2209 1419 vocant)

1243 1421 1429 1451 memoriale
1453 1420 1513 1451 sibi
1536 1429 1703 1451 occurrere
1727 1419 1839 1454 voluit,
1863 1429 1925 1458 quo
1949 1421 2146 1451 excitaretur
2169 1420 2210 1451 ad

1243 1474 1333 1503 spem
1357 1462 1588 1502 redemptionis
1610 1462 1795 1502 promissae.
1830 1462 1963 1493 Terram
1984 1463 2069 1493 enim
2089 1463 2122 1493 in
2147 1474 2210 1503 qna

1244 1506 1371 1537 videtur
1395 1505 1603 1545 tranquillam
1635 1506 1806 1535 stationem
1831 1509 1863 1535 et
1886 1504 2065 1536 iucundum
2094 1505 2208 1536 nidum

1244 1549 1415 1589 reperisse,
1450 1548 1654 1588 peregrinam
1690 1547 1749 1578 sibi
1784 1558 1852 1578 esse
1887 1548 2089 1588 pronunciat.
2142 1548 2210 1580 Nec

1245 1602 1321 1623 vero
1355 1596 1518 1631 comparat
1554 1590 1683 1621 Madian
1724 1591 1888 1630 Aegypto7
1928 1591 2002 1630 quia
2042 1591 2210 1631 utriusque

1244 1639 1348 1665 terrae
1362 1634 1494 1675 perinde
1513 1642 1583 1664 erat
1601 1633 1794 1673 inquilinus:
1814 1632 1868 1663 sed
1882 1633 2063 1673 ubicunque
2077 1633 2210 1673 habitet,

1243 1682 1436 1708 extraneum
1459 1687 1492 1707 se
1515 1686 1584 1707 esse
1608 1676 1757 1712 declarat,
1780 1675 1881 1706 donec
1900 1676 2035 1716 adeptus
2054 1677 2095 1707 sit
2113 1687 2209 1716 quam

1244 1720 1333 1751 Dens
1364 1720 1556 1760 promiserat
1579 1718 1821 1749 haereditatem.
1868 1719 1911 1749 Et
1934 1729 2010 1749 sane
2034 1719 2210 1750 absurdum

1243 1763 1371 1800 fuisset,
1403 1766 1551 1802 respectu
1576 1762 1731 1801 Aegypti,
1763 1766 1881 1791 terram
1915 1771 2029 1792 vocare
2059 1762 2208 1801 alienam,

1244 1806 1299 1837 ubi
1323 1805 1436 1836 stabile
1461 1810 1531 1835 erat
1565 1804 1778 1835 domicilium:
1811 1804 2001 1843 pracsertim
2025 1815 2122 1845 quum
2146 1805 2210 1837 fide

1245 1848 1416 1888 impulsus,
1448 1851 1530 1878 teste
1560 1847 1703 1886 apostolo
1734 1846 1829 1887 (Heb.
1863 1847 1910 1884 11,
1941 1846 1995 1889 27)
2028 1848 2212 1888 reliquisset

1244 1896 1364 1922 terram
1389 1890 1487 1921 illam.
1524 1889 1671 1928 Denique
1688 1889 1834 1920 videmus
1857 1890 2013 1921 fovendae
2050 1891 2210 1931 simulque

1244 1933 1413 1964 testandae
1437 1943 1513 1963 suae
1532 1932 1606 1963 fidei
1631 1933 1796 1962 materiam
1826 1934 2038 1972 quaesivisse,
2062 1933 2116 1964 ubi
2136 1944 2208 1974 pro-

1244 1976 1346 2008 fessus
1371 1980 1421 2007 est
1445 1986 1478 2006 se
1503 1975 1703 2015 peregrinari
1727 1975 1759 2006 in
1785 1975 1890 2006 aliena
1915 1976 2056 2016 regione.

1329 2062 1379 2092 23.
1412 2060 1533 2092 Accidit
1564 2063 1665 2091 autem
1692 2060 1798 2091 (liebus
1827 2061 1892 2091 illis
1921 2061 2042 2098 multis,
2072 2063 2211 2093 mortuus

1244 2106 1286 2135 est
1308 2115 1364 2134 rea:
1388 2104 1538 2143 Aeyypti:
1565 2105 1591 2133 et
1613 2103 1848 2142 suspimwerunt
1873 2103 1934 2142 filil
1958 2104 2061 2135 Israel
2084 2107 2211 2143 propter

1244 2157 1328 2186 opus,
1353 2150 1379 2177 et
1402 2146 1559 2185 vociferati
1580 2148 1665 2176 sunt:
1687 2146 1890 2185 ascemlzllque,
1914 2147 2029 2177 clamor
2047 2157 2151 2178 eorum
2169 2148 2211 2179 ad

1245 2190 1348 2221 Deum
1365 2191 1492 2228 propter
1513 2199 1598 2227 opas.
1618 2190 1640 2229 ¹)
1677 2188 1726 2219 24.
1752 2188 1793 2218 Et
1816 2189 1936 2219 audivit
1949 2189 2037 2221 Deus
2048 2190 2212 2222 clamorem

1245 2242 1355 2270 eorum,
1375 2232 1608 2270 recordatusque
1626 2234 1669 2261 est
1682 2231 1770 2262 Deus
1783 2232 1869 2269 pacti
1887 2232 1938 2263 sui
1957 2242 2025 2263 cum
2038 2232 2209 2272 Abraham,

1246 2275 1347 2307 Isaac.
1371 2278 1397 2305 et
1422 2274 1520 2304 Iacob.
1567 2274 1616 2305 25.
1650 2273 1791 2313 Vidilque
1814 2274 1902 2305 Deus
1929 2275 2012 2314 filios
2036 2275 2154 2314 Israel,
2185 2278 2213 2307 et

1244 2318 1379 2357 coynovz't
1401 2328 1458 2347 (303.

1331 2402 1380 2433 23.
1407 2402 1529 2432 Accidit
1558 2402 1665 2432 (liebus
1687 2401 1761 2431 illis.
1809 2402 2071 2434 Demonstrativo
2095 2414 2210 2444 prono-

1246 2445 1332 2476 mine
1356 2445 1460 2475 utitur
1475 2445 1514 2475 ad
1538 2444 1697 2475 notandos
1721 2444 1937 2484 quadraginta
1959 2457 2070 2483 annos,
2095 2447 2210 2486 quibus

1246 2497 1440 2526 suspensum
1474 2488 1577 2517 tenuit
1608 2487 1694 2517 Deus
1725 2497 1855 2517 servum
1886 2499 1978 2519 suum
2011 2499 2047 2519 ac
2075 2489 2102 2520 si
2136 2499 2211 2520 eum

1246 2529 1433 2561 abdicasset.
1493 2529 1649 2561 Addendo
1691 2530 1826 2567 multos,
1867 2532 2083 2571 propinquum
2123 2531 2212 2563 illius

1315 2623 1342 2656 1)
1363 2623 1398 2649 In
1417 2624 1552 2656 margine:
1572 2623 1631 2653 Vel,
1650 2632 1665 2648 a
1684 2625 1814 2650 >ei-vitute
