2304 3034
77 208 138 240 657

77 301 219 333 Israelis.
243 301 307 333 Ubi
331 300 470 332 ostendit
482 300 579 335 Deus,
603 308 637 329 se
661 298 843 338 virginibus
866 304 1040 338 patronum

78 354 156 381 esse,
191 354 252 383 quo
285 344 401 375 melius
431 342 617 374 animentur
648 341 774 380 puellae
797 341 837 371 ad
871 341 1037 372 colendam

77 387 273 427 pudicitiam.
321 386 357 418 Si
379 386 449 426 quis
471 383 605 420 obiiciat,
629 383 713 414 male
736 383 835 414 fuisse
858 383 1039 414 consultum

78 429 215 460 miserae
237 429 391 466 feminae,
421 428 495 458 dum
518 425 690 466 tyrannico
712 425 847 465 imperio
870 426 905 456 in
928 435 1039 466 perpe-

78 477 171 502 tuum
191 471 318 503 addicta
340 471 416 502 fuit:
439 467 634 508 respondeo,
665 467 697 498 id
721 479 791 499 esse
813 468 942 506 factum,
966 468 1041 508 quia

78 514 170 545 nulla
200 515 267 545 eius
296 511 478 544 liberandae
501 516 585 541 esset
608 511 698 541 ratio.
744 511 827 542 Nam
851 511 910 542 etsi
934 511 1040 542 diver—

79 557 160 588 tium
183 556 234 599 (ut
251 556 343 596 paulo
362 559 430 595 pest
451 552 644 594 videbimus)
667 563 741 584 cum
764 554 918 585 uxoribus
937 554 1042 585 facere

78 600 271 640 permissum
305 598 380 629 viris
414 597 487 632 fuit,
521 596 570 626 ius
604 600 711 627 tamen
746 601 777 627 et
811 596 858 627 fas
886 606 950 627 non
980 596 1041 626 fuit

79 647 224 673 evertere
264 641 397 681 primam
432 639 494 670 Dei
527 638 772 669 institutionem.
830 638 922 669 Adde
956 638 1039 678 quod

77 684 183 716 fraudi
216 683 321 714 mariti
354 692 521 713 occurrere
555 691 684 712 necesse
719 681 787 718 fuit,
823 682 876 721 qui
905 681 1039 721 repudio

77 727 160 758 facto
184 726 336 766 gloriatus
359 724 474 755 fuisset
498 728 652 763 tanquam
677 724 742 754 voti
766 734 903 763 compos.

163 769 211 800 20.
243 767 329 807 Quod
352 767 476 798 sicera
504 767 600 806 fuerit
629 767 781 797 accusatio
812 767 880 797 ista.
927 766 963 798 Si
987 766 1038 798 cui

77 812 203 843 saevior
225 810 351 841 videtur
363 809 610 844 animadversio,
630 808 809 848 perpendat
826 809 949 840 nullum
970 819 1039 840 esse

76 865 177 895 genus
200 851 321 883 fraudis
344 852 452 883 minus
475 851 652 882 tolerabile.
684 851 783 883 Falsa
807 851 950 883 venditio
970 852 1039 892 agri

76 902 131 928 aut
154 896 262 927 domus
283 895 404 925 crimen
428 894 626 931 censebitur,
662 894 814 925 similiter
842 894 941 925 falsae
971 905 1038 925 mo-

75 945 168 970 netae
191 937 384 977 suppositio:
415 947 491 977 ergo
521 947 602 977 quae
625 947 716 968 sacro
736 937 878 977 coniugii
909 938 1039 968 nomine

75 981 216 1013 abutitur
247 980 285 1011 ad
315 979 545 1018 fraudandum,
581 985 611 1010 et
642 990 758 1020 eorpus
789 981 949 1019 impurum
982 990 1039 1019 pro

75 1030 161 1056 casto
183 1022 295 1060 tradit,
325 1022 427 1053 multo
458 1023 564 1053 minus
598 1023 712 1053 veniae
735 1027 885 1053 meretur.
932 1022 1040 1061 Quan-

74 1077 168 1107 quam
187 1065 283 1096 latius
302 1070 389 1106 patet
409 1075 489 1105 quae
509 1065 703 1105 exprimitur
734 1065 917 1096 severitatis
937 1075 1040 1102 eausa,

74 1109 154 1149 quod
179 1108 300 1139 seilicet
323 1108 556 1147 perpetraverit
580 1108 754 1147 nequitiam
783 1108 834 1138 vel
856 1107 1040 1138 foeditatem

73 1152 106 1183 in
120 1151 229 1182 Israel.
250 1150 346 1189 Quod
365 1150 419 1181 alii
441 1155 572 1181 vertunt
591 1150 781 1188 stultitiam,
802 1150 955 1190 frigidum
976 1156 1039 1180 est:

72 1194 131 1225 etsi
165 1194 250 1224 enim
286 1193 454 1224 deducitur
489 1203 606 1223 nomen
641 1203 658 1223 a
693 1185 754 1225 53],
782 1193 902 1232 aliquid
933 1199 1038 1223 tamen

71 1237 210 1267 atrocius
233 1235 383 1276 designat
406 1246 501 1275 quam
525 1236 711 1266 stultitiam:
737 1236 831 1267 sicuti
852 1235 985 1266 Simeon
1009 1241 1041 1266 et

70 1279 164 1316 Levi,
189 1279 264 1310 dum
288 1278 418 1309 caedem
442 1278 695 1309 Sichemitarum
719 1277 816 1319 (Gen.
844 1278 894 1315 34,
920 1278 961 1319 7),
983 1289 1038 1309 ex-

71 1328 199 1359 cusant,
230 1329 376 1361 stuprum
408 1321 526 1351 sororis
550 1331 625 1352 suae
650 1329 766 1352 vocant
788 1314 873 1353 1752:-
904 1321 963 1352 hoc
992 1325 1040 1352 est

70 1364 256 1395 foeditatem
270 1364 301 1394 in
315 1363 444 1394 Israele.
464 1363 559 1395 Unde
572 1375 684 1395 rursus
697 1368 832 1404 apparet
843 1368 1040 1404 quantopere

70 1407 141 1438 Deo
165 1407 288 1447 placeat
311 1407 449 1438 castitas.

367 1575 428 1605 EX
453 1574 584 1606 DEUT.
610 1573 738 1605 XXIV.

159 1660 186 1690 1.
214 1659 250 1689 Si
279 1661 425 1699 acceperit
455 1660 525 1699 quis
556 1670 697 1697 vesorem,
728 1663 753 1691 et
776 1661 880 1692 coierit
903 1672 969 1692 cum
993 1673 1038 1699 ca,

69 1713 129 1733 non
151 1705 253 1733 autem
276 1703 425 1734 invenerit
443 1702 579 1742 qratiam
602 1703 635 1733 iu
659 1702 755 1734 oculis
777 1704 860 1741 cius,
895 1715 926 1735 co
960 1705 1038 1744 quod

69 1745 219 1776 inco-nerii
241 1745 273 1776 in
297 1756 333 1776 ea
355 1746 509 1776 maculam
531 1745 686 1784 aliquam,
716 1748 742 1776 et
764 1747 924 1785 scripserit
954 1748 981 1779 ei
1004 1748 1040 1778 h·-

69 1788 177 1819 bcllum
201 1788 335 1827 repudii,
359 1798 395 1818 ac
417 1788 582 1818 tradiderit
607 1788 636 1817 in
660 1798 788 1819 manum
811 1790 885 1825 rius,
917 1792 943 1820 et
966 1791 1038 1821 cmi-

69 1831 143 1862 serit
164 1841 179 1861 c
202 1830 287 1861 domo
309 1841 376 1865 sua,
423 1830 451 1861 2.
484 1829 550 1861 Illa
581 1840 650 1861 vcro
672 1841 794 1870 eyressa
816 1842 831 1862 c
853 1832 940 1863 domo
962 1834 1038 1870 cius,

69 1873 179 1904 abierit
211 1875 236 1903 et
271 1873 410 1911 nupserit
442 1873 531 1903 alteri
567 1874 638 1910 viro,
699 1873 727 1904 3.
768 1874 823 1904 Vir
853 1875 961 1906 deiude
989 1875 1037 1906 lac

65 1916 216 1954 posterior
245 1915 340 1946 oderit
369 1925 453 1955 cum,
488 1918 513 1946 ct
542 1916 701 1954 scripserit
735 1916 867 1947 libellum
900 1918 1036 1954 divortii,

70 1957 290 1997 traslideritqm
313 1959 345 1989 iu
368 1968 495 1988 manum
518 1958 593 1996 cius,
624 1961 650 1989 ct
672 1959 807 1990 mniscrit
830 1971 844 1988 t*
862 1960 948 1991 domo
967 1971 1035 1998 sua,

72 2003 125 2031 aut
147 2001 175 2031 si
198 2001 247 2031 vir
272 2001 325 2032 istc
342 2001 496 2039 posterior
518 2003 659 2031 marmus
679 2001 776 2040 fuerit
798 2003 852 2040 qui
871 2004 1036 2042 sumpserit

72 2053 138 2073 eam
159 2043 220 2074 sibi
241 2054 379 2074 uxorem:
423 2043 451 2073 4.
479 2043 546 2074 Non
565 2044 678 2082 stotrrit
702 2045 834 2075 maritus
854 2046 920 2076 cius
934 2047 1035 2085 prior,

73 2085 146 2124 quia
173 2096 240 2116 cam
269 2097 287 2117 a
322 2096 352 2117 sc
375 2086 508 2123 (limisit,
542 2087 664 2124 reverti,
698 2090 724 2118 et
753 2088 860 2118 ducere
887 2099 954 2119 cam
976 2089 1035 2119 sibi

74 2137 210 2164 umorem,
234 2131 436 2168 posteaquam
452 2128 575 2167 polluta
601 2131 657 2159 nst:
687 2130 763 2169 quia
786 2130 971 2162 abominatio
994 2134 1036 2162 est

73 2178 172 2200 coram
193 2170 271 2206 facie
284 2171 427 2202 Ielzovac:
452 2174 478 2201 ct
501 2182 557 2202 uon
583 2171 762 2210 inquinabis
775 2175 898 2211 peccato
920 2176 1035 2205 terram

75 2221 166 2250 quam
189 2212 297 2244 Iclzova
322 2214 408 2245 Deus
438 2216 510 2244 tuus
537 2214 634 2244 tradet
663 2215 718 2245 tibi
748 2216 781 2245 iu
809 2215 1034 2248 haereditatem.

160 2295 250 2334 Quod
274 2297 313 2329 ad
336 2298 509 2329 divortium
529 2303 662 2338 spectat,
686 2301 834 2339 quamvis
855 2311 910 2340 per
929 2301 1034 2331 indul-

76 2338 217 2377 gentiam
235 2350 417 2372 concessum
441 2342 536 2372 fuerit
555 2341 693 2379 Iudaeis,
717 2343 908 2381 pronunciat
928 2350 1034 2375 tamen

76 2380 224 2411 Christus
258 2393 419 2423 nunquam
449 2385 547 2414 fuisse
577 2384 772 2424 legitimum.
808 2386 882 2424 quia
912 2387 1034 2426 primae

75 2422 137 2453 Dei
172 2423 375 2464 institutioni,
416 2437 454 2457 ex
490 2438 551 2466 qua
584 2431 740 2467 perpetua
774 2432 804 2458 et
840 2428 1034 2460 inviolabilis

72 2464 211 2504 petenda
233 2471 281 2497 est
303 2469 420 2509 regula,
445 2469 549 2508 palam
574 2475 742 2510 repugnat.
777 2470 886 2511 Vulgo
906 2471 1032 2508 dieitur,

73 2508 145 2538 iura
167 2512 300 2539 naturae
322 2510 505 2542 insolubilia
535 2523 619 2543 esse:
654 2513 743 2552 atqui
767 2514 863 2543 semel
890 2524 1032 2553 pronun-

73 2550 170 2580 ciavit
203 2549 307 2587 Deus,
345 2554 462 2585 arctius
496 2565 564 2585 esse
598 2555 833 2587 coniunctionis
866 2557 1031 2588 vinculum

75 2592 137 2622 viri
166 2603 236 2622 cum
267 2603 366 2624 uxore
396 2606 488 2635 quam
519 2598 575 2627 filii
605 2609 676 2629 eum
711 2603 811 2637 patre.
865 2598 974 2637 Quare
1005 2600 1031 2630 si

74 2634 160 2665 filius
183 2635 296 2674 iugum
319 2638 418 2675 patris
440 2644 591 2671 excutere
616 2651 677 2671 non
704 2646 816 2680 potest,
848 2652 942 2681 quam
974 2642 1030 2673 ha-

176 2684 285 2711 Calrz'm‘
298 2693 388 2719 opera.
425 2689 482 2715 Vol.
507 2689 619 2716 XXIV.

763 204 1002 237 SEPTIMUM
1037 204 1355 238 PRAEOEPTUM.

2001 208 2064 240 658

1094 297 1148 328 bet
1170 309 1243 329 cum
1267 310 1367 330 uxore
1390 299 1576 330 societatem
1604 299 1730 331 solvere
1761 301 1850 332 nulla
1874 302 1955 332 ratio
1979 302 2064 341 pati-

1094 345 1156 371 tur.
1202 341 1290 373 Hinc
1321 346 1454 382 apparet
1481 348 1601 382 quanta
1629 343 1727 373 fuerit
1750 344 1857 384 gentis
1880 344 1968 375 illius
1990 354 2063 384 per-

1095 383 1223 421 vicacia,
1247 395 1327 423 qnae
1349 384 1490 416 cohiberi
1516 396 1577 416 non
1591 385 1697 425 potuit
1719 386 1796 425 quin
1819 391 2063 418 sacrosanctum

1094 430 1125 456 et
1150 426 1321 457 insolubile
1352 427 1518 458 vinculum
1547 427 1725 468 dissiparet.
1771 428 1900 460 Interea
1930 440 1971 460 ex
2001 431 2062 460 im·

1094 468 1238 507 punitate
1261 480 1429 509 perperam
1443 469 1555 501 Iudaei
1567 470 1693 502 licitum
1712 481 1781 502 esse
1800 471 1964 502 duxerunt
1976 472 2063 512 quod

1094 516 1225 550 propter
1248 511 1399 543 duritiem
1422 512 1526 544 cordis
1554 523 1665 544 eorum
1690 514 1780 544 Deus
1804 525 1865 544 non
1889 515 2066 554 puniebat:

1094 554 1169 592 quia
1199 559 1347 594 reputare
1376 555 1484 594 potius
1514 555 1673 587 debebant
1706 566 1896 595 responsum
1928 557 2060 595 Christi,

1094 607 1159 626 non
1182 607 1251 627 esse
1281 598 1313 627 in
1345 597 1478 628 arbitrio
1509 598 1647 629 hominis
1676 609 1755 639 quos
1780 599 1868 630 Deus
1891 600 2063 631 coniunxit

1094 648 1243 678 separare
1254 638 1362 681 (Matt.
1385 640 1433 677 19,
1450 640 1491 681 6).
1516 641 1645 672 Interea
1664 642 1844 681 prospicere
1859 642 1959 673 voluit
1971 642 2061 674 Deus

1094 681 1283 713 mulieribus
1306 682 1414 722 inique
1434 684 1605 723 oppressis,
1626 684 1741 723 quibus
1759 684 1860 715 satius
1879 685 1940 715 fuit
1958 685 2060 716 semel

1094 723 1211 754 dimitti
1231 724 1356 763 liberas,
1375 736 1470 765 quam
1492 731 1558 756 tota
1577 727 1645 757 vita
1664 727 1723 758 sub
1743 727 1864 758 erudeli
1884 728 2059 767 tyrannide

1093 777 1230 805 gemere.
1255 767 1370 807 Itaque
1393 768 1478 807 apud
1502 768 1699 800 Malachiam
1718 768 1759 811 (2,
1780 768 1833 811 14)
1857 769 2059 810 polygamiae

1093 810 1262 848 repudium
1279 810 1469 850 praefertur,
1488 812 1563 850 quia
1582 812 1690 843 minus
1709 812 1883 844 tolerabilis
1903 817 1973 843 erat
1985 823 2058 844 con-

1093 851 1170 882 ditio
1189 852 1336 892 pellicem
1350 858 1381 883 et
1400 853 1562 884 aemulum
1582 853 1666 885 ferre
1685 865 1780 894 quam
1800 855 1897 886 reiici.
1918 855 1960 886 Et
1973 862 2060 887 certe

1093 894 1210 925 scheda
1241 895 1291 926 vel
1322 895 1449 926 libellus
1478 895 1607 927 divortii
1630 897 1725 928 sicuti
1750 898 1917 929 mulierem
1941 909 2059 938 purga-

1095 936 1147 967 bat
1177 938 1265 968 omni
1292 937 1439 974 infamia,
1476 939 1520 969 sic
1544 940 1659 970 marito
1688 940 1836 971 nonnihil
1868 942 2061 981 aspergebat

1094 979 1271 1011 dedecoris:
1307 980 1360 1020 qui
1395 981 1480 1011 enim
1515 981 1633 1012 fatetur
1666 993 1699 1013 se
1730 993 1865 1014 uxorem
1897 983 2059 1015 dimittere

1093 1022 1169 1061 quia
1191 1033 1256 1053 non
1277 1023 1409 1063 placeat,
1432 1023 1562 1063 culpam
1585 1024 1617 1054 in
1643 1035 1676 1055 se
1698 1025 1812 1065 recipit
1836 1031 1902 1056 tam
1926 1027 2059 1057 morosi-

1094 1066 1179 1102 tatis,
1203 1076 1297 1104 quam
1322 1066 1568 1097 inconstantiae.
1604 1066 1705 1098 Cuius
1728 1069 1813 1099 enim
1837 1068 1979 1100 levitatis
2002 1073 2059 1107 est,

1094 1112 1125 1138 et
1147 1119 1241 1147 quam
1267 1107 1392 1148 indigni
1416 1109 1547 1145 fastidii,
1572 1110 1616 1140 sic
1639 1110 1757 1140 offendi
1778 1112 1931 1142 maritum
1951 1112 2059 1151 aliqua

1093 1151 1201 1181 uxoris
1226 1151 1352 1182 macula
1376 1151 1424 1181 vel
1450 1150 1573 1189 morbo,
1605 1160 1639 1182 ut
1663 1152 1828 1184 dimidiam
1852 1155 1901 1185 sui
1933 1159 2056 1193 partem

1093 1204 1111 1223 a
1140 1204 1173 1224 se
1203 1193 1342 1224 avellat?
1387 1193 1545 1225 Videmus
1575 1194 1682 1234 itaque
1714 1197 1844 1227 maritos
1874 1197 1980 1227 libello
2013 1208 2059 1228 re-

1093 1236 1180 1275 pudii
1211 1236 1310 1267 fuisse
1340 1236 1466 1276 oblique
1497 1236 1673 1275 damnatos,
1703 1238 1787 1277 quod
1810 1238 1918 1278 probis
1941 1239 2058 1279 alioqui

1094 1283 1126 1308 et
1149 1279 1244 1309 castis
1269 1278 1425 1310 uxoribus
1448 1279 1600 1310 iniuriam
1632 1281 1781 1311 facerent.
1828 1281 1901 1320 Qua
1934 1283 2057 1313 ratione

1094 1320 1184 1351 Deus
1208 1321 1293 1361 apud
1314 1322 1429 1353 Isaiam
1455 1321 1517 1363 (50,
1544 1322 1589 1363 1),
1623 1328 1659 1353 ut
1680 1323 1810 1354 Indaeis
1829 1334 1955 1355 omnem
1980 1335 2058 1364 que-

1094 1364 1264 1394 rimoniam
1289 1364 1420 1404 eripiat,
1455 1364 1597 1404 proferre
1629 1365 1717 1396 iubet
1747 1366 1890 1397 libellum
1921 1367 2058 1406 repudii,

1094 1408 1119 1436 si
1144 1418 1236 1446 quem
1261 1406 1385 1437 dederit
1408 1408 1502 1438 matri
1526 1408 1682 1447 ipsorum:
1712 1409 1801 1448 quasi
1832 1409 1967 1446 diceret,
1998 1409 2060 1440 sibi

1094 1450 1209 1479 iustam
1242 1450 1339 1480 tuisse
1370 1450 1552 1481 reiectionis
1582 1461 1728 1488 eausam,
1763 1452 1838 1491 qnia
1869 1452 1988 1491 perfide
2019 1452 2058 1483 ad

1093 1492 1289 1531 impietatem
1315 1492 1506 1524 defecerant.
1553 1493 1723 1524 Caeterum
1749 1494 1879 1534 quidam
1900 1495 2058 1534 interpre-

1094 1540 1141 1565 tes
1166 1546 1229 1566 non
1253 1536 1366 1575 legunt
1394 1535 1451 1566 hos
1482 1540 1546 1566 tres
1570 1547 1684 1567 versus
1708 1547 1771 1567 uno
1801 1543 1969 1573 contextu,
2002 1537 2058 1568 sed

1093 1578 1219 1617 plenam
1235 1578 1426 1608 sententiam
1441 1589 1509 1609 esse
1531 1579 1651 1616 volunt,
1671 1585 1706 1609 ut
1725 1579 1861 1610 maritus
1875 1585 2012 1610 testetur
2024 1591 2058 1611 se

1093 1620 1264 1650 divortium
1292 1621 1395 1651 facere
1421 1631 1492 1651 eum
1521 1632 1630 1659 uxore,
1665 1633 1727 1652 non
1763 1622 1800 1653 ob
1832 1623 1970 1659 crimen,
2001 1622 2057 1653 sed

1092 1664 1166 1702 quia
1198 1663 1317 1693 formae
1347 1669 1499 1694 venustas
1529 1664 1599 1694 eius
1630 1664 1754 1695 libidini
1779 1676 1840 1695 non
1871 1665 2055 1696 satisfaciat.

1093 1706 1128 1737 Si
1148 1706 1217 1745 quis
1238 1713 1345 1736 tamen
1365 1706 1496 1746 propius
1517 1706 1675 1744 attendat,
1705 1708 1795 1738 facile
1815 1707 1936 1738 videbit
1956 1718 2055 1738 unum

1091 1759 1159 1779 esse
1184 1748 1341 1779 duntaxat
1364 1749 1443 1789 legis
1466 1754 1569 1788 caput,
1594 1760 1718 1790 nempe,
1750 1749 1802 1780 ubi
1826 1750 1896 1790 quis
1920 1760 2055 1780 uxorem

1091 1791 1318 1831 repudiaverit,
1339 1792 1385 1822 fas
1406 1802 1469 1822 non
1486 1802 1554 1822 esse
1573 1792 1692 1823 iterum
1706 1803 1775 1823 eam
1796 1792 1912 1823 ducere
1925 1795 1950 1824 si
1963 1792 2056 1823 alteri

1091 1835 1244 1873 nupserit.
1278 1833 1379 1865 Cuius
1395 1834 1474 1874 legis
1498 1835 1577 1865 ratio
1601 1840 1659 1871 est,
1684 1836 1758 1875 quia
1781 1846 1915 1865 uxorem
1939 1835 2055 1874 prosti-

1091 1877 1210 1907 tuendo
1234 1877 1302 1907 eius
1317 1877 1390 1907 leno
1411 1876 1473 1907 fuit
1487 1882 1643 1916 quantum
1661 1878 1693 1908 in
1707 1889 1739 1908 sc
1761 1883 1837 1908 erat.
1871 1878 1939 1908 Hoc
1959 1888 2055 1908 sensu

1091 1920 1209 1951 dicitur
1231 1919 1331 1950 fnisse
1355 1919 1485 1959 polluta,
1510 1921 1584 1959 quia
1607 1931 1722 1960 corpus
1746 1920 1831 1952 illius
1855 1920 2054 1951 contamina-

1090 1963 1152 1994 vit:
1180 1962 1308 1993 libcrtas
1333 1963 1419 1992 enim
1444 1972 1538 2001 quam
1563 1963 1667 1999 dabat,
1692 1963 1829 2003 primam
1846 1962 1906 1993 Dei
1926 1963 2054 1993 institu-

1089 2006 1207 2035 tionem
1238 2016 1300 2035 non
1333 2010 1456 2044 poterat
1486 2004 1614 2036 abolere
1645 2005 1750 2047 (sicuti
1783 2006 1873 2036 docet
1903 2005 2054 2036 Christus

1090 2048 1184 2078 Matt.
1209 2048 1237 2083 5,
1261 2048 1297 2078 31
1326 2053 1357 2078 et
1382 2047 1429 2083 19,
1454 2046 1486 2088 9)
1509 2048 1586 2087 quin
1612 2049 1702 2079 daret
1725 2058 1853 2079 causam
1878 2047 2052 2079 adulterio:

1089 2090 1140 2121 Ita
1175 2090 1328 2121 admoniti
1365 2090 1496 2120 fuerunt
1529 2090 1707 2129 israelitae,
1741 2091 1888 2131 quamvis
1922 2091 2054 2130 impune

1089 2144 1204 2164 uxores
1240 2134 1423 2168 reiicerent,
1458 2133 1618 2164 licentiam
1656 2141 1764 2164 tamen
1797 2133 1880 2164 hanc
1920 2133 2054 2164 minime

1088 2187 1194 2207 ceram
1220 2176 1288 2206 Deo
1309 2175 1465 2206 excusari.

1376 2344 1439 2375 EX
1461 2345 1611 2376 LEVIT.
1633 2345 1762 2376 XVIII.

1175 2430 1221 2461 19.
1246 2430 1300 2461 Ad
1335 2429 1493 2461 mulierem
1531 2431 1564 2461 in
1597 2430 1802 2470 seyr-tyatiram
1836 2430 2054 2461 immunditiae

1084 2484 1159 2505 suae
1183 2484 1238 2504 uon
1263 2472 1392 2511 accedes,
1415 2473 1576 2504 revelando
1597 2473 1822 2511 turpitudinem
1846 2473 1922 2504 ems.
