2304 3034
64 193 126 224 609

63 284 176 333 quibus
205 282 436 324 quodammodo
464 279 586 327 polluta
622 283 685 310 est:
721 278 837 309 deinde
868 282 903 309 ut
933 289 1019 310 mors

64 327 133 359 eius
156 327 209 367 qui
232 325 364 366 deliquit
385 322 532 355 omnibus
555 322 595 353 sit
618 321 773 360 exemplo.

352 491 414 524 EX
438 489 585 523 EXODI
609 488 723 521 XXII.

149 580 188 611 28
203 579 237 621 ¹).
260 578 334 610 Diis
360 586 420 607 non
449 574 603 613 detrahes,
631 577 656 606 et
673 574 815 614 principi
837 574 946 614 populi
974 574 1019 605 tm·

63 633 122 655 non
141 621 307 654 maledices.

355 786 418 818 EX
448 787 598 818 LEVIT.
622 786 718 817 XIX.

147 873 195 904 32.
218 873 296 903 Ante
318 872 458 903 canitiem
481 882 626 912 assurge,
656 874 683 902 et
705 871 820 902 honora
841 871 953 910 faciem
975 881 1020 902 se-

61 917 120 954 rtis,
141 918 309 954 metuesque
329 914 432 946 Deum
453 917 556 945 tuum:
578 925 628 954 eqo
653 914 775 944 Ielmva.

370 1084 433 1115 EX
458 1084 589 1116 DEUT.
614 1083 709 1114 XVI.

145 1171 190 1202 18.
226 1170 350 1201 Iudices
383 1172 409 1200 et
436 1169 610 1208 praefectos
649 1169 810 1200 constitues
845 1168 900 1199 tibi
934 1169 1018 1199 intra

58 1223 158 1246 omnes
182 1216 294 1252 portas
323 1215 393 1243 tuas
415 1222 494 1251 quas
518 1211 630 1242 Iehova
654 1211 741 1242 Dens
764 1214 836 1242 tans
857 1210 942 1242 dabit
964 1210 1017 1241 tibi

51 1267 111 1330 ἷξε
131 1255 327 1330 Ξῖὸῗέεέἐιαδ,
350 1255 404 1294 qui
416 1254 548 1285 iudicent
566 1254 716 1294 populum
738 1254 853 1285 iudicio
872 1254 1017 1288 iustitiae,

376 1465 439 1497 EX
460 1466 591 1498 DEUT.
616 1465 693 1497 XX.

142 1552 170 1583 9.
198 1552 297 1591 Quum
328 1550 420 1589 finem
451 1551 577 1589 fecerint
606 1550 758 1590 praefecti
791 1551 941 1582 militares
972 1551 1014 1581 lo-

57 1595 167 1636 quendz'
195 1595 236 1625 ad
260 1594 425 1633 populum,
461 1594 641 1624 constituent
658 1594 818 1633 principes
840 1596 1016 1624 turmarum

57 1639 91 1669 in
112 1638 207 1676 capite
227 1636 344 1677 populi.

141 1721 243 1753 Exod.
267 1722 318 1759 22,
341 1721 391 1752 28.
419 1721 494 1753 Diis
516 1734 574 1754 non
602 1721 748 1753 detrahes.
795 1720 941 1769 Quatuor
964 1721 1016 1752 isti

56 1765 116 1796 loci
135 1765 326 1796 confirmant
345 1764 428 1804 quod
448 1764 523 1803 dixi,
547 1766 604 1797 sub
624 1770 793 1804 parentum
814 1765 941 1794 nomine
960 1775 1016 1804 per

57 1807 278 1848 synecdochen
301 1807 334 1837 in
363 1807 475 1846 quinto
505 1814 673 1848 praecepto
703 1806 933 1846 comprehendi
963 1817 1016 1837 eos

57 1860 166 1881 omnes
189 1850 242 1890 qui
266 1856 421 1889 praesunt
443 1861 514 1882 cum
538 1850 682 1890 imperio.
717 1849 828 1889 Neque
847 1849 934 1880 enim
954 1848 1015 1879 Dei

57 1892 223 1924 consilium
258 1892 318 1923 fuit
351 1892 522 1933 quidquam
558 1892 674 1924 addere
703 1892 742 1923 ad
773 1892 851 1922 duas
881 1892 1014 1929 tabulas,

58 1944 95 1966 ac
116 1937 142 1966 si
164 1934 238 1975 quid
262 1935 379 1965 melius
403 1936 453 1966 vel
479 1936 650 1975 perfectius
679 1934 794 1966 deinde
818 1935 850 1965 in
874 1938 1015 1965 mentem

58 1978 213 2008 venisset:
240 1977 323 2017 quod
348 1978 519 2018 imaginari
546 1978 634 2009 nefas
658 1983 713 2008 est.
745 1977 926 2008 Contentus
939 1987 1014 2017 ergo

56 2020 117 2051 fuit
135 2020 246 2060 regula
265 2020 364 2050 semel
383 2020 510 2057 tradita,
530 2020 676 2060 quamvis
695 2020 884 2059 explicatius
906 2025 1016 2059 postea

57 2062 208 2102 loquutus
241 2063 291 2094 sit.
348 2063 444 2102 Atqui
480 2074 498 2094 a
531 2064 601 2103 lege
635 2063 777 2093 alienum
810 2068 895 2093 esset
929 2062 1013 2101 quod

58 2115 142 2136 nunc
165 2106 365 2145 praecipitur,
390 2106 450 2137 nisi
473 2106 610 2137 accessio
630 2112 723 2145 atque
742 2104 819 2135 adeo
840 2115 912 2144 pars
932 2110 1015 2135 esset

59 2147 160 2186 quinti
180 2148 348 2187 praecepti.
384 2148 491 2179 Primo
514 2149 602 2179 iubet
626 2153 811 2178 reverenter
834 2148 963 2185 sentire,
983 2154 1014 2178 et

59 2188 145 2229 loqui
168 2189 205 2220 de
228 2190 383 2222 iudicibus
406 2195 437 2221 et
461 2191 531 2222 aliis
554 2192 606 2230 qui
632 2191 857 2230 magistratum
885 2195 1013 2229 gerunt.

61 2230 132 2261 Non
155 2231 286 2263 dubium
315 2237 420 2264 autem
451 2239 498 2265 est
521 2235 597 2273 quin
622 2243 678 2273 pro
701 2234 863 2263 communi
886 2232 1015 2273 linguae

61 2272 225 2305 hebraicae
260 2286 317 2306 usu
352 2276 400 2306 bis
441 2276 525 2307 idem
567 2280 706 2315 repetat:
747 2274 830 2306 unde
870 2276 1015 2314 sequitur

62 2315 187 2346 eosdem
210 2319 314 2348 vocari
338 2318 413 2349 deos
436 2324 467 2349 et
496 2318 603 2358 populi
634 2317 801 2365 principes.
848 2317 907 2348 Dei
939 2328 1015 2348 vero

62 2368 177 2388 nomen
199 2359 368 2400 improprie
390 2361 534 2401 quidem,
569 2359 624 2391 sed
655 2360 775 2400 optima
806 2360 945 2397 ratione,
976 2359 1015 2390 ad

62 2400 265 2448 magistratus
297 2404 505 2439 transfertur
540 2404 670 2443 quibus,
707 2410 858 2441 tanquam
889 2403 1015 2442 imperii

62 2452 112 2472 sui
131 2442 293 2481 ministris,
316 2445 521 2486 insculpsit„
504 2445 623 2477 olori-au
643 2455 719 2476 suae
739 2444 1015 2483 notam.Que1n—

63 2483 232 2515 admodum
263 2487 345 2517 enim
376 2489 514 2519 vidimus
545 2489 690 2528 patribus
721 2487 827 2518 deberi
852 2488 1016 2525 honorem

63 2526 136 2565 quia
159 2527 274 2558 Deus
269 2539 300 2559 in
322 2531 425 2561 societ
421 2536 504 2562 item
528 2531 622 2571 patrii
646 2530 786 2561 nominis
809 2541 861 2561 eos
886 2531 1015 2562 ascivit:

150 2619 177 2650 1)
194 2620 274 2647 Hebr.
294 2621 332 2646 27.

169 2661 272 2687 Caluini
290 2671 375 2695 opera.
402 2665 454 2691 Vol.
478 2665 586 2691 XXIV.

771 185 980 225 QUINTUM
1000 185 1317 218 PRAEOEPTUM.

1972 184 2035 215 610

1074 280 1117 310 ita
1140 279 1191 310 hie
1215 278 1372 310 iudicibus
1396 277 1549 309 asseritur
1573 287 1631 308 sua
1655 277 1811 318 dignitas,
1844 284 1878 309 ut
1901 288 1954 309 eos
1977 288 2033 308 ve-

1074 326 1205 352 neretur
1245 321 1397 361 populus:
1440 321 1513 360 quia
1548 320 1610 350 Dei
1650 331 1818 360 personam
1860 321 2029 357 sustinent,

1072 368 1225 403 tanquam
1260 363 1357 403 legati
1391 367 1446 394 aut
1488 362 1606 394 vicarii.
1665 364 1771 402 Atque
1810 363 1856 394 ita
1897 364 2030 403 exponit

1072 406 1222 437 Christus
1241 405 1440 437 certissimus
1459 405 1627 445 interpres,
1648 405 1702 435 ubi
1723 406 1826 436 lovum
1846 415 1886 436 ex
1899 406 2030 436 Psalmo

1071 448 1162 479 citat:
1192 449 1262 488 Ego
1291 448 1372 479 dixi:
1401 447 1456 478 Dii
1487 448 1578 484 estis,
1609 451 1642 478 et
1672 447 1729 478 filii
1761 448 1888 479 Excelsi
1919 458 2030 479 omnes

1071 490 1174 531 (Ioan.
1200 491 1247 527 10,
1277 490 1327 522 34.
1352 490 1405 522 Ps.
1435 490 1485 528 82,
1514 489 1564 531 6):
1595 500 1726 529 nempe,
1758 491 1865 521 vocari
1895 491 1969 521 deos
1988 490 2029 521 ad

1071 544 1149 573 quos
1179 544 1283 564 sermo
1307 533 1367 563 Dei
1398 533 1501 564 factus
1529 538 1592 564 est:
1623 531 1706 572 quod
1738 542 1801 563 non
1834 532 1871 563 de
1903 533 2030 573 vulgari

1071 576 1218 607 doctrina
1241 586 1321 616 quae
1345 576 1525 606 destinatur
1547 575 1695 606 omnibus
1718 574 1780 605 Dei
1804 575 1887 612 filiis
1912 559 1977 606 sed³
1991 575 2029 606 de

1069 618 1198 658 speciali
1222 617 1407 649 dominandi
1431 617 1582 648 mandato
1602 617 1804 658 intelligitur.
1841 618 1899 648 Est
1921 624 2029 648 autem

1070 661 1208 701 insignis
1231 661 1479 701 magistratuum
1504 659 1755 697 commendatio,
1790 659 1865 690 dum
1890 670 1942 690 eos
1964 671 2029 691 non

1070 703 1163 733 modo
1186 708 1355 743 parentum
1381 702 1446 733 loco
1476 707 1586 733 censet
1609 702 1711 740 Deus,
1740 701 1795 733 sed
1819 703 1947 733 nomine
1971 712 2029 733 suo

1070 750 1199 776 ornatos
1234 745 1380 785 producit
1412 745 1445 775 in
1482 745 1631 775 medium.
1682 728 1775 776 Unde
1809 745 1906 775 etiam
1944 745 2030 776 clare

1070 788 1171 827 liquet
1204 799 1268 818 non
1304 792 1429 818 tantum
1464 787 1541 827 ipsis
1568 787 1780 818 obediendum
1811 798 1880 818 esse
1908 797 2029 827 poenae

1070 836 1176 868 metu,
1210 830 1264 861 sed
1295 836 1426 870 propter
1456 830 1684 861 conscientiam
1702 829 1820 878 '(Rom.
1854 830 1901 867 13
1932 830 1973 871 5),
1998 835 2030 860 et

1071 877 1255 904 reverenter
1273 872 1423 904 colendos
1441 882 1519 907 esse,
1539 883 1578 902 ne
1598 873 1629 902 in
1650 872 1726 912 ipsis
1739 871 1829 903 Deus
1848 878 2028 912 spernatur

1072 916 1105 945 Si
1130 915 1200 955 quis
1223 915 1359 951 obiiciat,
1384 924 1550 954 perperam
1575 914 1698 945 laudari
1720 925 1829 945 eorum
1852 915 1932 946 vitia
1950 925 2030 955 quos

1071 957 1216 988 videmus
1240 968 1297 988 sua
1321 961 1477 996 potestate
1501 956 1606 986 abuti:
1633 958 1796 997 responsio
1820 957 1851 987 in
1877 962 2028 997 promptu

1071 1005 1127 1037 est,
1146 1000 1291 1040 quamvis
1305 999 1465 1030 tolerandi
1478 999 1539 1029 sint
1555 999 1674 1030 iudices
1694 1000 1811 1040 alioqui
1831 1010 1892 1030 non
1906 1000 2028 1039 optimi,

1071 1043 1225 1073 honorem
1258 1047 1364 1072 tamen
1396 1052 1458 1081 quo
1489 1041 1622 1081 praediti
1653 1047 1727 1073 sunt
1758 1053 1819 1072 non
1844 1053 1912 1074 esse
1938 1043 2029 1073 vitio-

1071 1095 1143 1115 rum
1166 1085 1435 1125 integumentum.
1481 1084 1547 1115 Nec
1571 1094 1646 1115 vero
1677 1085 1765 1114 iubet
1794 1084 1882 1115 Deus
1917 1095 2027 1116 eorum

1071 1127 1196 1158 delictis
1218 1127 1427 1168 applaudere,
1452 1126 1507 1157 sed
1530 1126 1682 1166 populum
1708 1127 1802 1157 tacito
1826 1128 1947 1167 gemitu
1972 1138 2027 1167 po-

1071 1171 1134 1200 tius
1157 1169 1338 1209 deplorare,
1362 1180 1457 1209 quam
1481 1169 1645 1200 licentiosa
1668 1169 1874 1200 insectatione
1899 1181 2026 1201 movere

1071 1213 1190 1249 turbas,
1213 1218 1246 1243 et
1268 1212 1448 1243 convellere
1473 1211 1633 1251 politicum
1659 1211 1813 1242 ordinem.

1156 1255 1261 1286 Levit.
1290 1255 1335 1292 19,
1359 1254 1409 1285 32.
1442 1254 1519 1284 Ante
1541 1254 1689 1285 canitiem.
1736 1254 1773 1284 In
1798 1254 1928 1285 sonibus
1952 1265 2028 1294 quo-

1070 1308 1129 1336 que
1153 1297 1289 1337 ¹[liquam
1314 1308 1391 1328 suae
1415 1296 1590 1327 maiestatis.
1615 1296 1788 1327 scintillam
1814 1297 1902 1327 Deus
1932 1297 2029 1328 reful-

1070 1350 1145 1379 gere
1179 1340 1285 1376 docet,
1326 1350 1389 1379 qua
1423 1339 1460 1369 ad
1499 1343 1626 1378 patrum
1666 1339 1820 1369 honorem
1862 1339 2029 1370 accedunt.

1070 1366 1197 1413 Floscnl
1202 1393 1236 1413 os
1259 1393 1299 1412 ex
1328 1382 1469 1421 profanis
1500 1381 1665 1412 autoribus
1696 1381 1845 1422 colligere
1868 1380 1907 1412 de
1930 1381 2029 1412 hono-

1070 1424 1180 1456 randis
1204 1425 1334 1456 senibus
1364 1435 1425 1455 non
1458 1429 1506 1455 est
1536 1424 1615 1454 mihi
1644 1424 1860 1464 propositum:
1893 1424 2030 1455 sufficiat

1069 1467 1152 1507 quod
1183 1467 1235 1498 hic
1266 1468 1355 1498 Deus
1385 1467 1542 1507 praecipit
1571 1466 1684 1497 dietari
1715 1477 1732 1497 a
1763 1471 1889 1497 natura.
1935 1466 2029 1505 Quod

1069 1510 1218 1549 apparuit
1242 1510 1395 1547 Athenis,
1427 1520 1525 1549 quum
1557 1510 1698 1540 venisset
1722 1520 1820 1539 senex
1843 1509 1970 1548 quidam
1995 1510 2026 1540 in

1069 1553 1248 1587 theatrum,
1284 1562 1343 1583 nec
1373 1552 1477 1583 locum
1510 1552 1679 1591 reperisset
1708 1552 1792 1582 inter
1825 1552 1911 1582 cives
1945 1563 2028 1590 suos,

1069 1595 1197 1625 tandem
1228 1594 1278 1625 ubi
1310 1606 1328 1625 a
1358 1595 1462 1634 legato
1494 1598 1645 1634 spartane
1682 1594 1813 1625 honoris
1849 1604 1943 1625 causa
1973 1594 2028 1625 ad-

1069 1638 1183 1668 missus
1217 1642 1300 1668 esset
1332 1636 1420 1677 (quia
1460 1643 1608 1667 senectus
1649 1636 1733 1677 apud
1767 1636 2027 1667 Lacedaemonas

1067 1690 1184 1720 magna
1209 1681 1413 1710 veneratione
1436 1679 1564 1720 colitur)
1587 1679 1718 1719 plausus
1743 1679 1883 1718 undique
1907 1680 2026 1710 excita-

1068 1728 1121 1753 tus
1144 1727 1204 1753 est:
1230 1727 1306 1753 tunc
1319 1721 1594 1753 Lacedaemonius
1617 1721 1670 1752 ille
1693 1721 1903 1753 exclamavit:
1930 1723 2028 1752 Athe-

1068 1766 1196 1795 nienses
1219 1765 1300 1795 seire
1325 1764 1399 1804 quid
1420 1770 1543 1796 rectum
1563 1770 1657 1801 esset,
1681 1764 1785 1795 facere
1805 1772 1909 1794 autem
1931 1764 2025 1795 nolle.

1067 1808 1137 1838 Hoc
1172 1812 1256 1839 certe
1291 1812 1380 1837 tanto
1414 1818 1571 1838 consensu
1606 1807 1714 1847 populi
1750 1807 1944 1846 patefactum
1979 1812 2028 1837 est

1067 1851 1244 1890 ingenitam
1268 1859 1336 1880 esse
1367 1849 1470 1890 legem
1501 1850 1644 1880 omnium
1676 1849 1840 1884 cordibus,
1870 1855 1905 1879 ut
1935 1860 2026 1880 senes

1068 1896 1277 1923 revereantur
1301 1902 1336 1923 ac
1359 1892 1542 1923 observent.
1585 1892 1682 1923 Multi
1706 1891 1831 1932 quidem
1858 1901 1950 1922 senes
1968 1902 2026 1922 sna

1068 1936 1116 1966 vel
1142 1935 1289 1972 levitate,
1323 1934 1373 1964 vel
1397 1934 1544 1971 lascivia,
1576 1935 1625 1965 vel
1650 1934 1809 1971 socordia,
1835 1933 2023 1974 dignitatem

1067 1978 1125 2009 sibi
1150 1981 1317 2017 arrogant:
1349 1978 1497 2016 quamvis
1527 1983 1634 2008 tamen
1658 1977 1791 2009 canities
1815 1987 1877 2006 non
1902 1987 2027 2016 semper

1068 2020 1182 2051 habeut
1202 2020 1351 2050 comitem
1368 2021 1578 2059 sapientiam,
1599 2025 1687 2050 aetas
1706 2029 1764 2060 per
1783 2030 1815 2049 se
1837 2019 2027 2050 venerabilis

1067 2068 1115 2094 est
1138 2074 1176 2093 ex
1202 2062 1262 2093 Dei
1287 2062 1446 2093 mandato.

1154 2106 1284 2135 Denter.
1322 2104 1453 2141 16,18.
1491 2105 1615 2135 Iudices
1646 2107 1671 2135 et
1698 2104 1876 2143 praefectos
1930 2104 2026 2136 Hune

1067 2148 1169 2179 locum
1195 2148 1278 2177 inter
1302 2147 1495 2187 appendices
1519 2148 1621 2186 quinti
1643 2147 1801 2187 ρτωεορῐί
1823 2146 1925 2185 posui:
1952 2147 2026 2186 quia

1067 2191 1093 2222 si
1118 2191 1185 2221 Deo
1210 2189 1313 2229 placet
1336 2200 1485 2230 praeesse
1515 2189 1636 2221 iudices
1661 2189 1799 2229 regendo
1821 2189 1952 2228 populo,
1978 2200 2026 2220 se—

1067 2234 1175 2273 quitur
1204 2243 1312 2262 eorum
1344 2232 1466 2272 legibus
1496 2237 1526 2263 et
1557 2232 1669 2263 edictis
1698 2231 1909 2262 obediendum
1940 2242 2026 2263 esse:

1067 2276 1111 2306 ita
1136 2275 1174 2305 ad
1197 2285 1251 2305 eos
1275 2285 1375 2314 usque
1403 2274 1587 2305 extenditur
1618 2275 1720 2314 patria
1749 2279 1898 2313 potestas.
1945 2274 2025 2305 Cae—

1068 2324 1171 2349 terum
1195 2327 1255 2356 quo
1281 2317 1441 2347 lubentius
1464 2316 1623 2348 iudicibus
1646 2328 1679 2348 se
1708 2316 1844 2356 populus
1867 2316 2026 2354 subiiciat,

1067 2361 1218 2392 admonet
1232 2360 1319 2390 Deus
1340 2370 1405 2390 non
1424 2370 1515 2399 posse
1535 2360 1628 2390 aliter
1647 2358 1830 2390 conservari
1846 2358 2024 2391 humanum

1067 2413 1176 2444 genus.
1220 2402 1306 2441 Ergo
1331 2402 1458 2441 publica
1481 2403 1610 2439 utilitas,
1634 2402 1716 2441 quod
1740 2401 1854 2440 alioqui
1879 2400 2024 2433 odiosum

1067 2451 1150 2477 esset
1184 2445 1431 2484 magistratuum
1472 2445 1661 2485 imperium,
1702 2443 1837 2474 amabile
1872 2443 2025 2484 dulceque

1067 2488 1181 2518 reddit.
1224 2486 1395 2517 Caeterum
1420 2489 1569 2526 quamvis
1593 2497 1656 2517 non
1680 2486 1827 2516 omnibus
1849 2485 1959 2517 datum
1984 2489 2026 2518 sit

1067 2531 1186 2561 iudices
1209 2529 1335 2568 eligere,
1360 2530 1434 2569 quia
1454 2529 1544 2561 Deus
1568 2530 1626 2560 hae
1648 2529 1870 2569 praerogativa
1889 2528 2025 2561 electum

1068 2573 1222 2613 populum
1241 2572 1390 2612 dignatus
1410 2578 1472 2602 est:
1493 2572 1686 2613 generaliter
1698 2576 1805 2601 tamen
1822 2573 2026 2604 commendat

1070 2615 1158 2646 Deus
1183 2614 1345 2654 politicum
1370 2614 1529 2646 ordinem:
1566 2614 1640 2654 quia
1663 2614 1822 2654 significat
1846 2623 1909 2644 non
1933 2615 2027 2646 aliter

1793 2663 1826 2689 39
