2304 3034
153 183 213 216 167

153 278 236 311 haec
260 276 383 307 timoris
407 281 437 304 et
468 272 670 303 reverentiae
701 271 761 302 fuit
783 272 928 311 probatio
960 283 1024 302 non
1054 273 1126 312 plus
1151 276 1153 291 l

157 326 310 361 appetere
339 327 435 357 quam
465 315 618 351 dabatur,
648 313 705 344 sed
736 313 861 344 diurnis
890 314 1020 346 cibariis
1051 326 1125 346 con—

160 369 267 395 tentos
298 371 383 397 esse,
413 364 509 398 atque
537 359 581 388 ita
611 356 752 397 pendere
776 366 794 387 a
817 356 880 387 Dei
912 357 1125 397 providentia.

160 406 244 438 Mihi
267 404 354 443 prior
379 412 491 432 sensus
515 400 619 441 magis
643 399 778 436 arridet,
814 410 908 439 quem
934 400 1049 431 melius
1072 412 1128 432 ex-

160 449 300 489 primere
324 451 458 476 conatus
482 454 553 474 sum
577 453 673 482 quam
698 453 737 472 ex
762 442 833 473 aliis
857 447 953 481 queat
975 443 1126 484 intelligi.

161 492 263 522 Porro
284 489 322 519 de
346 487 475 517 nomine
495 486 575 526 legis
595 495 725 516 movere
744 487 1001 516 controversiam
1021 497 1128 526 supcr-

161 541 299 565 vacuum
334 538 395 560 est:
431 529 505 568 quia
541 530 591 558 lex
626 527 675 569 (ut
704 528 800 567 paulo
829 533 901 567 post
934 528 1128 570 videbimus)

161 575 318 614 accipitur
339 583 394 613 pro
414 571 506 602 modo
526 578 582 602 ant
607 570 717 610 regula
741 571 791 610 pie
814 571 962 610 iusteque
986 572 1127 603 vivendi.

163 618 380 657 Cogniturum
415 624 491 654 ergo
526 625 559 645 se
594 614 672 644 dicit
704 624 745 644 au
781 613 922 644 habeant
958 614 991 644 in
1022 615 1129 646 animo

161 661 267 700 ipsum
292 659 404 695 colere,
429 668 525 696 seque
549 657 706 687 subiicere
730 656 799 687 eius
821 656 963 696 imperio.
1000 657 1036 688 Si
1059 658 1129 697 quis

162 709 271 734 tamen
296 701 444 741 amplecti
465 700 555 730 malit
575 700 715 730 alterum
735 709 884 737 sensum,
917 700 1043 731 fruatur
1073 711 1130 740 per

163 756 214 777 me
238 756 296 775 suo
320 744 446 774 iudicio,

249 788 276 819 ἵ).
309 788 349 817 Iu
377 787 427 817 (lie
456 788 556 816 autem
587 787 679 816 sexto.
733 784 819 823 Quia
849 795 926 815 mox
961 785 1130 817 subiicitur

164 831 313 862 sabbathi
347 829 484 866 mentio,
525 828 656 868 quidam
692 827 732 858 ad
766 829 835 859 eius
869 828 1128 860 observationem

164 875 364 913 restringunt
393 871 476 911 quod
508 871 629 902 dietum
657 877 706 902 est
737 871 775 901 de
804 870 889 911 lege,
921 879 1015 911 atque
1042 871 1130 903 hune

166 926 295 948 sensum
309 915 450 951 eliciunt,
470 914 578 945 Deum
599 914 712 945 fecisse
732 914 912 954 periculum
932 924 973 944 an
992 914 1129 954 populus

164 960 303 1000 quictem
338 957 474 996 septimo
508 967 633 996 quoque
668 956 719 987 die
754 962 957 997 praeceptam
993 957 1130 988 fideliter

164 1002 294 1038 coleret,
319 1000 403 1040 quod
427 1001 571 1030 ieiunum
596 1005 652 1030 est.
700 1000 876 1039 Postquam
908 1006 1016 1030 autem
1040 1000 1129 1031 Deus

164 1045 316 1075 diurnum
341 1044 463 1074 victum
488 1044 554 1073 suis
585 1042 748 1082 promisit,
780 1053 866 1073 nunc
896 1042 984 1072 addit
1015 1053 1129 1083 excep-

163 1088 297 1118 tionem:
339 1096 454 1125 nempe
493 1091 528 1116 ut
563 1086 612 1116 die
646 1090 739 1116 sexto
774 1096 935 1116 summam
971 1084 1130 1125 duplicem

163 1130 332 1169 colligant,
363 1139 399 1160 ac
428 1129 595 1159 dimidiam
624 1134 748 1168 partem
781 1133 941 1168 reponant
972 1128 1006 1158 in
1037 1139 1129 1160 usum

162 1172 319 1204 sabbathi.
353 1171 404 1202 Ita
422 1183 456 1202 re
476 1173 545 1211 ipsa
570 1171 637 1202 dies
660 1172 817 1211 septimus
842 1176 1047 1202 consecratus
1070 1172 1131 1202 fuit

163 1224 237 1246 aute
280 1215 381 1255 legem
424 1215 671 1254 promulgatam.
732 1214 929 1254 Quanquam
970 1215 1129 1245 incertum

162 1265 209 1289 est
234 1269 273 1288 au
298 1259 388 1297 quies
413 1259 475 1288 iam
505 1265 580 1287 ante
603 1268 621 1287 a
645 1257 790 1296 patribus
814 1259 986 1288 observata
1018 1258 1128 1288 fuerit:

163 1301 246 1341 quod
280 1300 442 1340 probabile
477 1300 620 1332 videtur:
663 1300 701 1330 de
736 1312 797 1341 quo
838 1307 946 1331 tamen
983 1310 1129 1341 pugnare

163 1350 274 1375 nolim.

249 1387 276 1417 6,
301 1385 343 1416 Et
372 1386 454 1416 dat-tc
478 1385 581 1417 IlIoses
610 1388 637 1417 ec
659 1385 799 1417 Altarou.
846 1384 940 1424 Quod
976 1385 1130 1425 populum

164 1429 277 1460 dieunt
307 1431 530 1469 cogniturum,
556 1430 617 1460 Dei
641 1440 710 1459 esse
734 1440 814 1469 opus
843 1434 966 1459 emtum
996 1439 1090 1459 suum
1114 1438 1131 1459 e

163 1478 251 1503 terra
274 1472 426 1512 Aegypti,
450 1472 568 1512 impiae
591 1471 830 1511 exprobrationi
855 1472 1045 1512 opponitur,
1069 1482 1131 1511 qua

164 1521 360 1555 conquestus
394 1515 501 1545 fuerat
534 1526 566 1546 se
602 1515 766 1555 proditum
801 1514 899 1545 fuisse
929 1525 946 1544 a
978 1515 1068 1545 Mose
1099 1518 1131 1545 et

165 1557 309 1595 Aharon,
334 1557 461 1598 quando
483 1559 515 1588 in
539 1559 703 1589 desertum
726 1557 884 1588 adductus
908 1558 1020 1588 fuerat.
1066 1557 1130 1587 Re-

163 1601 324 1640 spondent
355 1612 447 1641 crgo,
470 1600 577 1632 Deum
602 1601 708 1641 palam
744 1602 905 1632 facturum
929 1611 962 1631 se
985 1606 1130 1631 autorem

164 1654 234 1675 esse
258 1644 472 1682 liberationis,
496 1654 535 1674 ne
559 1644 698 1684 amplius
721 1644 901 1683 obsti-operi
925 1644 990 1675 sint
1018 1648 1132 1675 contra

164 1686 232 1718 eius
256 1688 432 1718 ministros.
475 1687 546 1718 Etsi
570 1695 679 1718 autem
701 1687 812 1718 subest
835 1687 918 1717 acris
941 1687 1131 1726 obiurgatio,

164 1731 337 1761 coniuncta
371 1736 419 1761 est
452 1735 559 1761 tamen
595 1741 668 1761 eum
702 1730 918 1770 promissione
958 1730 1131 1761 continuae

164 1774 296 1812 gratiae.
327 1773 514 1804 Admoneat
538 1773 638 1810 enim,
664 1773 724 1804 hoc
748 1774 864 1804 effectu
889 1772 1058 1812 probatum
1082 1772 1130 1808 iri,

163 1815 273 1846 Deum
298 1817 395 1847 fuisse
418 1816 576 1846 Israelitis
607 1815 720 1847 ducem
745 1822 776 1846 et
804 1817 1024 1846 liberatorem:
1057 1815 1132 1854 quia

165 1868 262 1898 opera
285 1870 439 1890 manuum
464 1870 595 1889 suarum
616 1860 731 1889 mutila
758 1870 821 1889 non
849 1858 976 1889 (leserit.
1019 1858 1129 1889 Conti-

165 1902 275 1932 nuatio
298 1903 406 1942 itaque
430 1902 552 1941 gratiae
576 1901 733 1939 ostendit,
758 1902 895 1932 eundem
923 1902 1045 1938 Deum,
1077 1900 1131 1940 qui

167 1945 319 1975 virtutem
343 1956 435 1975 suam
461 1946 677 1985 prosequitur,
702 1945 741 1975 ab
765 1946 858 1975 initio
882 1945 1024 1984 coepisse
1047 1943 1131 1983 quod

164 1987 196 2017 in
227 1988 323 2019 finem
356 1999 454 2028 usque
486 1988 633 2027 perducit
657 1987 754 2029 (l’sal.
790 1988 859 2025 138,
891 1987 932 2028 S).
979 1987 1130 2027 Cognitio

163 2032 348 2070 vespertina
368 2033 506 2062 retertur
525 2031 565 2061 ad
584 2032 776 2067 coturnices,
790 2031 823 2061 in
837 2031 954 2070 quibus
967 2030 1129 2069 specimen

163 2072 261 2103 edidit
296 2074 386 2104 Deus
428 2074 560 2104 virtutis
594 2084 686 2104 suae:
730 2074 784 2104 sed
819 2074 894 2113 quia
935 2072 1131 2104 luculentius

163 2117 318 2155 postridie
343 2117 468 2148 refulsit
492 2118 523 2147 in
548 2127 633 2154 man,
656 2117 733 2148 dicit
754 2117 860 2147 Moses
884 2127 979 2146 mane
1004 2115 1130 2146 visuros

163 2158 299 2198 gloriam
314 2160 455 2190 Domini.
492 2160 616 2191 Verum
637 2170 677 2190 ne
697 2160 793 2190 huius
812 2160 936 2200 gratiae
960 2163 1130 2199 praetextu

165 2212 198 2231 se
220 2202 306 2242 ipsos
331 2203 550 2239 demulceant,
576 2203 698 2242 sibique
722 2202 898 2233 adulentur
920 2203 953 2232 in
977 2212 1035 2233 sua
1056 2211 1130 2241 pra-

166 2245 282 2283 vitate,
306 2245 458 2277 admonct
482 2256 544 2276 nou
570 2246 637 2276 dari
665 2246 724 2276 hoe
747 2256 858 2276 eorum
889 2245 1044 2285 peccatis,
1074 2243 1129 2274 sed

165 2287 272 2318 Deum
297 2289 356 2319 hoc
380 2289 473 2319 modo
497 2294 621 2319 certare
645 2299 716 2319 cum
747 2299 898 2328 perversa
922 2298 1033 2318 eorum
1056 2297 1129 2318 con-

166 2332 318 2362 tumacia:
344 2342 380 2362 ac
403 2332 430 2362 si
459 2332 581 2362 diceret
603 2332 828 2371 appariturum
854 2331 918 2361 illis
946 2331 1064 2367 Deum,
1095 2335 1131 2359 ut

166 2373 199 2402 in
223 2374 347 2413 fulgore
371 2376 480 2405 vultus
504 2375 573 2405 eius
597 2375 796 2414 impietatem
827 2384 918 2404 suam
953 2377 1131 2409 cernentes,

167 2416 296 2447 tandem
339 2418 522 2457 pudefiant,
563 2424 593 2447 et
628 2417 771 2448 sentiant
805 2417 1000 2457 sacrilegum
1035 2415 1131 2446 fuisse

168 2460 345 2490 tumultum
376 2471 437 2500 quo
462 2460 569 2490 Deum
598 2461 755 2500 impetere
786 2461 854 2490 ausi
890 2468 974 2490 sunt.
1020 2460 1069 2489 Ac
1093 2468 1132 2488 ne

169 2503 433 2541 tergiversentur,
454 2504 528 2542 quia
547 2503 677 2534 nonnisi
697 2505 803 2542 ipsum
818 2503 930 2533 Mosen
951 2507 983 2533 et
996 2501 1132 2532 Aharon

168 2547 311 2584 aggressi
336 2547 480 2583 fueraut,
512 2556 643 2577 eausam
673 2546 778 2576 reddit
807 2557 864 2576 cur
896 2545 981 2584 ipsos
1015 2543 1131 2574 bellum

168 2596 241 2632 cum
271 2588 340 2618 Deo
375 2589 512 2629 gessisse
547 2589 756 2627 pronunciet:
792 2598 922 2627 nempe,
958 2587 1032 2627 quia
1066 2591 1132 2616 tam

168 2639 246 2668 ipse,
271 2642 364 2670 quam
390 2633 498 2668 trater,
523 2642 626 2671 neque
645 2642 678 2662 se
698 2632 782 2671 ipsos
802 2630 1008 2671 ingesserint,
1028 2638 1134 2668 neque

724 177 1093 211 COMMENTARIUS
1116 178 1165 210 IN
1188 177 1338 210 EXODI
1361 176 1458 209 OAP.
1482 176 1576 209 XVI.

2086 176 2145 208 168

1180 271 1240 303 sibi
1281 271 1454 311 quidquam
1496 270 1695 310 sumpserint
1732 270 1906 309 proprium.
1952 270 2023 302 Hoc
2064 271 2150 301 enim

1179 321 1298 345 sonant
1321 314 1433 345 verba:
1465 313 1552 352 Quid
1578 323 1705 351 sumus,
1736 318 1771 342 ut
1794 313 2005 343 murmuretis
2035 318 2149 345 contra

1181 356 1261 388 nos?
1285 367 1321 388 ac
1344 357 1370 387 si
1397 361 1530 395 negaret
1553 356 1612 386 sibi
1637 355 1811 395 quidquam
1832 365 1850 385 a
1870 355 1939 386 Deo
1966 361 2149 395 separatum

1181 410 1258 430 esse.
1314 399 1486 431 Caeterum
1522 408 1620 438 quum
1656 398 1715 428 hoc
1749 397 1932 428 testimonio
1969 408 2003 428 se
2035 399 2149 438 probet

1181 442 1308 473 fidelem
1339 442 1437 472 fuisse
1469 442 1530 472 Dei
1560 451 1708 476 servum,
1741 440 1920 480 colligimus
1955 440 2058 471 nullos
2088 441 2149 472 sibi

1181 486 1250 516 iure
1286 484 1450 516 vindicare
1485 484 1641 514 honorem
1675 483 1709 513 in
1743 483 1892 521 ecclesia,
1939 488 1975 514 ut
2011 483 2147 523 legitimi

1182 532 1326 568 pastores
1360 532 1569 562 censeantur,
1605 526 1667 556 nisi
1701 526 1754 565 qui
1788 531 1820 556 et
1854 525 2010 556 divinitus
2043 527 2149 557 vocati

1182 578 1266 608 sunt,
1291 576 1326 601 ut
1341 571 1446 601 Deum
1470 569 1613 600 habeant
1636 569 1781 599 muneris
1804 569 1853 599 sui
1883 574 2027 599 autorem
2052 574 2083 600 et
2107 579 2147 600 ex

1182 625 1215 644 se
1249 614 1327 653 ipsis
1362 612 1441 643 nihil
1465 612 1648 652 proferunt,
1684 611 1740 642 sed
1775 616 1900 642 tantum
1925 617 2147 651 exsequuntur

1183 657 1265 696 qued
1297 656 1356 687 sibi
1387 654 1576 686 mandatum
1608 662 1665 685 est.
1713 653 1817 685 Sicuti
1848 654 1929 684 tales
1959 655 2067 694 sperni
2092 665 2147 686 ne-

1182 705 1304 739 queunt
1318 699 1436 738 absque
1451 698 1511 728 Dei
1525 697 1653 734 iniuria,
1673 698 1765 727 cuius
1785 707 1956 736 personam
1968 698 2144 729 sustinent:

1182 743 1226 772 ita
1256 742 1309 782 qui
1345 752 1400 781 pro
1435 740 1568 771 libidine
1600 740 1776 779 imperium
1813 744 1981 778 exercent,
2004 741 2145 772 inaniter

1182 785 1344 824 simplices
1368 784 1519 814 territant
1544 783 1605 814 Dei
1629 782 1776 819 nomine,
1803 793 1903 822 quum
1928 793 1987 823 pro
2011 785 2146 816 veritate

1181 827 1327 858 fallacem
1364 827 1489 857 larvam
1523 825 1683 856 obiicient.
1741 824 1886 856 Octavus
1920 836 2034 858 versus
2063 827 2146 858 nihil

1182 876 1309 910 praeter
1337 870 1571 909 expositionem
1600 868 1745 899 eiusdem
1776 868 1956 899 sententiae
1986 871 2144 901 continet:

1182 913 1244 943 nisi
1267 913 1350 952 quod
1374 913 1571 943 coniunctim
1596 911 1672 941 dicit
1703 921 1854 942 sensuros
1878 921 1947 942 esse
1970 912 2146 951 Israelitas,

1182 960 1351 995 postquam
1377 965 1511 994 vespere
1539 954 1676 985 saturati
1706 954 1826 984 fuerint
1856 964 1967 990 carne,
1996 960 2029 985 et
2052 965 2146 986 mane

1182 999 1276 1029 datus
1306 999 1403 1029 fuerit
1434 999 1541 1037 panis,
1575 998 1682 1027 Deum
1705 1007 1775 1027 esse
1805 1007 1899 1027 suum
1931 996 2148 1030 liberatorem.

1181 1041 1308 1072 Deinde
1328 1041 1507 1072 antithesin
1527 1040 1692 1079 exprimit:
1718 1039 1791 1070 Non
1806 1041 2018 1071 murmuratis
2037 1046 2150 1072 contra

1182 1095 1247 1122 nos,
1271 1084 1326 1115 sed
1350 1090 1463 1115 contra
1487 1083 1603 1113 Deum.

1266 1169 1294 1200 9.
1318 1167 1360 1200 Ec
1378 1169 1459 1200 <lixit
1473 1168 1575 1199 Moses
1594 1169 1634 1199 ud
1654 1168 1800 1199 Auaron.-
1823 1168 1886 1198 Die
1908 1169 1950 1199 ad
1971 1169 2150 1201 universum

1180 1215 1292 1243 coetum
1308 1213 1444 1251 (iliorum
1458 1211 1575 1242 Israel:
1599 1211 1740 1242 Ace-edite
1760 1212 1792 1242 iu
1810 1214 1998 1250 conspectum
2010 1212 2149 1250 Ielzovae,

1182 1256 1258 1294 quia
1276 1256 1395 1285 audivit
1415 1255 1675 1285 murmurationes
1694 1257 1821 1285 vestras.
1848 1254 1895 1285 10.
1918 1254 1960 1285 Ec
1976 1255 2094 1294 factum
2106 1258 2151 1287 est

1183 1308 1276 1336 quum
1295 1299 1464 1337 loqueretur
1476 1297 1606 1328 Almron
1625 1298 1666 1328 ud
1682 1298 1862 1328 ‘tcnicersum
1880 1300 1993 1328 coetum
2013 1297 2150 1337 filiorum

1185 1341 1302 1377 Israel,
1327 1343 1359 1371 ut
1380 1341 1565 1379 respicerent
1590 1350 1695 1371 [tersus
1713 1340 1879 1371 desertum:
1901 1343 1926 1371 et
1949 1350 2027 1378 ecee,
2049 1341 2150 1381 yloria

1185 1384 1316 1414 Ielwvae
1338 1384 1486 1423 apparuit
1509 1383 1543 1413 m
1567 1383 1651 1413 nube.
1689 1383 1737 1414 11.
1763 1383 1923 1422 Loquut‘us
1943 1384 2025 1414 enim
2047 1384 2151 1421 fuerat

1186 1426 1297 1457 Ielzoru
1309 1427 1351 1457 ad
1366 1426 1483 1462 illoseu,
1503 1426 1645 1456 dicendo:
1681 1426 1728 1456 12.
1751 1426 1871 1456 Audivi
1890 1427 2151 1458 murmurationes

1182 1469 1318 1508 filiorum
1339 1468 1457 1499 Israel:
1480 1468 1632 1507 alloquere
1655 1479 1712 1507 eos,
1737 1469 1875 1499 duendo:
1899 1469 1985 1500 Inter
2006 1479 2151 1508 vesperas

1184 1512 1342 1543 eorizedetis
1363 1522 1502 1546 curnem,
1528 1514 1554 1541 et
1578 1521 1667 1542 ruane
1686 1511 1906 1542 saturabimini
1923 1522 2025 1550 pane:
2047 1513 2151 1552 itaque

1184 1555 1284 1586 scietis
1302 1555 1382 1593 quod
1405 1565 1456 1594 egsr)
1479 1555 1540 1584 sim
1560 1554 1671 1584 Ieltora
1691 1554 1778 1585 Deus
1800 1557 1905 1585 vester.
1946 1554 1993 1585 13.
2019 1554 2151 1586 Factum

1184 1600 1227 1628 est
1256 1608 1324 1638 eryo
1344 1607 1468 1635 vespere
1501 1599 1533 1627 ut
1566 1597 1737 1628 ascenderet
1770 1598 1927 1635 coturnix,
1963 1600 1990 1628 et
2021 1599 2151 1637 operiret

1184 1643 1295 1678 castra,
1315 1650 1405 1670 mune
1423 1642 1523 1670 autem
1542 1643 1615 1670 esset
1633 1640 1787 1671 descensio
1806 1641 1888 1671 roris
1906 1641 2020 1672 circum
2038 1643 2149 1672 castra.

1186 1683 1232 1714 14.
1253 1683 1295 1713 Et
1313 1693 1409 1722 quum
1428 1685 1612 1713 evanesceret
1630 1683 1782 1713 des-censio
1800 1684 1891 1719 roris,
1913 1693 1973 1714 eece
1991 1684 2022 1714 iu
2044 1694 2150 1723 super-

1181 1726 1249 1765 ficie
1267 1726 1376 1757 deserta
1394 1726 1548 1756 mirantum
1566 1726 1741 1762 rotund-um,
1761 1727 2017 1765 minutumquasi
2033 1727 2150 1765 pruina

1183 1779 1276 1807 seraper
1299 1771 1421 1800 terram.
1470 1768 1517 1799 15.
1543 1768 1586 1798 Et
1608 1769 1742 1799 videntes
1770 1768 1832 1807 filii
1856 1769 1976 1808 Israel,
2005 1769 2151 1801 dixerunt

1183 1813 1312 1851 quisque
1340 1812 1381 1842 ad
1405 1812 1587 1850 prozimum
1617 1821 1724 1842 suum:
1752 1811 1812 1842 Est
1842 1822 1923 1842 tuan.
1969 1812 2152 1844 Nesciebant

1183 1855 1263 1886 euim
1294 1855 1368 1893 quid
1398 1857 1482 1885 esset.
1537 1854 1579 1883 Et
1607 1854 1688 1884 <lavit
1719 1854 1821 1885 Moses
1849 1855 1891 1885 ad
1917 1865 1983 1886 eos:
2014 1855 2075 1887 Hic
2108 1858 2150 1887 est

1177 1898 1276 1937 punis
1298 1907 1386 1935 quem
1409 1897 1490 1927 dedit
1513 1896 1623 1927 lebona
1645 1896 1729 1927 volus
1752 1898 1974 1929 comedendum.
2010 1898 2058 1929 16.
2083 1898 2150 1930 Hoc

1182 1943 1225 1972 est
1264 1941 1393 1971 edictum
1433 1940 1512 1978 quod
1545 1940 1675 1970 ”madet
1708 1940 1839 1970 Ieltova:
1876 1940 2014 1980 Colliyite
2046 1951 2085 1972 ew
2118 1951 2150 1973 eo

1182 1984 1310 2022 quisque
1332 1983 1365 2013 iu
1387 1992 1565 2013 mensurum
1593 1983 1691 2013 victu-s·
1714 1983 1765 2012 stul
1794 1983 1913 2020 homer,
1944 1993 2004 2022 pro
2027 1994 2150 2014 summa

1182 2027 1302 2056 numeri
1321 2026 1501 2056 aaimurum
1519 2028 1708 2055 vestrurmn:
1727 2026 1854 2064 quisque
1867 2036 1929 2064 pro
1948 2026 1990 2056 iis
2008 2027 2062 2065 qui
2079 2029 2151 2057 sunt

1183 2070 1216 2100 in
1248 2068 1439 2099 tabernaculo
1468 2078 1524 2098 suo
1552 2068 1687 2107 accipite.
1742 2068 1789 2098 17.
1820 2069 1920 2107 Atque
1947 2069 1992 2100 ita
2016 2069 2152 2108 fecerunt

1181 2112 1242 2151 filii
1266 2110 1368 2142 Israel
1392 2113 1418 2141 et
1440 2110 1636 2150 colle-(serunt,
1659 2110 1717 2140 alu
1739 2110 1884 2148 multum,
1912 2111 1970 2141 alu·
1992 2112 2148 2151 eriyumn.

1185 2156 1232 2185 18.
1258 2154 1300 2184 Et
1318 2163 1412 2192 (letzem
1434 2154 1614 2183 metirentur
1628 2163 1690 2191 per
1712 2153 1828 2189 homer,
1859 2164 1920 2184 nou
1944 2154 2099 2185 excedebat
2122 2155 2151 2185 is

1182 2198 1235 2237 qui
1257 2197 1387 2227 multum
1410 2197 1582 2236 eolleyerat,
1611 2206 1661 2226 uec
1684 2197 1790 2226 minus
1812 2196 1938 2227 shabebat
1960 2197 2014 2235 qui
2030 2207 2151 2235 purum

1182 2241 1356 2280 colleyerat:
1387 2240 1515 2278 quisque
1538 2239 1578 2269 ad
1601 2248 1780 2269 m‹.¹usuram
1803 2240 1900 2270 vietus
1918 2240 1968 2269 sui
1990 2240 2144 2280 colliyebat

1267 2327 1295 2356 9.
1316 2324 1357 2355 Et
1376 2325 1457 2355 dixit
1471 2324 1573 2355 ,lloses
1593 2324 1633 2354 (er
1647 2324 1796 2355 Alturvu:
1819 2324 1881 2356 Du·
1901 2325 1941 2355 ud
1960 2325 2148 2356 universum.

1183 2369 1256 2400 Non
1280 2368 1411 2398 dubium
1434 2373 1482 2397 cst
1506 2367 1583 2406 quin
1608 2377 1678 2397 reos
1697 2367 1772 2397 citet
1795 2368 1834 2397 ad
1848 2367 1910 2398 Dei
1932 2367 2088 2399 tribuual:
2113 2379 2149 2400 ac

1184 2413 1209 2443 si
1225 2412 1344 2442 diceret
1364 2421 1416 2440 eos
1436 2410 1511 2445 falli,
1531 2410 1557 2440 si
1578 2410 1765 2440 existiment
1784 2410 1946 2442 occultum
1966 2421 2035 2442 esse
2054 2421 2149 2442 suum

1184 2465 1341 2486 murmur.
1393 2452 1521 2483 Interea
1556 2457 1662 2483 tamen
1692 2452 1807 2483 alludit
1841 2453 1879 2483 ad
1914 2454 2032 2484 nubem
2067 2464 2149 2494 quae

1185 2497 1310 2530 visibile
1339 2502 1407 2527 crat
1437 2495 1621 2535 symbolum
1652 2496 1852 2534 praesentiae
1877 2496 1954 2527 Dei:
1985 2502 2081 2536 atque
2103 2497 2149 2527 ita

1185 2540 1357 2580 exprobrat
1386 2538 1449 2569 illis
1479 2537 1673 2574 socordiam,
1708 2539 1791 2577 quod
1828 2549 1892 2569 non
1927 2538 2148 2571 dubitaverint

1185 2583 1290 2614 Deum
1325 2587 1391 2612 tam
1427 2581 1660 2620 propinquum,
1691 2587 1723 2611 et
1757 2582 1810 2621 qui
1846 2592 1948 2622 paene
1982 2582 2046 2613 illis
2079 2586 2149 2613 orat

1185 2632 1260 2657 ante
1283 2625 1400 2661 oculos,
1425 2625 1590 2656 lacessere.
1632 2624 1742 2654 Primo
1766 2625 1865 2664 igitur
1889 2624 2067 2656 notandum
2089 2630 2147 2664 est,
