2304 3034
138 168 199 199 205

138 264 255 301 nubes,
278 268 307 294 et
332 263 450 303 caligo,
476 262 589 303 quibus
612 263 767 303 insignita
790 262 852 292 fuit
875 273 935 293 vox
960 261 1036 297 Dei,
1062 272 1101 291 ne

138 307 273 337 obseura
293 312 378 337 esset
401 306 470 336 eius
489 307 587 345 origo.
622 305 732 342 Addit,
758 315 866 336 vocem
891 305 978 334 illam
1005 304 1102 334 fuisse
1128 339 1129 342 Ἰ

1128 375 1129 378 ,
1155 347 1237 377 fesso
1270 349 1372 379 velint
1394 349 1461 380 Deo
1495 351 1611 381 bellum
1637 352 1774 388 inferre,
1807 352 1976 383 obediendi
2007 363 2117 383 neces-

573 391 639 421 Nec
663 400 779 430 paucos
803 389 880 420 citat
904 394 1019 425 testes,
1046 388 1101 418 sed
1127 421 1129 429 ,

137 434 304 474 ingentem
328 433 417 464 illam
437 433 688 469 multitudinem,
713 442 794 471 quac
813 442 931 471 magna
952 442 992 461 ex
1012 436 1102 470 parte
1127 432 1129 457 ἶ

138 477 326 517 propensior
354 477 464 506 fuisset
497 475 534 505 ad
566 473 834 514 exstinguendam
863 474 922 505 Dei
955 474 1101 514 gloriam,
1127 508 1128 511 Ἴ

137 359 307 388 magnam,
340 359 455 387 nempe
486 359 567 388 quae
592 349 674 378 ultra
699 347 826 378 solitum
852 346 981 377 modum
1007 347 1102 387 longe

138 392 266 431 lateque
290 396 526 430 penetraverat.

138 521 197 550 nisi
218 519 312 550 claris
331 518 561 558 experimentis
581 518 692 547 fuisset
710 516 775 547 illic
795 517 931 556 cognita.
965 516 1101 547 Summa

1010 570 1101 589 euius

139 568 202 599 est,
253 562 384 592 minime
431 561 561 591 dubium
609 570 676 590 0556
722 559 954 599 legislatorem,

138 606 289 635 maiestas
327 610 404 633 tunc
445 601 619 632 tremendis
659 601 814 641 prodigiis
855 602 1027 641 patefacta,
1069 606 1101 631 et

136 648 315 678 immensae
348 645 565 675 multitudinis
604 644 704 675 oeulis
745 649 992 683 repraesentata.
1049 643 1100 674 De

139 689 260 720 duabus
295 688 412 719 tabulis
446 687 656 726 opportunius
697 686 770 717 alibi
813 687 946 717 dicetur.

138 733 237 763 refert
264 732 372 762 Moses
402 730 504 760 Deum
539 729 621 759 nihil
655 729 821 765 adiecisse,
857 741 893 760 eo
924 730 1097 769 perfectam

136 776 220 806 vitae
244 773 387 814 regulam
413 772 520 802 decem
545 772 652 802 verbis
676 772 903 811 comprehendi
929 772 1097 812 significat,

135 828 171 849 ac
202 827 309 847 eorum
347 815 480 846 scientia
515 814 612 854 probe
641 820 791 854 percepta
827 814 949 845 absolvi
986 824 1098 844 omnes

134 859 309 899 sapientiae
343 867 510 894 numeros,
548 868 587 887 ne
620 857 695 896 quid
730 857 814 888 ultra
849 858 931 888 scire
966 862 1097 897 appetat

133 902 284 942 populus:
308 900 362 931 sed
387 900 440 930 ubi
464 901 560 930 finem
584 899 736 939 loquendi
759 901 831 931 fecit
857 901 953 939 Deus,
977 905 1095 930 metam

133 943 314 985 inquirendi
335 943 394 972 sibi
422 943 586 982 praefigat.

217 986 265 1017 23.
287 985 363 1016 Fuit
381 988 482 1015 autem
502 995 595 1024 quum
608 985 783 1016 audissetis
814 985 966 1017 Occurrit
978 985 1094 1020 Moses,

131 1040 172 1061 ne
191 1040 281 1061 suam
302 1028 481 1059 doctrinam
495 1028 629 1058 minoris
642 1028 813 1058 aestiment
827 1028 1002 1065 israelitae,
1022 1028 1096 1066 quia

130 1071 341 1111 interpositus
371 1081 388 1100 a
414 1070 481 1100 Deo
510 1071 615 1101 fuerat
643 1071 803 1101 minister:
835 1071 1095 1110 quandoquidem

130 1115 162 1146 id
186 1125 294 1145 eorum
320 1119 433 1153 rogatu
458 1124 494 1144 ac
517 1113 731 1152 postulatione
754 1113 874 1143 factum
900 1119 978 1144 crat.
1026 1112 1094 1144 Sci-

130 1169 200 1188 mus
225 1167 320 1196 quain
341 1162 491 1194 proterve
511 1155 596 1186 soliti
617 1155 751 1186 fuissent
773 1167 844 1187 6001
866 1166 1031 1195 respuere:
1058 1166 1094 1186 ac

129 1201 154 1231 si
175 1201 207 1230 in
228 1210 264 1229 eo
284 1198 362 1229 nihil
388 1199 449 1228 nisi
474 1204 625 1228 terrestre
650 1209 685 1229 ac
710 1199 886 1229 humanum
911 1204 1092 1229 cernerent.
1118 1207 1120 1224 1

127 1242 233 1273 Deum
265 1242 364 1281 igitur
395 1242 497 1281 ipsum
531 1241 629 1271 verba.
658 1242 761 1272 facere
792 1251 921 1272 necesse
951 1242 1025 1279 fuit,
1056 1247 1092 1271 ut
1119 1255 1120 1264 ¹

127 1296 256 1316 servum
281 1295 373 1315 suum
406 1294 424 1314 a
452 1291 636 1323 contemptu
668 1290 823 1314 assereret
853 1285 883 1314 in
916 1290 1091 1323 posterum.

126 1328 209 1358 Nam
235 1327 370 1367 populus
395 1327 462 1366 ipse
486 1327 576 1357 stulti
601 1332 632 1356 et
656 1328 851 1366 praeposteri
878 1327 943 1357 voti
967 1327 1093 1358 convic-

127 1376 194 1405 tus,
227 1370 313 1400 nullo
345 1369 459 1399 deinde
486 1374 657 1409 praetextu
683 1370 814 1399 rciieere
838 1370 950 1400 Mosen
977 1371 1091 1408 potuit,
1118 1395 1120 1402 ,

128 1424 164 1445 ac
187 1413 213 1443 si
238 1412 332 1443 tidem
357 1412 533 1443 vocationis
557 1422 633 1442 suae
658 1423 720 1442 non
746 1413 878 1443 fecisset.
916 1415 1020 1452 Atque
1040 1412 1092 1442 hic

128 1467 161 1487 se
190 1454 328 1495 prodidit
358 1455 440 1484 mira
470 1456 628 1494 pravitas,
659 1454 742 1494 quod
774 1460 886 1485 sancto
916 1455 1091 1494 prophetae

127 1504 295 1539 postquam
316 1502 361 1527 tot
382 1497 545 1528 miraculis
570 1498 720 1537 probatus
745 1497 859 1535 fuerat,
884 1499 978 1528 fidem
999 1498 1091 1528 abro-

127 1552 203 1581 gare
227 1541 317 1571 illum
343 1551 406 1570 non
438 1539 560 1579 puduit.
607 1541 704 1570 Certe
733 1541 760 1570 51
792 1540 907 1580 integri
939 1546 970 1571 et
1000 1541 1091 1579 aequi

127 1584 265 1615 fuissent
297 1583 434 1618 iudices,
466 1583 544 1614 satis
581 1590 693 1613 notum
728 1590 759 1613 et
793 1589 990 1622 compertum
1026 1583 1090 1613 illis
1118 1603 1119 1622 3

128 1627 252 1663 fuisset,
278 1626 390 1656 Mosen
415 1636 475 1655 non
502 1636 519 1656 a
543 1636 576 1656 sc
600 1626 669 1665 ipso
694 1637 751 1657 nec
780 1627 906 1665 proprio
937 1626 1091 1656 instinctu
1118 1646 1119 1655 1

127 1669 229 1709 loqui,
254 1668 309 1699 scd
333 1668 466 1708 spiritus
489 1679 558 1699 esse
582 1678 751 1708 organum.
799 1669 920 1699 Verum
946 1669 1092 1708 superbis

128 1718 157 1743 et
182 1722 332 1752 perverse
356 1711 490 1741 morosis
513 1711 639 1741 fastidio
663 1712 723 1742 fuit
750 1711 809 1741 Dei
833 1711 992 1747 doctrina,
1018 1713 1092 1751 quia
1118 1723 1119 1728 ¹

127 1765 183 1795 per
213 1764 345 1784 manum
381 1753 520 1784 hominis
549 1754 694 1784 mortalis
728 1754 932 1785 afferebatur.
986 1754 1091 1784 Deum

127 1808 202 1837 ergo
225 1797 418 1836 importunis
443 1797 525 1827 votis
549 1807 565 1825 0
589 1797 674 1827 00010
703 1797 852 1834 eliciunt,
884 1804 920 1827 ut
944 1797 1092 1836 loquatur

714 169 1081 201 COMMENTARIUS
1106 169 1153 200 IN
1180 169 1326 201 EXODI
1350 171 1446 202 ΟΑΡ.
1472 171 1549 203 XX.

1004 686 1099 725 Quod
1124 717 1126 732 Ι

128 1840 205 1880 ipse.
251 1840 348 1878 Atqui
381 1844 484 1869 terror
515 1839 623 1869 statim
652 1846 785 1879 occupat.
816 1850 925 1870 eorum
956 1846 1091 1876 mentes,

129 1888 164 1913 ut
195 1883 253 1913 Dei
288 1892 398 1912 vocem
434 1882 605 1921 refugiant.
661 1882 715 1913 Sic
745 1883 946 1921 experientia
974 1882 1091 1919 docuit,
1117 1911 1119 1923 Ἰ,

128 1925 208 1955 nihil
222 1935 290 1956 esse
302 1925 411 1954 utilius
426 1935 520 1964 quam
536 1924 640 1955 Deum
662 1936 719 1965 per
737 1936 771 1955 os
786 1926 887 1955 Mosis
908 1925 1090 1964 loquentem

129 1968 253 1998 audire:
290 1975 321 1997 et
356 1967 500 1997 mercede
535 1978 611 1998 suae
645 1969 834 1998 temeritatis
868 1968 971 1999 edocti
1006 1974 1089 2005 sunt,
1117 1988 1118 2000 t

128 2010 260 2041 docendi
272 2010 401 2040 modum
415 2020 508 2049 quem
523 2016 711 2049 spreverant
725 2011 842 2050 eligere
856 2016 951 2050 atque
970 2016 1089 2050 optare.

128 2052 176 2083 Ita
190 2053 273 2083 enim
294 2064 326 2083 se
346 2052 463 2092 impiae
482 2054 700 2084 contumaciae
721 2054 926 2091 damnarunt,
947 2053 973 2083 51
994 2054 1088 2084 tidem

129 2094 211 2125 Mosi
232 2096 262 2125 in
284 2103 445 2134 posterum
467 2095 672 2126 detraherent
697 2096 743 2126 vel
770 2096 970 2136 abi-„igarvnn
995 2107 1088 2135 quem

131 2137 189 2167 sibi
212 2138 455 2177 postulaverant
480 2149 497 2168 a
523 2138 591 2168 Deo
616 2139 857 2169 internuncium
889 2139 971 2169 dari:
1004 2139 1089 2178 quod

131 2190 214 2210 nune
244 2180 306 2210 illis
335 2182 516 2219 exprobrat.
564 2181 641 2212 Plus
673 2192 765 2221 qnam
802 2182 887 2211 enim
920 2181 1088 2221 indignum
1115 2183 1117 2219 1

132 2221 255 2257 fuisset,
284 2223 335 2253 ubi
362 2224 447 2253 Deus
474 2235 591 2254 morem
616 2229 760 2264 gesserat
790 2235 899 2255 norum
932 2224 1089 2264 precibus,
1115 2245 1117 2256 t

132 2263 318 2295 beneficium
338 2266 418 2304 quod
439 2267 674 2305 expetiverant,
699 2267 839 2297 reiicere.
874 2267 945 2298 Hac
966 2267 1089 2297 ratione

134 2313 372 2344 commemorat,
428 2316 593 2348 postquam
648 2310 765 2340 oculati
818 2311 945 2340 fuerant
992 2314 1089 2340 testes

134 2347 340 2379 formidabilis
365 2350 424 2380 Dei
448 2353 624 2391 potentiae,
659 2363 789 2392 rogasse
821 2353 903 2382 ultro
934 2364 973 2382 nt·
1004 2352 1088 2391 loqui

134 2396 287 2429 pergeret.
332 2394 378 2422 Ae
407 2404 446 2423 ne
473 2395 645 2425 obiieor‹·11t
675 2395 704 2425 id
730 2406 747 2425 a
773 2396 880 2435 paucis
905 2395 953 2425 vel
979 2395 1089 2425 incon-
1115 2378 1116 2432 1

134 2432 224 2467 sulse,
249 2433 297 2462 vel
321 2444 375 2471 per
399 2437 570 2467 tumultum
595 2444 700 2467 aetum
727 2448 811 2469 csse.
836 2438 986 2468 mandata
1012 2438 1090 2467 haec
1114 2435 1116 2465 1

135 2474 251 2503 diserte
280 2481 414 2506 testatur
443 2480 563 2517 perlata
593 2481 690 2511 tuisse
714 2492 732 2510 a
759 2480 916 2519 capitibus
946 2481 1087 2511 tribuum
1115 2496 1116 2515 3

133 2522 164 2547 et
189 2517 373 2548 senioribus.

155 2601 158 2606 Ι
219 2559 268 2589 24.
293 2559 343 2589 En
365 2562 490 2593 ostendit
522 2564 606 2595 nobis
630 2565 751 2596 Iaelzoem.
798 2566 934 2605 Propria
964 2565 1087 2595 confes·
1114 2568 1115 2576 ¹

135 2611 222 2631 smne
253 2608 422 2642 urgentur,
456 2616 494 2634 ne
525 2607 655 2645 posthae
685 2608 820 2638 audeant
846 2608 884 2638 de
907 2608 1088 2639 ministerio
1114 2602 1115 2632 1

2055 175 2117 205 206

1157 262 1256 293 Mosis
1280 266 1530 295 controversiam
1551 276 1689 297 movere.
1725 267 1808 297 Nam
1828 267 1903 297 dum
1924 277 1957 298 se
1976 267 2118 298 fatentur

1156 304 1275 336 vidisse
1299 306 1433 345 gloriam
1458 308 1518 338 Dei
1543 314 1571 339 et
1596 309 1872 349 magnitudinem,
1897 310 1956 340 nisi
1981 321 2019 340 ex
2044 321 2116 349 pro-

1155 390 1248 419 sitate
1272 401 1305 420 se
1333 391 1551 432 obstringunt.
1598 394 1635 424 In
1666 395 1728 425 fine
1760 405 1889 432 versus,
1921 395 1974 425 ubi
2005 395 2118 426 dieunt

1156 432 1260 462 Deum
1292 433 1459 472 loquutum
1496 446 1564 466 esse
1588 446 1659 466 cum
1691 437 1819 467 homine
1851 442 1910 468 etc.
1935 447 1997 468 non
2022 437 2116 468 modo

1154 474 1343 514 intelligunt
1375 487 1444 507 esse
1479 477 1623 509 homines
1658 479 1689 509 iu
1725 487 1811 510 terra
1839 480 2028 520 superstites
2061 480 2116 520 qui

1155 516 1214 547 Dei
1247 528 1357 549 vocem
1383 530 1399 548 0
1423 520 1509 550 coelo
1541 521 1702 561 delapsam
1733 523 1865 553 auribus
1895 523 2114 562 perceperint:

1153 559 1207 589 sed
1222 570 1291 590 cum
1308 561 1518 593 admiratione
1539 564 1724 603 praedicant
1742 565 1824 604 quod
1845 566 1910 596 fere
1929 565 2115 596 incredibile

1153 607 1230 632 erat.
1268 603 1336 633 Etsi
1358 604 1444 634 enim
1463 606 1540 636 satis
1560 607 1643 645 apud
1664 618 1715 638 005
1736 607 1907 648 vulgatum
1927 613 1996 638 erat.
2008 608 2114 638 Deum

1152 645 1225 674 olim
1241 655 1312 675 cum
1329 646 1472 685 patribus
1485 648 1668 687 loquutum:
1689 650 1764 689 quia
1783 656 1890 680 tamen
1904 651 2115 689 praeterierat

1152 687 1283 726 long-um
1316 694 1441 727 tempus
1465 701 1503 720 ex
1529 702 1589 730 quo
1613 699 1815 723 cessaverant
1845 693 1988 729 oracula,
2023 693 2115 732 quasi

1152 729 1190 759 ad
1232 740 1299 760 rem
1345 742 1461 761 novam
1509 733 1752 773 obstupescunt.
1816 735 1973 765 Videmus
2014 736 2114 766 ctiam

1151 779 1187 801 ut
1211 772 1305 812 longo
1330 780 1397 812 post
1424 780 1580 814 tempore,
1606 778 1728 816 quotics
1752 777 1900 817 apparuit
1924 778 2025 808 servis
2048 778 2114 808 suis

1152 814 1250 850 Deus,
1274 823 1361 845 metu
1386 818 1499 847 mortis
1523 819 1644 849 fuerint
1662 821 1808 859 correpti.
1847 820 1925 851 Fuit
1948 821 2032 851 enim
2055 821 2113 852 hoc

1150 857 1213 887 illis
1244 858 1347 888 instar
1376 860 1555 897 proverbii:
1581 862 1773 899 Moriemur,
1802 863 1876 902 quia
1900 863 2005 893 Deum
2032 863 2113 893 vidi-

1149 911 1222 930 1005
1254 900 1338 941 (lud.
1372 901 1419 937 13,
1450 902 1511 932 22.
1563 904 1678 934 Merito
1713 910 1819 936 autem
1854 905 1914 936 hoc
1947 905 2112 945 singulare

1149 943 1355 982 privilegium
1379 944 1558 982 celebrant,
1590 947 1673 986 quod
1698 958 1762 978 non
1785 948 1905 978 fuerint
1927 948 2070 987 absorpti
2093 960 2113 979 a

1148 985 1208 1015 Dei
1229 985 1341 1026 gloria.
1373 986 1455 1016 Nam
1475 988 1501 1017 51
1521 995 1690 1028 conspectu
1704 991 1771 1021 eius
1785 996 1908 1021 montes
1921 990 2111 1030 liquescunt,

1147 1037 1179 1058 et
1198 1028 1353 1067 quidquid
1374 1028 1584 1061 durissimum
1601 1038 1648 1062 est
1667 1032 1811 1071 solvitur,
1824 1033 1976 1072 quidquid
1996 1033 2108 1064 robus-

1147 1071 1307 1101 tissimum
1353 1078 1401 1101 est
1446 1072 1582 1103 fractum
1616 1074 1767 1113 concidit,
1811 1075 1967 1114 quomodo
2007 1080 2109 1106 staret

1147 1113 1250 1150 homo,
1271 1124 1333 1153 quo
1348 1114 1425 1144 nihil
1442 1117 1542 1155 magis
1562 1117 1682 1147 fluxum
1703 1122 1758 1148 aut
1776 1118 1913 1158 fragile?
1934 1119 1969 1149 Si
1989 1128 2106 1150 arcano

1146 1157 1214 1186 eius
1239 1163 1318 1186 nutu
1348 1167 1521 1188 concussus
1551 1166 1606 1189 aer
1636 1171 1699 1190 non
1731 1161 1883 1191 animalia
1911 1160 2018 1197 modo,
2050 1161 2105 1191 sed

1145 1198 1276 1229 arbores
1299 1204 1331 1229 et
1354 1210 1449 1238 rupes
1473 1202 1657 1239 tremefacit,
1680 1203 1755 1242 quid
1780 1204 1834 1233 fiet
1858 1202 1911 1234 ubi
1930 1213 1992 1234 non
2013 1203 2108 1234 modo

1147 1242 1300 1272 virtutem
1331 1253 1421 1272 suam
1452 1243 1482 1273 in
1514 1244 1680 1276 elementis
1714 1246 1831 1285 profert
1863 1245 1968 1283 Deus,
2003 1246 2059 1277 sed
2089 1256 2105 1277 e

1145 1284 1231 1315 00010
1251 1284 1447 1316 descendens
1475 1296 1583 1317 vocem
1613 1298 1667 1317 ore
1698 1298 1755 1318 suo
1784 1288 1924 1318 emittit?
1954 1288 2026 1319 Non
2049 1287 2105 1319 abs

1145 1338 1179 1357 rc
1203 1327 1304 1366 igitur
1328 1338 1384 1366 pro
1407 1328 1561 1360 miraculo
1584 1329 1706 1360 ducunt
1730 1331 1903 1365 Israelitae,
1927 1341 1969 1367 se,
1997 1331 2107 1362 audita

1147 1380 1222 1400 voce
1258 1369 1317 1400 Dei
1353 1381 1415 1400 000
1450 1371 1548 1401 fuisse
1583 1372 1614 1402 10
1651 1373 1787 1403 nihilum
1823 1373 1977 1404 redactos.
2034 1373 2107 1412 Quo

1128 1423 1235 1443 suam
1267 1414 1432 1443 vesaniam
1464 1413 1590 1453 oblique
1621 1416 1857 1455 perstringunt:
1892 1416 1967 1455 quia
1997 1416 2108 1447 incon-

1145 1455 1286 1485 siderato
1312 1460 1383 1485 voto
1407 1456 1575 1487 interitum
1600 1458 1658 1488 sibi
1689 1459 1926 1489 accersiverant
1950 1458 2010 1489 nisi
2033 1459 2108 1489 sub-

1146 1503 1279 1528 ventum
1293 1503 1376 1528 esset
1392 1499 1451 1529 Dei
1472 1499 1698 1531 misericordia.
1729 1500 1793 1531 sed
1815 1501 1965 1531 videntur
1984 1500 2107 1531 duobus

1146 1541 1299 1580 proximis
1325 1542 1471 1571 versibus
1494 1553 1599 1573 seeum
1624 1553 1778 1582 pugnare.
1821 1543 1903 1574 Nam
1929 1554 2026 1583 quum
2052 1554 2107 1574 ex-

1145 1584 1227 1622 perti
1245 1589 1354 1614 essent
1373 1594 1435 1614 000
1461 1595 1586 1624 semper
1609 1586 1771 1625 exstingui
1795 1586 1844 1617 vel
1866 1586 1968 1625 perire
1991 1587 2107 1625 quibus

1145 1626 1234 1656 Deus
1258 1632 1407 1666 apparet,
1437 1638 1494 1657 cur
1517 1639 1550 1657 50
1570 1628 1741 1659 morituros
1768 1628 1875 1659 dicunt
1896 1630 1921 1659 51
1942 1629 2108 1660 continuet

1144 1669 1350 1699 sermonem?
1398 1669 1559 1700 Videntur
1598 1671 1724 1710 quidem
1769 1671 1813 1701 ita
1853 1671 2012 1710 loquendo
2046 1671 2107 1702 sibi

1144 1722 1256 1751 parum
1281 1716 1445 1742 constare:
1477 1712 1532 1743 scd
1557 1723 1620 1743 non
1645 1714 1763 1744 frustra
1786 1713 1978 1753 periculum,
2003 1724 2021 1743 a
2044 1724 2105 1753 quo

1143 1754 1284 1784 mirabili
1308 1754 1367 1785 Dei
1392 1754 1595 1793 indulgentia
1619 1756 1718 1795 clapsi
1743 1756 1878 1793 fuerant,
1903 1757 1934 1786 in
1961 1757 2103 1787 futurum

1118 1795 1119 1799 ¹
1144 1801 1273 1835 tempus
1292 1803 1449 1828 metuunt.
1484 1798 1623 1829 Perinde
1645 1799 1744 1838 igitur
1763 1804 1811 1829 cst
1835 1810 1870 1830 ae
1893 1799 1920 1829 si
1945 1798 2104 1830 dicerent:

1144 1839 1251 1870 Semel
1268 1840 1372 1870 Deum
1394 1840 1424 1870 in
1446 1851 1503 1871 005
1527 1851 1717 1880 provocasse
1738 1841 1809 1881 plus
1834 1842 1911 1872 satis
1934 1845 1997 1872 est:
2022 1841 2106 1880 quod

1145 1883 1301 1913 haetenus
1324 1882 1456 1923 ignovit,
1482 1884 1723 1914 inaestimabilis
1747 1889 1794 1914 est
1813 1885 1881 1914 eius
1900 1883 2104 1914 clementiae:

1144 1925 1321 1955 cavendum
1347 1927 1468 1955 interea
1493 1926 1583 1957 nobis
1605 1932 1660 1963 est,
1687 1927 1747 1956 11151
1771 1931 1895 1957 mature
1915 1926 2106 1966 corrigimus

1145 1972 1286 1998 nostram
1312 1968 1492 2007 stultitiam,
1518 1980 1557 1999 ne
1581 1970 1746 2009 graviores
1770 1969 1966 2008 pervicaciae
1986 1979 2105 2008 poenas

1144 2011 1266 2041 demus.
1312 2011 1399 2041 Hine
1422 2011 1576 2042 sumenda
1600 2012 1687 2042 utilis
1718 2011 1900 2042 admonitio.
1947 2011 2105 2049 Quamvis

1143 2054 1229 2083 enim
1261 2064 1323 2083 non
1357 2055 1559 2093 personuerit
1588 2064 1650 2085 vox
1676 2055 1735 2084 Dei
1767 2053 1858 2084 nobis
1888 2054 2103 2091 audientibus,

1116 2096 1340 2135 *experientia
1383 2102 1490 2126 tamen
1533 2097 1649 2127 veteris
1691 2097 1797 2135 populi
1832 2097 1977 2127 sufficere
2013 2097 2102 2127 nobis

1143 2139 1252 2173 debet,
1284 2144 1317 2169 ut
1348 2146 1435 2169 certo
1460 2140 1602 2178 persuasi
1626 2140 1739 2174 simus,
1772 2150 1868 2178 quum
1894 2138 1984 2169 Deus
2008 2139 2100 2170 nobis

1142 2182 1286 2211 ‹hu-tores
1317 2182 1476 2220 praeficit,
1507 2183 1625 2221 optime
1648 2181 1742 2212 saluti
1765 2187 1893 2212 nostrae
1916 2181 2099 2212 consulere:

1142 2225 1215 2264 quia
1235 2225 1259 2254 si
1281 2236 1297 2254 e
1316 2224 1402 2254 coelo
1426 2224 1493 2264 ipse
1517 2230 1651 2260 tonaret,
1672 2224 1761 2254 nobis¹
1784 2223 1992 2254 intolerabilis
2017 2229 2101 2254 esset

1142 2268 1211 2297 (eius
1250 2267 1408 2297 maiestas.
1455 2267 1548 2305 Quod
1588 2267 1693 2297 valer.¹
1726 2266 1817 2296 debet
1853 2266 1891 2296 ad
1922 2266 2099 2296 sedandum

1142 2309 1305 2340 exitialem
1337 2320 1446 2339 eorum
1479 2309 1637 2348 pruritum
1668 2310 1719 2348 qui
1744 2310 1849 2339 Deum
1874 2320 1890 2339 e
1914 2309 1999 2339 coelo
2023 2319 2100 2348 quo-

1142 2352 1218 2382 tidie
1243 2352 1434 2382 descendere
1465 2357 1633 2390 cuperent,
1666 2351 1714 2382 vel
1745 2351 1859 2381 saltem
1890 2351 2019 2382 oracula
2042 2361 2100 2382 sua

1142 2406 1199 2435 per
1239 2394 1370 2431 angelos
1412 2394 1568 2433 proferre:
1611 2400 1704 2433 atque
1739 2394 1782 2423 ita
1816 2404 1893 2433 quos
1928 2404 1968 2424 ex
2002 2404 2100 2433 grege

1143 2438 1324 2468 mortalium
1361 2437 1490 2467 adhibet
1524 2437 1687 2467 ministros·
1720 2436 1898 2467 fastidiunt.
1953 2436 2100 2475 Denique

1142 2481 1220 2511 haec
1256 2480 1390 2509 historia
1422 2479 1547 2509 illustre
1578 2479 1807 2509 documentum
1837 2483 1901 2515 est,
1932 2478 2100 2510 ecclesiam

1114 2531 1116 2555 τ
1141 2530 1273 2553 externa
1299 2523 1387 2552 verbi
1410 2522 1644 2561 praedicatione
1668 2521 1821 2552 divinitus
1847 2522 1928 2560 regi,
1959 2521 2032 2560 quia
2057 2521 2101 2551 ita

1142 2565 1283 2606 expedit.

1226 2608 1275 2638 26.
1310 2607 1394 2638 Nam
1423 2617 1500 2645 ([0αο
1528 2606 1593 2637 ulla
1621 2606 1683 2645 fait
1711 2616 1789 2637 caro.
1834 2606 1950 2637 Carnis
1981 2616 2100 2637 nomen
