2304 3034
179 206 243 237 487

182 300 274 335 ratio,
303 308 360 328 eur
382 295 504 326 invidia
527 304 635 325 carcre
659 292 773 323 debeat
796 291 899 321 honor
923 290 1050 322 Levitis
1073 300 1146 321 con-

184 352 306 378 cessus,
341 338 489 378 quoniam
521 338 606 376 ipsos
631 336 719 366 Deus
742 334 954 366 constituerat
983 333 1147 364 ministros

185 385 288 416 cultus
308 382 366 413 sui.
391 381 520 420 Dignus
539 385 648 410 autem
667 383 716 409 est
729 377 894 416 operarius
914 376 1060 407 mercede
1079 386 1145 406 sua.

270 426 297 455 3.
323 424 413 454 Istud
436 425 537 453 (intem
560 422 618 452 erit
640 422 699 452 ius.
741 420 813 450 Non
837 418 932 449 modo
951 419 984 448 in
1009 418 1146 458 gratiam

183 467 384 501 sacerdotum
407 471 574 496 enumerat
599 465 688 494 Deus
711 473 792 502 quae
815 461 886 493 vult
909 461 947 491 ab
971 461 1049 500 ipsis
1076 471 1146 500 per-

184 511 257 551 cipi,
283 515 317 539 ut
335 509 403 539 sine
423 517 590 538 murmure
610 511 642 537 et
661 504 862 546 querimonia
881 503 966 543 quod
985 514 1079 534 suum
1099 509 1148 534 est

184 553 357 592 recipiant:
381 550 435 581 sed
457 550 572 590 populo
596 549 694 579 etiam
718 547 859 580 consulit
878 557 919 576 ne
943 547 1029 585 turpi
1053 556 1147 585 quae-

183 602 236 627 stu
259 594 406 625 auferant
429 591 610 623 sacerdotes
632 591 705 631 plus
724 600 819 630 quam
844 590 891 620 fas
911 590 967 619 sit:
991 588 1074 628 quod
1098 599 1147 620 sa-

184 649 238 670 cra
263 637 396 668 historia
419 635 534 666 recitat
556 645 573 664 a
598 634 670 664 filiis
683 633 759 664 Heli
783 633 902 664 factum
922 642 990 662 csse
1003 631 1044 672 (1.
1059 630 1147 662 Sam.

184 682 212 717 2,
237 680 300 721 22).
324 679 407 710 Nam
431 688 569 716 eousque
590 677 736 708 licentiae
756 679 979 715 proruperant,
1003 678 1038 705 ut
1056 684 1146 713 prae-

185 725 306 754 donum
337 723 454 758 instar,
486 720 642 751 violenter
668 723 822 759 raperent
851 716 1005 757 quidquid
1029 716 1148 747 tulerat

184 766 292 798 libido.
338 765 425 804 Ergo
459 774 500 794 ne
533 762 703 803 prosiliant
737 761 776 792 ad
806 767 933 800 turpem
968 764 1147 799 quaestum,

186 814 289 840 certos
308 809 387 838 fines
410 808 443 837 in
465 805 579 845 quibus
603 816 636 836 se
657 805 854 839 contineant,
874 803 935 833 illis
950 801 1039 833 Deus
1058 812 1148 842 prae-

186 852 310 885 scribit.
344 860 422 890 quos
455 849 483 880 si
518 848 709 889 transgressi
741 852 858 883 essent,
893 845 995 877 cuivis
1018 855 1034 876 e
1058 844 1148 885 plebe

187 900 370 935 promptum
395 896 464 923 erat
487 902 598 922 eorum
623 890 793 921 avaritiam
817 898 1000 929 coarguere.

272 937 299 967 6.
334 936 434 974 Quam
464 937 565 965 autem
594 934 707 964 venerit
737 932 855 963 Levita.
914 931 984 961 Hoc
1017 930 1148 961 tertium

187 980 366 1011 membrum
391 978 508 1009 clarius
531 976 670 1016 explicat
694 974 776 1016 quod
799 974 965 1005 obscurius
988 973 1062 1004 alibi
1087 979 1150 1003 tra-

188 1023 287 1053 ditur:
329 1020 483 1060 quidquid
526 1020 611 1050 enim
652 1019 743 1049 Deus
783 1016 1004 1048 sacerdotibus
1045 1015 1150 1052 dabat,

188 1066 276 1095 visus
307 1064 367 1094 fuit
400 1063 543 1103 praecise
573 1062 698 1093 Levitis
730 1061 865 1091 auferre.
920 1059 1013 1090 Nunc
1043 1064 1150 1089 autem

187 1107 372 1138 distinctius
395 1106 508 1137 statuit
527 1105 707 1136 sacerdotes
731 1104 835 1143 primo
858 1103 934 1140 loco,
959 1107 994 1132 ut
1016 1101 1151 1132 Levitas

187 1161 244 1190 pro
273 1149 391 1180 laboris
421 1149 470 1179 sui
500 1148 624 1179 rat-ione
653 1148 686 1177 in
717 1151 842 1186 partem
873 1145 1072 1176 oblationum
1097 1143 1151 1174 ad-

187 1193 327 1223 mittant.
373 1191 463 1223 Haeo
487 1202 580 1231 porro
600 1200 726 1220 summa
750 1190 829 1229 legis
860 1193 924 1225 est,
954 1193 988 1218 ut
1016 1186 1152 1218 Levitae

187 1236 241 1275 qui
266 1235 350 1265 domi
375 1245 451 1265 suae
470 1234 659 1270 manebunt,
683 1232 814 1263 decimis
838 1230 991 1267 contenti,
1014 1229 1094 1260 nihil
1113 1239 1152 1259 ex

187 1279 257 1309 aliis
280 1277 496 1308 oblationibus
520 1276 699 1316 attingant:
729 1274 943 1313 undecunque
968 1278 1075 1304 autem
1100 1283 1152 1303 ve-

188 1321 280 1351 nient
310 1320 349 1351 ad
381 1320 617 1356 sanctuarium,
647 1322 840 1350 censeantur
868 1317 953 1347 inter
977 1315 1153 1351 ministros,

188 1363 398 1402 ordinemque
421 1373 516 1393 suum
541 1366 680 1392 teneant.
716 1361 787 1391 Hac
806 1365 914 1391 autem
936 1359 1005 1399 lege
1021 1362 1152 1389 cautum

189 1407 264 1444 fuit,
302 1416 340 1436 ne
377 1416 455 1445 quos
490 1405 677 1436 excluderet
707 1403 903 1434 intermissio
932 1413 950 1433 a
980 1401 1154 1437 functione,

189 1459 247 1480 nec
276 1449 415 1480 deterior
446 1453 530 1479 esset
554 1448 717 1487 hospitum
745 1445 886 1477 conditio
917 1454 1013 1484 quam
1044 1453 1152 1474 eorum

189 1492 243 1532 qui
267 1491 485 1531 Ierosolymae
508 1495 610 1521 erant.
657 1490 768 1529 Neque
792 1489 877 1519 euim
909 1489 935 1518 si
965 1486 1155 1518 habitabant

191 1536 223 1565 in
247 1534 317 1565 aliis
341 1534 484 1569 urbibus,
507 1534 540 1564 in
566 1538 669 1563 totum
694 1532 864 1563 cessabant
886 1541 904 1561 a
928 1541 985 1561 suo
1008 1529 1155 1560 ministe-

191 1578 247 1615 rio,
272 1577 424 1617 quoniam
449 1577 530 1607 aliae
553 1580 647 1607 erant
670 1586 779 1606 eorum
804 1579 920 1614 partes,
945 1583 1042 1613 quam
1066 1583 1098 1603 se
1121 1572 1155 1602 in

190 1620 369 1651 mactandis
394 1620 532 1650 victimis
556 1629 714 1649 exercere.
752 1617 816 1656 Qui
840 1621 948 1647 tamen
972 1614 1156 1647 sanctuario

191 1674 324 1703 prorsus
347 1673 476 1702 operam
502 1672 593 1693 suam
618 1661 780 1697 dicabant,
816 1671 868 1690 eos
892 1659 1011 1699 duplici
1036 1658 1157 1689 honore

191 1712 379 1736 muneratus
403 1710 452 1736 est
475 1706 578 1736 Deus:
610 1705 684 1744 quia
714 1703 846 1734 minime
877 1712 1016 1742 aequum
1046 1701 1158 1732 fuisset

192 1749 278 1779 victu
308 1759 361 1779 eos
390 1748 536 1779 fraudari
559 1748 613 1787 qui
643 1746 827 1778 domesticis
857 1745 941 1776 euris
964 1749 998 1775 et
1020 1744 1157 1784 negotiis

191 1792 299 1823 valere
323 1792 433 1828 iussis,
469 1791 526 1822 toti
550 1790 791 1830 occupabantur
814 1789 848 1818 in
876 1797 1041 1819 sacrorum
1071 1797 1157 1818 cura.

192 1834 298 1873 Quam
324 1844 401 1864 vero
424 1834 554 1874 partitio
580 1834 657 1864 hacc
682 1843 746 1863 nou
769 1832 869 1862 fucrit
887 1840 1095 1870 supervacua,
1120 1840 1159 1859 ex

194 1877 323 1917 Iosephi
348 1877 533 1908 narratione
556 1876 698 1906 maxime
729 1874 950 1915 cognoscitur,
983 1873 1059 1904 dum
1083 1872 1160 1903 scri-

192 1920 238 1950 bit
261 1920 430 1960 pontifices
454 1921 486 1950 vi
506 1926 537 1950 et
561 1920 660 1949 armis
683 1918 822 1949 decimas
847 1917 1007 1956 rapuisse,
1031 1920 1063 1947 et
1086 1926 1161 1947 con—

196 1968 246 1993 tra
281 1963 417 1993 Levitas
462 1963 495 1993 in
530 1961 695 2001 eripiendo
736 1962 823 1992 victu
864 1959 1026 1990 hostiliter
1065 1958 1162 1989 fuisse

193 2010 365 2045 grassatos.

485 2201 547 2231 EX
572 2200 721 2231 LEVIT.
747 2199 876 2230 XXIV.

285 2305 312 2335 ἴ).
343 2304 487 2343 Accipies
515 2303 667 2337 similam,
700 2305 726 2332 et
756 2312 863 2341 coques
884 2312 921 2333 ex
943 2312 979 2332 ea
1009 2301 1165 2331 duodecim

194 2348 371 2386 placentas:
395 2348 529 2377 duarum
548 2346 738 2376 (lamnarum
751 2345 792 2375 stt
804 2354 1004 2383 romanaeque
1012 2344 1163 2382 placenta.

201 2392 228 2420 fi.
254 2390 295 2421 Iit
318 2400 415 2428 pones
443 2400 495 2419 eas
522 2390 556 2419 ‘in
584 2389 701 2419 dnobus
734 2388 910 2418 ordinibus:
943 2388 1010 2418 ..s-em?
1043 2387 1165 2417 ordines

201 2443 294 2471 super
327 2443 464 2463 mensam
506 2432 654 2462 mundam
687 2441 789 2461 coram
825 2430 944 2461 Ielmva.
1004 2430 1031 2460 7.
1069 2429 1166 2459 Panes

201 2486 315 2514 qaoque
336 2485 430 2513 saper
453 2475 590 2505 ordinvm
613 2477 776 2512 utramque
799 2473 869 2503 {laus
886 2483 1021 2512 puram,
1052 2473 1165 2510 eritque

198 2519 278 2556 pani
304 2519 332 2548 in
358 2518 530 2547 mrmoriale
553 2520 578 2547 et
604 2518 759 2548 incensam
784 2516 919 2546 Iollae-rw.
966 2516 993 2546 8.
1023 2515 1084 2545 Per
1103 2515 1165 2545 sin-

201 2561 275 2599 [sula
297 2560 444 2590 sabbatha
469 2560 623 2590 ordinabit
646 2560 715 2589 rillas
737 2569 839 2589 coram
862 2558 973 2589 [estona
997 2568 1122 2596 semper,
1147 2567 1164 2585 a

201 2604 280 2641 filiis
308 2603 405 2633 lsrarl
425 2603 543 2641 foedera
566 2603 756 2640 ‚semmam-220.
808 2602 835 2632 9.
862 2601 903 2631 Et
926 2602 984 2632 erit
1009 2600 1166 2630 xlllaronis

203 2649 228 2675 et
254 2647 392 2684 filioram
420 2646 500 2681 cias,
536 2647 589 2684 qai
622 2645 771 2675 comedent
800 2655 867 2675 eum
898 2645 928 2674 in
963 2644 1023 2674 loco
1050 2645 1166 2673 sancto.-

877 196 1128 229 SECUNDUM
1151 196 1470 229 PRAEOEPTUM.

2100 196 2164 228 488

1199 292 1274 329 qaia
1293 291 1440 321 sanctitas
1457 289 1654 320 sanctitatum
1675 291 1720 320 est
1738 289 1765 320 ei
1783 299 1819 321 ex
1837 288 2037 321 oblationibus
2055 290 2165 330 iynitis

1200 333 1330 364 Iehovac
1351 335 1464 363 statuto
1482 334 1637 371 perpetuo.

1285 418 1378 449 Nunc
1408 421 1542 448 ventum
1574 423 1622 447 est
1652 417 1690 447 ad
1722 416 1852 447 tertiam
1882 422 2005 456 partem
2036 416 2163 448 externi

1199 460 1314 496 cultus,
1344 471 1424 500 quae
1448 460 1543 490 finem
1567 459 1680 490 afferet
1703 459 1895 499 expositioni
1918 458 2048 490 secundi
2072 469 2163 499 prae·

1199 504 1291 543 cepti.
1325 502 1545 534 Tractandum
1568 502 1667 542 igitur
1689 506 1738 533 est
1759 501 1797 533 de
1820 502 1918 533 sacris
1941 501 2165 540 oblationibus,

1200 547 1285 576 inter
1307 556 1386 585 quas
1410 545 1548 585 primum
1573 545 1678 575 locum
1702 544 1777 575 dare
1797 544 1916 585 placuit
1938 544 2086 584 panibus,
2106 545 2161 584 qui

1200 589 1364 628 propriam
1392 588 1555 618 habebant
1592 598 1736 618 mensam
1773 598 1790 618 e
1820 587 1953 628 regione
1980 586 2165 619 candelabri

1200 631 1239 662 ad
1263 632 1347 662 latus
1370 631 1573 670 aquilonare,
1607 630 1702 661 sicuti
1724 630 1757 661 in
1781 635 1943 661 structura
1966 630 2165 661 tabernaculi

1200 674 1305 705 visum
1330 678 1386 704 est.
1412 673 1482 704 Etsi
1506 678 1611 703 autem
1637 673 1711 704 alibi
1736 677 1880 704 recurret
1903 683 2014 703 eorum
2033 673 2164 711 mentio,

1201 717 1293 748 sicuti
1318 722 1426 746 tamen
1451 726 1594 746 seorsum
1619 715 1718 746 oblati
1742 720 1827 753 sunt,
1851 719 1883 746 et
1905 715 2001 747 locati
2019 720 2094 746 ante
2112 725 2163 746 ar-

1201 770 1269 790 cam
1305 758 1459 795 foederis,
1495 759 1585 798 quasi
1617 759 1649 788 in
1681 757 1744 789 Dei
1774 764 1960 798 conspectu,
1995 757 2166 798 separandi

1201 812 1265 833 non
1289 802 1422 832 fuerunt
1453 812 1470 831 a
1500 801 1677 832 sacrificiis.
1722 801 1791 831 Iam
1816 801 1946 841 exposui
1977 800 2038 832 hoe
2066 800 2165 832 fuisse

1201 855 1266 875 non
1290 844 1435 884 vulgaris
1459 844 1581 884 gratiae
1604 844 1667 874 Dei
1691 844 1884 884 symbolum,
1908 854 2007 883 quum
2030 843 2168 874 familia-

1201 888 1281 918 riter
1304 887 1343 917 ad
1368 887 1452 926 ipsos
1477 886 1701 924 descenderet,
1733 897 1769 918 ac
1799 887 1826 918 si
1850 890 1935 917 esset
1957 896 2069 917 eorum
2092 896 2166 917 con-

1200 930 1283 961 viva.
1329 929 1443 961 Vocati
1474 934 1582 959 autem
1606 933 1682 960 sunt
1712 940 1812 969 panes
1833 929 1997 967 facierum,
2021 939 2057 959 eo
2081 927 2165 968 quod

1202 973 1393 1004 sisterentur
1416 977 1489 1003 aute
1513 972 1575 1002 Dei
1598 972 1721 1003 oculos:
1753 977 1848 1012 atque
1871 972 1904 1002 in
1928 982 1964 1003 eo
1987 981 2097 1002 rarum
2121 971 2166 1002 fa-

1202 1026 1313 1047 vorem
1335 1015 1490 1050 ostendit,
1522 1015 1613 1054 quasi
1636 1015 1675 1045 ad
1700 1019 1849 1046 mutuum
1873 1014 2055 1047 convictum
2078 1024 2167 1045 acce-

1204 1058 1290 1088 dens
1347 1058 1414 1088 Nec
1448 1057 1582 1088 dubium
1616 1062 1665 1089 est
1703 1058 1782 1097 quin
1823 1057 1991 1089 duodecim
2032 1066 2168 1088 numero

1204 1101 1315 1131 confici
1345 1101 1475 1131 iusserit
1505 1106 1652 1140 respectu
1687 1100 1853 1132 duodecim
1889 1101 2044 1137 tribuum,
2076 1108 2112 1130 ac
2140 1099 2168 1130 si

1204 1143 1344 1174 oblatum
1369 1153 1387 1173 a
1411 1143 1548 1183 singulis
1572 1143 1677 1174 cibum
1702 1144 1735 1173 in
1760 1153 1905 1174 mensam
1929 1153 2021 1174 suam
2052 1142 2168 1173 admit-

1205 1190 1295 1216 teret.
1350 1185 1443 1216 Duae
1477 1185 1619 1216 decimae
1654 1186 1802 1225 quint-am
1839 1191 1962 1225 partem
1996 1195 2169 1216 mensurae

1205 1229 1287 1268 epha
1321 1229 1501 1259 conficiunt.
1555 1230 1602 1259 Ac
1636 1234 1760 1260 certum
1794 1229 1925 1268 quidem
1956 1232 2004 1259 est
2035 1227 2167 1259 modum

1205 1272 1289 1302 hunc
1310 1272 1407 1302 fuisse
1432 1271 1588 1302 divinitus
1612 1271 1857 1311 praescriptum,
1880 1282 1919 1302 ne
1943 1270 2113 1302 diversitas
2131 1270 2166 1301 in

1205 1315 1267 1344 ritu
1286 1320 1351 1344 tam
1371 1314 1454 1345 serio
1477 1314 1630 1354 paulatim
1651 1314 1770 1344 multas
1789 1314 1989 1353 corruptelas
2008 1313 2166 1354 gigneret.

1205 1357 1243 1387 In
1267 1357 1396 1387 nomine
1421 1357 1614 1388 decimarum
1645 1356 1775 1387 videtur
1800 1356 1942 1387 alludere
1966 1356 2005 1387 ad
2029 1355 2167 1396 vectigal

1206 1399 1288 1439 quod
1311 1399 1509 1439 imposuerat
1532 1400 1662 1440 populo,
1694 1410 1755 1439 quo
1778 1410 1898 1439 panum
1922 1399 2077 1430 sanctitas
2100 1409 2168 1429 ma-

1206 1442 1255 1482 gis
1277 1442 1565 1473 commendaretur.
1612 1442 1680 1473 Cur
1703 1446 1811 1473 autem
1836 1442 1914 1472 duas
1944 1442 2049 1481 potius
2072 1450 2170 1481 quam

1207 1495 1304 1515 unam
1328 1485 1548 1524 postulaverit.
1572 1496 1623 1516 me
1643 1485 1732 1521 latet,
1758 1495 1816 1516 nec
1835 1485 1913 1516 utile
1932 1494 2046 1515 censeo
2065 1483 2171 1516 curio-

1207 1528 1272 1559 sius
1303 1527 1473 1567 inquirere.
1520 1528 1616 1566 Quod
1647 1528 1763 1559 dicitur
1792 1528 1858 1558 fore
1889 1527 1965 1567 pani
1992 1527 2027 1558 in
2051 1536 2172 1558 memo-

1208 1570 1303 1607 riale,
1332 1569 1371 1600 ad
1402 1570 1477 1601 thus
1507 1572 1626 1607 refero,
1657 1570 1748 1610 quasi
1779 1570 1899 1602 dictum
1923 1574 2023 1601 esset:
2047 1570 2172 1601 Panem

1210 1613 1312 1643 thuris
1340 1614 1448 1644 suffitu
1484 1613 1648 1644 conditum
1678 1613 1866 1644 memoriam
1900 1613 2038 1644 filiorum
2070 1611 2172 1643 Israel

1209 1660 1439 1686 renovaturum
1469 1666 1556 1693 esse,
1587 1660 1624 1686 ut
1655 1656 1801 1686 suaviter
1830 1666 1938 1687 coram
1962 1655 2032 1686 Deo
2054 1655 2173 1686 oleant.

1210 1699 1353 1728 Vertunt
1385 1698 1438 1728 alii
1478 1709 1535 1738 pro
1575 1699 1770 1735 memoriali,
1811 1702 2073 1729 monumentum:
2117 1696 2174 1729 sed

1211 1740 1320 1773 eodem
1355 1752 1459 1772 sensu.
1513 1741 1585 1772 Etsi
1620 1747 1728 1772 autem
1758 1741 1889 1781 quidam
1920 1751 2036 1781 panem
2067 1741 2173 1780 ipsum

1212 1784 1396 1814 memoriale
1419 1784 1528 1814 vocari
1552 1783 1677 1819 docent,
1700 1784 1815 1815 melius
1839 1791 1947 1815 tamen
1971 1783 2061 1814 thuri
2083 1787 2174 1823 apta-

1213 1832 1277 1858 tur:
1299 1827 1372 1866 quia
1391 1837 1465 1856 mox
1487 1826 1623 1862 additur,
1644 1827 1739 1857 simul
1760 1827 1926 1858 incensum
1948 1827 2016 1858 fore
2035 1826 2174 1866 ignitum

1213 1870 1414 1906 sacrificium,
1439 1870 1514 1909 quia
1537 1869 1658 1900 scilicet
1681 1870 1713 1899 in
1738 1879 1774 1900 eo
1798 1870 1890 1909 panis
1914 1869 2110 1901 adolebatur.

1498 2038 1560 2069 EX
1585 2038 1732 2069 EXODI
1756 2039 1887 2070 XXIX.

1301 2125 1350 2155 38.
1376 2125 1441 2155 Hoc
1459 2127 1502 2155 est
1519 2124 1598 2163 qual
1619 2124 1716 2163 facies
1733 2134 1826 2163 super
1843 2124 1951 2161 altare,
1973 2133 2070 2163 aynos
2089 2123 2180 2154 anni-

1216 2168 1298 2200 culos
1331 2168 1442 2207 iupiter
1481 2167 1512 2197 in
1544 2167 1683 2206 sinyulos
1715 2167 1791 2197 dies.
1844 2167 1893 2196 39.
1925 2167 2049 2206 Aynnm
2082 2176 2178 2197 anum

1215 2211 1311 2251 facies
1340 2220 1441 2247 mane,
1476 2212 1503 2240 et
1535 2220 1648 2248 aminon
1684 2220 1780 2239 sanum
1809 2209 1887 2239 inter
1915 2209 1996 2239 dicas
2023 2219 2176 2248 vesperas.

1217 2255 1266 2285 40.
1290 2253 1332 2284 Et
1353 2254 1498 2284 decimam
1519 2255 1639 2291 partrm
1663 2252 1786 2281 sinaitae
1815 2252 1924 2282 mistae
1952 2252 2013 2282 oleo
2044 2255 2174 2289 contuso,

1216 2300 1358 2336 quartam
1374 2298 1499 2334 partem
1522 2296 1575 2325 lan
1598 2298 1624 2324 ct
1648 2295 1792 2329 lihamen,
1817 2297 1959 2333 (smmum
1977 2297 2099 2333 partem
2121 2294 2176 2326 ltin

1216 2340 1281 2371 vini
1314 2339 1348 2369 'in
1381 2348 1494 2378 (tynum
1528 2348 1631 2368 mann.
1683 2338 1733 2368 41.
1766 2337 1889 2376 Aglaum
1919 2337 2047 2368 alterum
2078 2337 2177 2376 facies

1216 2384 1294 2414 inter
1327 2381 1407 2411 duas
1440 2391 1581 2419 vesperas
1609 2381 1687 2411 sicat
1716 2380 1821 2409 minlm
1850 2381 2012 2417 matutino,
2044 2382 2071 2410 et
2099 2380 2178 2411 sicut

1216 2425 1358 2456 libanam?
1381 2424 1448 2453 eins
1469 2424 1566 2462 sactes
1588 2423 1615 2453 1927
1638 2424 1671 2453 ‘in
1694 2423 1813 2453 odorem
1842 2423 1968 2461 quietis,
1999 2422 2176 2454 oblationem

1216 2468 1344 2507 risflz‘itrtnzr
1376 2466 1511 2496 Iclmvae.
1565 2466 1613 2496 42.
1647 2465 1865 2496 liniamus-teme,
1896 2466 1964 2505 iagsc
1992 2466 2025 2496 in
2052 2475 2176 2505 yeizera-

1216 2512 1312 2541 tiones
1330 2512 1454 2540 vestras,
1475 2509 1514 2539 ad
1532 2509 1641 2538 osam
1660 2508 1847 2539 tabernaculi
1859 2508 2064 2539 conventionis
2074 2518 2177 2539 coram

1219 2554 1344 2588 Ichana,
1379 2563 1435 2589 qao
1472 2552 1647 2581 conveniam
1680 2551 1831 2581 achiman
1863 2554 1897 2582 nt
1929 2554 2024 2581 tecum
2056 2551 2175 2590 loquar.

1217 2597 1266 2627 43.
1304 2594 1341 2625 lt't‘
1371 2595 1544 2625 conveniam
1580 2594 1642 2623 ilbiae
1676 2604 1744 2623 cam
1775 2594 1853 2631 siliis
1883 2594 2000 2628 Israel,
2036 2596 2062 2624 ct
2095 2593 2177 2625 locus

1217 2637 1457 2675 sanctificabitur
1482 2638 1511 2667 in
1533 2636 1630 2675 alaria
1655 2647 1730 2667 mea.
1777 2637 1826 2667 44.
1862 2636 2061 2675 &sanctificabo
2083 2636 2178 2667 taber-
