2304 3034
129 231 190 261 437

128 335 222 364 super
242 327 332 364 caput
353 325 429 355 eius.
476 324 524 355 18.
549 324 696 354 Iuceudes
714 325 873 361 praeterea
895 324 987 352 totum
1008 322 1088 352 aric-

128 371 184 398 tem
215 377 308 406 super
337 367 448 398 altare:
483 376 555 397 uam
584 365 791 396 holocaustum
820 367 863 394 est
893 364 1024 395 Ioliovae
1054 365 1088 394 in

127 411 246 441 odorem
268 410 396 448 quictis:
425 409 534 440 oblatio
556 408 654 448 iyuita
678 407 806 438 Ielzovae
827 409 878 437 est.
926 407 974 437 19.
998 407 1088 437 Acci-

121 453 193 492 pies
222 453 349 490 insuper
371 451 496 482 arietem
518 450 696 487 secuudum,
724 450 936 489 imponentque
960 448 1088 479 Aliaron

127 498 153 525 et
169 495 230 533 filii
248 495 314 525 eius
332 504 443 524 manus
460 502 536 524 suas
553 502 646 531 super
663 495 755 531 caput
774 492 889 523 arietis.
924 491 974 522 20.
1002 491 1030 522 T
1032 501 1088 522 unc

126 537 273 568 mactabis
295 537 429 572 arietem,
452 535 642 574 accipiesque
662 535 697 565 de
718 535 869 574 sanquine
891 534 966 571 eius,
990 537 1017 564 et
1034 544 1088 572 po—

126 590 178 611 nes
206 589 301 619 super
329 581 463 608 teucrum
492 577 582 607 auris
605 577 750 614 Aliarum,
781 580 806 607 ct
833 587 926 616 super
952 579 1087 607 teucrum

125 623 214 653 auris
232 621 367 661 filiorum
390 620 455 650 eius
478 619 617 658 dextrae,
646 622 672 650 et
693 629 787 658 super
810 619 954 658 pollicem
976 629 1087 649 manus

124 675 228 696 eorum
250 664 388 700 dextrae,
418 665 444 692 et
466 672 561 700 super
575 662 717 701 pollicem
738 662 826 702 pedis
850 672 952 692 eorum
975 661 1085 697 dextri,

125 715 322 746 asperqesque
355 705 537 744 sauguinem
571 715 664 743 super
695 704 793 735 altare
823 714 879 743 per
911 705 1084 734 cii-cuitum.

123 750 174 780 21.
200 748 356 786 Tolle-sque
373 747 409 778 de
431 748 579 787 sanquine
601 748 655 786 qui
677 748 735 778 erit
756 757 849 786 super
872 747 979 783 altare,
1003 749 1029 777 et
1051 746 1086 776 de

123 793 184 824 oleo
206 790 372 822 unctionis.-
394 792 483 828 atque
507 799 648 829 asperyes
669 799 763 829 super
785 789 923 827 Allarou⁷
946 791 972 819 et
993 799 1086 828 saper

122 837 216 865 vestes
234 833 309 869 eius,
333 835 359 863 et
376 842 470 871 super
485 832 568 871 filios
586 833 661 867 eius,
685 835 710 862 ct
728 842 822 871 super
839 834 932 862 vestes
948 831 1084 870 filiorum

122 878 189 908 eius
217 885 285 906 cum
313 885 354 906 eo.
398 875 448 905 22.
474 875 594 906 Deinde
621 875 703 905 tolles
730 874 766 905 de
789 875 882 905 ariete
904 874 1036 913 adipem.
1059 876 1085 904 et

121 919 267 954 caudam,
296 920 320 948 et
344 918 466 957 adipem
489 918 668 957 operientem
691 917 849 953 intestina,
874 919 901 947 et
923 916 1085 947 reticulum

121 961 237 997 iecoris,
261 961 396 999 duosque
414 970 509 997 renes,
524 963 614 999 atque
632 960 757 998 adipem
776 960 829 998 qui
852 962 895 990 est
913 969 1007 998 super
1026 969 1083 995 cos,

121 1006 148 1035 et
181 1013 304 1035 armum
338 1003 496 1033 deoetrum:
529 1003 604 1041 quia
634 1003 717 1033 aries
746 1003 1003 1033 consecrationum
1031 1004 1082 1032 est.

121 1047 171 1077 23.
201 1046 243 1076 Et
271 1048 380 1076 tortam
404 1046 500 1084 panis
530 1055 640 1080 unam,
669 1047 694 1075 et
718 1045 895 1083 placentam
919 1045 1017 1083 panis
1047 1054 1083 1075 ec

120 1090 182 1121 olco
202 1099 304 1123 ammi,
330 1091 356 1118 ct
378 1088 525 1127 Iayauum
549 1097 643 1118 {cuum
667 1098 680 1117 e
702 1087 836 1118 canistro
858 1087 1083 1126 iufermentata
1108 1094 1110 1116 ι

120 1142 192 1162 rum
215 1131 268 1170 qui
291 1134 332 1161 cst
355 1141 457 1161 coram
480 1130 600 1161 Icliova.
646 1130 695 1160 24.
724 1129 878 1168 Pouesque
901 1130 1002 1160 omnia
1027 1129 1084 1159 illa

121 1175 155 1205 in
173 1173 316 1204 nzanibus
328 1173 465 1209 Ahar-011..
489 1175 515 1203 et
533 1173 566 1203 in
584 1172 726 1203 manibus
743 1172 881 1210 filiorum
900 1173 975 1209 eius,
999 1172 1083 1202 eral-

119 1216 257 1255 tabisque
274 1215 329 1246 illa
353 1216 566 1246 uvaltationem
587 1225 689 1246 coram
711 1214 831 1245 Ielzova.
866 1215 916 1245 25.
941 1215 1084 1253 Accipies

119 1261 220 1291 autem
252 1258 311 1289 illa
340 1269 354 1288 c
382 1268 477 1289 manu
505 1268 622 1295 eorum,
653 1260 679 1288 et
702 1258 840 1288 incendes
862 1267 955 1296 super
977 1257 1082 1293 altare,

119 1301 203 1333 ultra
237 1301 442 1332 holocaustum
475 1301 507 1331 in
538 1300 657 1331 odorem
686 1301 797 1339 quietis
825 1310 926 1331 coram
957 1300 1084 1330 Ieliova:

120 1344 229 1376 oblatio
258 1344 356 1383 igym‘ta
384 1346 426 1373 est
456 1342 590 1374 Ielzovae.
636 1343 686 1373 26.
711 1343 854 1381 Accipies
881 1343 952 1373 item
976 1345 1083 1382 pectus

120 1387 229 1418 arietis
254 1386 511 1417 consecrationum
533 1386 612 1425 quod
635 1388 678 1416 est
700 1385 763 1424 ipsi
786 1384 930 1421 Auaron,
954 1388 981 1416 et
1002 1385 1083 1415 exal-

118 1429 197 1460 tabis
216 1439 317 1459 coram
338 1428 463 1464 Iehova,
491 1429 603 1467 eritque
626 1428 683 1459 tibi
702 1429 735 1458 in
748 1430 881 1466 partem.
915 1428 964 1458 27.
988 1427 1081 1458 Sanc-

117 1471 249 1510 tificabis
272 1472 374 1510 itaque
391 1474 498 1509 pectus
521 1471 724 1505 ezaItatiouis,
750 1473 777 1500 et
799 1481 921 1500 armum
944 1470 1082 1501 clevatio-

115 1515 167 1545 uis
195 1514 274 1553 quod
302 1514 469 1544 exaltatum
491 1516 549 1549 est,
580 1516 607 1544 et
628 1514 683 1552 qui
705 1513 839 1544 elevatus
860 1516 905 1544 est
926 1513 962 1543 dc
985 1513 1081 1544 ariete

116 1557 374 1588 consecrationum
392 1557 493 1595 ipsius
505 1556 636 1587 Alearou
653 1559 679 1587 et
698 1556 835 1595 filiorum
858 1556 933 1586 eius.
964 1556 1014 1586 28.
1039 1555 1081 1586 Et

115 1599 174 1630 erit
202 1599 265 1638 ipsi
289 1599 419 1630 Aliarou
443 1601 469 1630 et
488 1599 566 1638 filiis
588 1599 654 1629 eius
676 1599 709 1629 in
734 1601 881 1629 statutum
898 1601 1080 1638 perpetuum

115 1651 136 1673 α
163 1641 243 1680 siliis
267 1641 386 1672 Israel:
412 1642 487 1680 quia
509 1642 654 1672 exaltatio
676 1644 735 1672 est:
764 1643 790 1672 et
812 1641 957 1672 exaltatio
981 1641 1039 1671 erit
1061 1652 1080 1671 a

112 1684 191 1723 filiis
211 1684 314 1715 Israel
337 1684 372 1715 de
391 1684 554 1723 sacrificiis
570 1684 812 1723 prosperitatum
834 1693 974 1721 suarum,
997 1683 1080 1714 eval—

112 1727 187 1758 tatio
218 1727 344 1766 iriquum
371 1736 475 1757 eorum
504 1727 561 1757 erit
592 1726 728 1757 Ielzovac.
774 1726 824 1757 29.
860 1726 958 1757 Porro
984 1729 1080 1757 vestes

113 1772 235 1801 sanctae
253 1780 332 1809 quae
349 1771 421 1799 sunt
442 1769 544 1808 ipsius
556 1769 695 1805 Aharou,
719 1772 805 1800 eruut
826 1769 903 1808 filiis
925 1769 992 1799 cius
1012 1771 1080 1807 post

114 1822 181 1843 eum
208 1813 250 1843 ad
278 1812 451 1852 wzyendum
479 1822 527 1843 eos
554 1822 622 1843 cum
645 1812 702 1848 eisy
731 1814 757 1842 et
780 1812 820 1843 ad
842 1812 1079 1843 consecrandum

114 1864 183 1886 cum
210 1855 254 1886 eis
280 1864 407 1885 manum
437 1864 547 1885 eorum.
603 1855 653 1885 30.
688 1854 809 1893 Septem
839 1854 946 1885 diebus
976 1854 1079 1885 induet

114 1907 167 1928 eas
188 1897 330 1929 sacerdos
352 1898 406 1936 qui
426 1897 523 1936 fuerit
545 1898 606 1928 loco
629 1898 733 1936 ipsius
755 1897 791 1928 de
811 1897 890 1936 siliis
912 1898 993 1935 eius,
1024 1898 1078 1936 qui

113 1940 299 1979 inyredietur
328 1940 558 1971 tabernaculum
588 1940 795 1971 couventimis
821 1940 862 1970 ad
895 1940 1077 1970 ministran-

114 1982 186 2012 dum
213 1983 244 2013 in
275 1983 461 2014 sanctuario.
507 1983 557 2013 31.
582 1983 719 2013 Arietem
748 1985 849 2013 autem
876 1983 1077 2013 consecratio—

114 2034 188 2055 num
215 2025 312 2063 tolles,
342 2028 369 2056 ct
391 2035 495 2064 coques
517 2035 640 2056 carnem
663 2025 731 2056 eius
754 2025 787 2056 iu
810 2025 870 2056 loco
893 2026 1076 2056 sanctitatis.

113 2066 164 2098 32.
190 2066 383 2107 Comedetque
406 2067 536 2099 Aharou
565 2071 590 2098 ct
617 2068 680 2107 filii
710 2068 777 2099 eius
806 2078 929 2098 carnem
959 2068 1076 2105 arietis,

115 2112 142 2140 et
164 2120 276 2148 panem
304 2111 358 2150 qui
387 2113 429 2141 est
458 2111 490 2141 in
513 2111 660 2147 canistro,
690 2111 732 2142 ad
754 2111 865 2141 ostium
887 2110 1077 2141 tubernaculi

115 2153 325 2184 conventionis.
376 2153 426 2184 33.
458 2153 615 2184 Gomedeut
647 2154 774 2192 iuquam
803 2153 859 2184 illa
888 2153 998 2191 quibus
1027 2164 1077 2184 ea:-

110 2193 219 2232 piatus
228 2195 289 2234 fuit
303 2196 344 2227 ad
355 2196 592 2227 consecrandum
604 2206 731 2226 marcum
748 2206 860 2231 corum,
882 2196 923 2226 ad
941 2196 1075 2234 sanctifi-

117 2237 246 2267 candum
268 2248 332 2269 eos:
359 2241 385 2269 et
407 2239 579 2278 alicniyeua
602 2249 659 2269 uon
683 2239 822 2275 comedet,
845 2239 919 2277 quia
943 2239 1076 2277 sanctifi-

120 2278 195 2308 catio
223 2282 301 2310 suut.
346 2280 395 2312 34.
431 2282 517 2320 Quod
544 2282 573 2312 si
601 2281 790 2320 superfuerit
824 2281 861 2311 dc
889 2291 979 2311 carne
1009 2290 1076 2312 con-

118 2321 328 2359 secrationum,
352 2326 378 2354 et
399 2324 434 2354 de
451 2334 550 2363 pauc,
573 2334 670 2362 usque
692 2334 797 2360 mane,
822 2323 977 2354 combures
997 2324 1077 2363 quod

118 2365 252 2400 superest
289 2365 370 2404 iqui:
409 2377 468 2397 nou
508 2367 685 2402 comedetur,
726 2367 801 2405 (luia
841 2367 988 2397 sanctitas
1024 2368 1074 2397 est.

119 2403 169 2434 35.
194 2404 302 2451 Facies
319 2407 412 2446 iyitur
433 2409 496 2448 ipsi
519 2409 649 2440 Aliaron
671 2411 697 2439 ct
717 2409 796 2447 fictis
818 2410 886 2439 eins
907 2409 961 2446 sic,
985 2409 1076 2440 iuxta

119 2456 222 2477 omnia
246 2457 320 2486 quae
345 2452 484 2491 praecepi
514 2452 584 2483 tibi:
613 2454 725 2490 septem
753 2451 859 2483 diebus
886 2451 1076 2483 consecrabis

118 2499 244 2519 manum
265 2500 372 2522 eorum.

206 2574 232 2603 1.
256 2573 321 2604 Hoc
342 2585 453 2622 quoque
473 2578 568 2617 facies
591 2580 643 2610 eis.
683 2579 768 2618 Quia
790 2579 877 2617 haee,
901 2586 935 2609 ut
960 2580 1072 2620 legun-

119 2619 171 2645 tur
194 2626 277 2646 nono
298 2621 399 2656 capite
423 2620 575 2659 Leviffici,
605 2623 637 2652 in
662 2622 797 2653 historia
820 2623 1072 2653 consecrationis

118 2657 315 2688 tabernaculi
328 2659 442 2691 iterum
461 2669 599 2702 repetam
619 2669 650 2695 et
667 2665 768 2696 fusius
787 2664 966 2705 explicabo:
984 2676 1070 2697 nunc

819 229 1072 261 SECUNDUM
1095 229 1416 262 PRAECEPTUM.

2039 232 2102 263 438

1141 322 1281 354 breviter
1318 324 1476 363 attingere
1511 324 1590 355 satis
1619 324 1713 355 fuerit
1744 334 1903 354 summam
1935 323 2102 355 duntaxat.

1140 364 1251 404 Neque
1283 367 1368 396 enim
1402 376 1509 396 meum
1540 372 1588 397 est
1617 378 1655 397 ex
1687 366 1760 397 altis
1776 366 1796 407 ¹)
1830 366 2103 406 speculationibus

1140 408 1294 447 mysteria
1326 408 1499 448 fabricare,
1530 419 1610 448 quae
1640 409 1773 440 lectores
1804 409 1965 440 oblectent
1999 410 2101 450 magis

1140 460 1234 488 quam
1264 450 1362 481 solide
1393 451 1552 481 erudiant.
1598 452 1723 488 Primo,
1754 452 1828 491 quia
1858 452 2022 491 impurum
2052 457 2103 482 est

1139 502 1175 522 ac
1206 493 1315 523 multis
1345 493 1493 524 sordibus
1524 493 1677 525 infectum
1708 494 1887 524 humanum
1915 504 2030 533 genus,
2066 499 2102 525 ut

1138 544 1248 565 omnes
1277 535 1315 565 ad
1347 546 1447 566 unum
1473 536 1640 575 prohibeat
1664 547 1721 567 sua
1743 536 1963 567 immundities
1987 537 2027 567 ab
2050 547 2102 568 ac-

1138 586 1228 607 cessu
1259 578 1333 608 Dei:
1370 583 1542 617 antequam
1573 578 1755 610 sacerdotes
1784 585 1951 610 consecret
1981 580 2100 617 Moses,

1138 628 1239 658 aquae
1257 621 1441 659 aspersione
1460 621 1545 660 ipsos
1567 621 1662 659 lavat,
1686 632 1726 652 ne
1749 621 1886 660 amplius
1910 627 2103 653 censeantur

1138 672 1178 691 ex
1206 663 1369 693 communi
1399 662 1519 694 ordine.
1565 663 1659 694 Unde
1682 663 1879 703 colligimus,
1911 664 1942 694 in
1970 664 2101 695 Christo

1137 703 1206 734 solo
1242 715 1351 735 veram
1381 706 1513 744 reperiri
1545 716 1625 745 quae
1652 706 1711 736 sub
1742 706 1812 746 lege
1836 707 2016 737 umbratilis
2040 707 2102 738 fuit

1137 747 1261 785 puritas
1291 753 1322 777 et
1345 749 1538 778 innocentia.
1584 749 1695 779 Talem
1720 759 1812 784 vero,
1842 749 1949 788 inquit
1972 755 2099 788 aposto-

1139 789 1187 819 lus
1210 789 1305 829 (Heb.
1331 790 1357 825 7,
1382 790 1449 831 26),
1475 790 1606 821 decebat
1629 802 1698 821 esse
1721 791 1915 830 pontificem,
1940 792 1993 831 qui
2017 792 2100 822 inte-

1136 841 1193 871 ger
1212 837 1243 862 et
1263 831 1352 862 nulla
1376 832 1501 863 macula
1525 833 1720 873 inquinatus,
1744 844 1800 873 pro
1823 834 2043 873 peccatoribus
2066 844 2101 865 se

1136 884 1242 904 coram
1268 874 1336 905 Deo
1361 875 1498 905 sisteret.
1534 875 1706 915 Postquam
1731 876 1833 906 abluti
1852 876 1983 914 fuerint,
2008 876 2098 908 iubet

1135 916 1222 956 ipsos
1247 917 1335 948 Deus
1359 917 1449 947 indui
1473 918 1662 948 sacerdotali
1686 923 1818 954 ornatu,
1843 918 2019 949 seeundum
2044 929 2100 950 cu-

1136 960 1248 998 iusque
1278 959 1439 990 ordinem:
1471 965 1507 990 ut
1530 971 1674 991 summus
1697 961 1844 992 sacerdos
1867 966 1971 1001 gestet
1994 961 2100 1001 ephod

1136 1012 1209 1032 cum
1234 1001 1328 1033 Urim
1359 1007 1390 1032 et
1413 1002 1619 1039 Thummim,
1650 1008 1681 1033 et
1711 1003 1842 1034 cidarim
1874 1015 1945 1034 cum
1978 1004 2101 1035 lamina

1135 1054 1243 1080 aurea,
1269 1045 1323 1075 ubi
1346 1044 1551 1084 resplendeat
1574 1046 1726 1076 sanctitas
1750 1046 1905 1077 Iehovae:
1930 1047 2024 1077 tertio
2048 1048 2103 1078 ad<

1136 1086 1182 1116 dit
1205 1087 1398 1117 unctionem.
1445 1087 1535 1117 Haec
1559 1089 1759 1128 praeparatio
1783 1088 1844 1119 fuit
1868 1088 1906 1119 ad
1930 1089 2016 1129 ipsos
2041 1090 2103 1120 ini-

1136 1129 1262 1160 tiandos
1291 1135 1462 1169 antequam
1487 1140 1603 1161 munus
1627 1131 1827 1162 sacrificandi
1852 1131 1987 1162 obirent.
2034 1132 2100 1163 No-

1135 1172 1271 1202 tandum
1292 1183 1367 1202 vero
1387 1176 1444 1209 est,
1469 1173 1550 1212 quod
1571 1173 1609 1203 ad
1634 1174 1772 1212 primum
1797 1174 2001 1211 sacrificium,
2026 1185 2100 1214 par-

1136 1220 1182 1245 tes
1213 1225 1294 1254 quae
1325 1214 1439 1245 deinde
1468 1215 1506 1245 ad
1532 1215 1663 1246 Aharon
1694 1216 1869 1247 translatae
1893 1222 1982 1254 sunt,
2015 1217 2100 1249 Mosi

1135 1257 1277 1297 iniungi,
1308 1268 1343 1288 ac
1374 1258 1400 1287 si
1423 1262 1507 1288 esset·
1531 1258 1643 1289 unicus
1666 1258 1822 1289 sacerdos.
1868 1259 1911 1289 Et
1934 1265 2019 1290 certe
2043 1260 2100 1290 ad-

1136 1299 1198 1331 hue
1212 1310 1310 1339 penes
1329 1300 1436 1339 ipsum
1456 1300 1606 1331 manebat
1625 1301 1810 1340 temporalis
1831 1301 1979 1339 dignitas,
2000 1312 2096 1341 quam

1136 1343 1227 1373 fratri
1258 1343 1445 1382 resignavit.
1491 1342 1581 1381 Quae
1610 1343 1648 1373 de
1679 1344 1828 1374 victimae
1851 1345 2025 1383 partitione
2048 1346 2098 1376 in-

1136 1386 1213 1416 serit
1236 1385 1359 1421 Moses,
1383 1385 1580 1416 commodius
1604 1386 1679 1416 alibi
1703 1397 1878 1426 exponam,
1902 1387 1957 1417 ubi
1981 1387 2019 1418 de
2042 1388 2097 1419 ob-

1136 1427 1307 1458 lationibus
1331 1432 1453 1467 agetur,
1477 1427 1561 1467 quod
1584 1427 1724 1459 diximus
1747 1439 1816 1459 esse
1839 1429 1970 1460 tertium
1996 1440 2098 1461 mem-

1135 1470 1227 1501 brum
1252 1471 1285 1501 in
1309 1471 1397 1501 cultu
1421 1471 1525 1510 legali.

1222 1513 1270 1544 16.
1298 1513 1382 1544 Tunc
1404 1513 1552 1544 mactabis
1574 1513 1707 1544 arietem.
1748 1514 1894 1544 Antehac
1917 1514 2024 1545 iussus
2048 1519 2097 1546 est

1135 1556 1243 1587 Moses
1272 1566 1398 1586 sumere
1429 1561 1536 1596 partes
1568 1556 1691 1586 hostiae
1715 1567 1753 1586 ex
1778 1556 1925 1587 manibus
1950 1557 2095 1595 Aharon,

1133 1603 1170 1629 ut
1195 1599 1301 1629 Deum
1325 1599 1389 1629 illis
1412 1599 1616 1638 propitiaret,
1641 1599 1723 1638 quod
1747 1598 1860 1629 deinde
1877 1599 1969 1639 fungi
1987 1604 2096 1638 posset

1133 1641 1202 1681 ipse
1219 1647 1251 1672 et
1265 1643 1385 1681 posteri
1409 1642 1518 1672 eodem
1543 1641 1660 1672 officio:
1685 1651 1770 1671 nunc
1794 1641 1964 1680 peculiaris
1987 1653 2094 1673 caere-

1132 1685 1241 1715 monia
1264 1684 1471 1721 describitur,
1496 1688 1531 1714 ut
1554 1684 1730 1714 auriculam
1753 1685 1821 1714 eius
1845 1683 2002 1721 dextram,
2025 1685 2095 1724 pol-

1132 1727 1225 1758 licem
1250 1737 1366 1757 manus
1390 1726 1522 1757 dextrae
1545 1733 1574 1756 et
1598 1726 1697 1765 pedis,
1720 1726 1876 1766 sanguine
1899 1727 2008 1757 arietis
2032 1727 2095 1757 illi-

1132 1775 1202 1807 nat,
1233 1774 1298 1799 tam
1327 1769 1388 1809 ipsi
1409 1780 1505 1809 quam
1528 1770 1596 1799 eius
1620 1769 1710 1799 filiis:
1740 1769 1855 1799 deinde
1880 1776 1915 1799 ut
1937 1770 2094 1809 sanguine

1131 1812 1185 1851 qui
1210 1823 1307 1852 super
1330 1813 1432 1843 altare
1455 1816 1525 1842 erat
1547 1813 1720 1851 repositus,
1749 1822 1801 1842 eos
1824 1817 1854 1842 et
1878 1817 1985 1843 vestes
2009 1813 2094 1852 ipso-

1131 1865 1202 1885 rum
1232 1862 1390 1895 aspergat.
1438 1855 1536 1884 Porro
1562 1855 1611 1885 hic
1635 1855 1737 1893 primo
1761 1854 1937 1884 notandum
1962 1858 2027 1892 est,
2059 1859 2094 1886 ut

1131 1897 1190 1928 sibi
1221 1908 1328 1929 eoram
1352 1897 1423 1928 Deo
1450 1897 1593 1928 favorem
1625 1896 1663 1926 ad
1693 1896 1955 1927 intercedendum
1987 1898 2092 1928 eonci-

1130 1940 1187 1970 liet
1214 1940 1378 1977 sacerdos,
1411 1941 1491 1980 tingi
1515 1940 1672 1979 sanguine
1695 1944 1850 1978 oportere.
1894 1939 1945 1970 Ita
1968 1939 2092 1970 Christi

1129 1983 1346 2014 sacerdotium
1370 1983 1527 2022 sanguine
1551 1982 1690 2013 dicatum
1714 1982 1789 2019 fuit,
1822 1987 1854 2012 ut
1878 1981 1916 2012 ad
1941 1992 1997 2012 nos
2020 1981 2092 2013 Deo

1129 2025 1382 2057 reconciliandos
1415 2026 1526 2056 efficax
1560 2029 1652 2055 essct.
1708 2024 1802 2054 Nunc
1836 2026 2000 2063 quaeritur
2032 2035 2090 2055 cur

1129 2073 1256 2099 tantum
1281 2069 1396 2099 dextra
1419 2068 1562 2098 auricula
1585 2074 1616 2097 et
1639 2067 1769 2106 pollices
1792 2066 1896 2097 dextri
1932 2068 2090 2107 sanguine

1129 2111 1222 2142 tincti
1253 2111 1388 2148 fuerint,
1420 2120 1456 2141 ac
1479 2110 1505 2141 si
1530 2109 1660 2140 dimidia
1683 2114 1805 2139 tautum
1830 2119 1868 2139 ex
1893 2115 1984 2148 parte
2007 2110 2090 2140 sacri

1128 2154 1198 2184 Deo
1221 2158 1252 2184 et
1281 2153 1376 2185 dicati
1406 2159 1515 2184 essent
1543 2152 1731 2183 sacerdotes.
1786 2151 1993 2191 Respondeo,
2029 2153 2088 2184 sub

1128 2207 1192 2227 una
1229 2201 1320 2237 parte
1353 2196 1487 2227 alteram
1519 2194 1764 2234 comprehendi:
1796 2195 1947 2233 quoniam
1977 2194 2088 2225 eadem

1129 2244 1177 2270 est
1205 2239 1373 2278 utriusque
1404 2239 1504 2276 auris,
1534 2248 1702 2274 manuum,
1731 2241 1763 2267 et
1786 2237 1902 2276 pedum
1926 2237 2024 2271 ratio,
2056 2241 2088 2268 et

1128 2282 1173 2312 sic
1192 2282 1363 2313 coniuncta
1382 2285 1460 2312 sunt
1478 2280 1591 2318 officia,
1614 2286 1649 2310 ut
1668 2279 1749 2318 quod
1770 2279 1808 2310 de
1828 2290 1903 2309 aure
1928 2290 1992 2310 una
2015 2279 2089 2311 diei-

1128 2330 1181 2355 tur
1212 2324 1250 2355 ad
1281 2324 1414 2355 alteram
1446 2323 1613 2363 pertineat.
1666 2323 1791 2352 Rursus
1821 2322 2003 2361 quaeritur,
2033 2333 2090 2353 cur

1128 2372 1225 2398 uncta
1239 2367 1346 2407 potius
1364 2367 1459 2397 fuerit
1473 2366 1568 2403 auris,
1592 2376 1656 2405 pes,
1681 2369 1712 2395 et
1727 2375 1841 2395 manus
1858 2374 1953 2403 quam
1977 2369 2088 2404 pectus

1128 2414 1159 2440 et
1171 2410 1291 2451 lingua.
1328 2409 1411 2440 Mihi
1426 2419 1500 2439 vero
1514 2407 1643 2438 dubium
1659 2417 1721 2437 non
1736 2412 1783 2437 est
1802 2407 1878 2446 quin
1900 2417 1956 2446 per
1975 2417 2086 2438 aurem

1127 2452 1295 2492 designata
1328 2452 1424 2483 fuerit
1458 2451 1654 2487 obedientia,
1689 2460 1744 2489 per
1776 2459 1891 2480 manus
1926 2453 1957 2479 et
1991 2449 2088 2489 pedes

1126 2500 1261 2526 cunctae
1290 2495 1431 2525 actiones
1461 2499 1491 2524 et
1519 2498 1605 2523 totus
1629 2493 1714 2522 Vitae
1736 2503 1859 2523 cursus.
1906 2491 1996 2522 Nihil
2020 2491 2088 2523 fere

1125 2538 1229 2578 magis
1259 2538 1371 2568 tritum
1403 2538 1434 2566 in
1458 2536 1616 2575 scriptura
1639 2545 1734 2574 quam
1756 2535 1836 2565 istae
1859 2536 2087 2574 metonymiae,

1126 2580 1202 2611 dum
1223 2581 1346 2620 puritas
1370 2589 1522 2609 manuum
1547 2588 1604 2617 pro
1628 2582 1692 2608 tota
1715 2577 1799 2608 vitae
1823 2577 2010 2617 integritate
2034 2588 2088 2608 su-

1210 2674 1237 2706 1)
1258 2673 1343 2699 Editt.
1363 2673 1428 2697 aliis.

1834 2711 1883 2737 28*
