<?xml version="1.0" encoding="UTF-8"?>
<!DOCTYPE html PUBLIC "-//W3C//DTD XHTML 1.0 Transitional//EN"
    "http://www.w3.org/TR/xhtml1/DTD/xhtml1-transitional.dtd">
<html xmlns="http://www.w3.org/1999/xhtml" xml:lang="en" lang="en">
 <head>
  <title>
</title>
<meta http-equiv="Content-Type" content="text/html;charset=utf-8" />
  <meta name='ocr-system' content='tesseract 3.04.00' />
  <meta name='ocr-capabilities' content='ocr_page ocr_carea ocr_par ocr_line ocrx_word'/>
</head>
<body>
  <div class='ocr_page' id='page_1' title='image "./ioanniscalviniop24calv_0053.png"; bbox 0 0 2304 3034; ppageno 0'>
   <div class='ocr_carea' id='block_1_1' title="bbox 114 170 2097 208">
    <p class='ocr_par' dir='ltr' id='par_1_1' title="bbox 114 170 2097 208">
     <span class='ocr_line' id='line_1_1' title="bbox 114 170 2097 208; baseline 0.002 -5"><span class='ocrx_word' id='word_1_1' title='bbox 114 172 154 203; x_wconf 62' lang='grc' dir='ltr'>δι’)</span> <span class='ocrx_word' id='word_1_2' title='bbox 689 170 1055 204; x_wconf 81' lang='lat' dir='ltr'><strong>COMMENTARIUS</strong></span> <span class='ocrx_word' id='word_1_3' title='bbox 1080 171 1127 202; x_wconf 91' lang='lat' dir='ltr'>IN</span> <span class='ocrx_word' id='word_1_4' title='bbox 1151 171 1300 203; x_wconf 83' lang='lat' dir='ltr'>EXODI</span> <span class='ocrx_word' id='word_1_5' title='bbox 1325 173 1421 204; x_wconf 82' lang='lat' dir='ltr'>OAP.</span> <span class='ocrx_word' id='word_1_6' title='bbox 1446 174 1523 206; x_wconf 84' lang='lat' dir='ltr'>VII.</span> <span class='ocrx_word' id='word_1_7' title='bbox 2056 177 2097 208; x_wconf 77' lang='lat'>86</span> 
     </span>
    </p>
   </div>
   <div class='ocr_carea' id='block_1_2' title="bbox 112 264 1075 348">
    <p class='ocr_par' dir='ltr' id='par_1_2' title="bbox 112 264 1075 348">
     <span class='ocr_line' id='line_1_2' title="bbox 112 264 1075 306; baseline -0.002 -10"><span class='ocrx_word' id='word_1_8' title='bbox 112 265 224 296; x_wconf 90' lang='lat' dir='ltr'>tudine</span> <span class='ocrx_word' id='word_1_9' title='bbox 248 267 378 298; x_wconf 87' lang='lat' dir='ltr'>territus</span> <span class='ocrx_word' id='word_1_10' title='bbox 402 267 581 298; x_wconf 79' lang='lat' dir='ltr'>iniunctam</span> <span class='ocrx_word' id='word_1_11' title='bbox 605 267 665 297; x_wconf 86' lang='lat' dir='ltr'>sibi</span> <span class='ocrx_word' id='word_1_12' title='bbox 688 266 882 306; x_wconf 80' lang='lat' dir='ltr'>legationem</span> <span class='ocrx_word' id='word_1_13' title='bbox 907 274 1001 304; x_wconf 87' lang='lat' dir='ltr'>saepe</span> <span class='ocrx_word' id='word_1_14' title='bbox 1021 264 1075 294; x_wconf 90' lang='lat' dir='ltr'>de-</span> 
     </span>
     <span class='ocr_line' id='line_1_3' title="bbox 113 308 1075 348; baseline -0.001 -10"><span class='ocrx_word' id='word_1_15' title='bbox 113 314 307 348; x_wconf 89' lang='lat' dir='ltr'>precaretur.</span> <span class='ocrx_word' id='word_1_16' title='bbox 332 309 415 340; x_wconf 84' lang='lat' dir='ltr'>Nam</span> <span class='ocrx_word' id='word_1_17' title='bbox 439 310 471 340; x_wconf 88' lang='lat' dir='ltr'>in</span> <span class='ocrx_word' id='word_1_18' title='bbox 496 310 559 340; x_wconf 87' lang='lat' dir='ltr'>fine</span> <span class='ocrx_word' id='word_1_19' title='bbox 575 309 696 348; x_wconf 83' lang='lat' dir='ltr'>capitis,</span> <span class='ocrx_word' id='word_1_20' title='bbox 720 308 814 338; x_wconf 88' lang='lat' dir='ltr'>tertio</span> <span class='ocrx_word' id='word_1_21' title='bbox 834 308 1075 338; x_wconf 80' lang='lat' dir='ltr'>excusationem</span> 
     </span>
    </p>
   </div>
   <div class='ocr_carea' id='block_1_3' title="bbox 113 349 1103 392">
    <p class='ocr_par' dir='ltr' id='par_1_3' title="bbox 113 349 1103 392">
     <span class='ocr_line' id='line_1_4' title="bbox 113 349 1103 392; baseline -0.001 -12"><span class='ocrx_word' id='word_1_22' title='bbox 113 350 201 381; x_wconf 85' lang='lat' dir='ltr'>illam</span> <span class='ocrx_word' id='word_1_23' title='bbox 225 353 349 391; x_wconf 88' lang='lat' dir='ltr'>repetit,</span> <span class='ocrx_word' id='word_1_24' title='bbox 370 352 452 392; x_wconf 92' lang='lat' dir='ltr'>quod</span> <span class='ocrx_word' id='word_1_25' title='bbox 478 362 540 382; x_wconf 89' lang='lat' dir='ltr'>non</span> <span class='ocrx_word' id='word_1_26' title='bbox 564 356 648 382; x_wconf 83' lang='lat' dir='ltr'>esset</span> <span class='ocrx_word' id='word_1_27' title='bbox 670 350 824 385; x_wconf 79' lang='lat' dir='ltr'>disertus,</span> <span class='ocrx_word' id='word_1_28' title='bbox 855 349 911 380; x_wconf 88' lang='lat' dir='ltr'>sed</span> <span class='ocrx_word' id='word_1_29' title='bbox 943 349 1074 389; x_wconf 81' lang='lat' dir='ltr'>linguae</span> <span class='ocrx_word' id='word_1_30' title='bbox 1101 374 1103 382; x_wconf 63' lang='lat'>.</span> 
     </span>
    </p>
   </div>
   <div class='ocr_carea' id='block_1_4' title="bbox 110 392 1075 766">
    <p class='ocr_par' dir='ltr' id='par_1_4' title="bbox 110 392 1075 766">
     <span class='ocr_line' id='line_1_5' title="bbox 113 392 1075 434; baseline -0.001 -11"><span class='ocrx_word' id='word_1_31' title='bbox 113 393 222 424; x_wconf 79' lang='lat' dir='ltr'>tardae</span> <span class='ocrx_word' id='word_1_32' title='bbox 247 400 279 424; x_wconf 91' lang='lat' dir='ltr'>et</span> <span class='ocrx_word' id='word_1_33' title='bbox 302 395 481 434; x_wconf 83' lang='lat' dir='ltr'>impeditae.</span> <span class='ocrx_word' id='word_1_34' title='bbox 517 394 554 424; x_wconf 89' lang='lat' dir='ltr'>In</span> <span class='ocrx_word' id='word_1_35' title='bbox 579 394 664 424; x_wconf 90' lang='lat' dir='ltr'>hunc</span> <span class='ocrx_word' id='word_1_36' title='bbox 687 403 762 432; x_wconf 85' lang='lat' dir='ltr'>ergo</span> <span class='ocrx_word' id='word_1_37' title='bbox 782 403 913 431; x_wconf 87' lang='lat' dir='ltr'>scopum</span> <span class='ocrx_word' id='word_1_38' title='bbox 934 392 1075 422; x_wconf 89' lang='lat' dir='ltr'>tendunt</span> 
     </span>
     <span class='ocr_line' id='line_1_6' title="bbox 111 435 1075 474; baseline -0.002 -8"><span class='ocrx_word' id='word_1_39' title='bbox 111 437 227 474; x_wconf 84' lang='lat' dir='ltr'>onmia,</span> <span class='ocrx_word' id='word_1_40' title='bbox 248 442 283 467; x_wconf 92' lang='lat' dir='ltr'>ut</span> <span class='ocrx_word' id='word_1_41' title='bbox 297 437 365 468; x_wconf 84' lang='lat' dir='ltr'>Deo</span> <span class='ocrx_word' id='word_1_42' title='bbox 385 437 531 468; x_wconf 82' lang='lat' dir='ltr'>vendicet</span> <span class='ocrx_word' id='word_1_43' title='bbox 551 435 695 466; x_wconf 91' lang='lat' dir='ltr'>beneficii</span> <span class='ocrx_word' id='word_1_44' title='bbox 714 435 761 465; x_wconf 90' lang='lat' dir='ltr'>sui</span> <span class='ocrx_word' id='word_1_45' title='bbox 782 435 920 472; x_wconf 83' lang='lat' dir='ltr'>laudem,</span> <span class='ocrx_word' id='word_1_46' title='bbox 944 435 1075 474; x_wconf 84' lang='lat' dir='ltr'>eiusque</span> 
     </span>
     <span class='ocr_line' id='line_1_7' title="bbox 113 477 1073 519; baseline -0.002 -10"><span class='ocrx_word' id='word_1_47' title='bbox 113 479 248 517; x_wconf 80' lang='lat' dir='ltr'>gloriam</span> <span class='ocrx_word' id='word_1_48' title='bbox 272 480 455 519; x_wconf 86' lang='lat' dir='ltr'>amplificet.</span> <span class='ocrx_word' id='word_1_49' title='bbox 501 478 540 509; x_wconf 92' lang='lat' dir='ltr'>In</span> <span class='ocrx_word' id='word_1_50' title='bbox 571 488 665 509; x_wconf 83' lang='lat' dir='ltr'>versu</span> <span class='ocrx_word' id='word_1_51' title='bbox 696 477 746 508; x_wconf 81' lang='lat'>28.</span> <span class='ocrx_word' id='word_1_52' title='bbox 771 477 878 517; x_wconf 88' lang='lat' dir='ltr'>aliqua</span> <span class='ocrx_word' id='word_1_53' title='bbox 901 482 949 508; x_wconf 88' lang='lat' dir='ltr'>est</span> <span class='ocrx_word' id='word_1_54' title='bbox 974 477 1073 507; x_wconf 89' lang='lat' dir='ltr'>ambi-</span> 
     </span>
     <span class='ocr_line' id='line_1_8' title="bbox 111 520 1073 562; baseline -0.003 -10"><span class='ocrx_word' id='word_1_55' title='bbox 111 522 226 562; x_wconf 84' lang='lat' dir='ltr'>guitas.</span> <span class='ocrx_word' id='word_1_56' title='bbox 260 522 372 553; x_wconf 85' lang='lat' dir='ltr'>Posset</span> <span class='ocrx_word' id='word_1_57' title='bbox 385 523 469 552; x_wconf 86' lang='lat' dir='ltr'>enim</span> <span class='ocrx_word' id='word_1_58' title='bbox 485 530 629 551; x_wconf 82' lang='lat' dir='ltr'>seorsum</span> <span class='ocrx_word' id='word_1_59' title='bbox 645 520 705 560; x_wconf 88' lang='lat' dir='ltr'>legi</span> <span class='ocrx_word' id='word_1_60' title='bbox 720 520 779 550; x_wconf 90' lang='lat' dir='ltr'>hoc</span> <span class='ocrx_word' id='word_1_61' title='bbox 795 530 902 556; x_wconf 80' lang='lat' dir='ltr'>sensu,</span> <span class='ocrx_word' id='word_1_62' title='bbox 924 530 987 550; x_wconf 90' lang='lat' dir='ltr'>non</span> <span class='ocrx_word' id='word_1_63' title='bbox 1003 526 1073 550; x_wconf 87' lang='lat' dir='ltr'>tan-</span> 
     </span>
     <span class='ocr_line' id='line_1_9' title="bbox 111 561 1074 602; baseline -0.002 -8"><span class='ocrx_word' id='word_1_64' title='bbox 111 568 180 595; x_wconf 90' lang='lat' dir='ltr'>tum</span> <span class='ocrx_word' id='word_1_65' title='bbox 210 564 242 595; x_wconf 91' lang='lat' dir='ltr'>in</span> <span class='ocrx_word' id='word_1_66' title='bbox 274 564 400 596; x_wconf 85' lang='lat' dir='ltr'>deserto</span> <span class='ocrx_word' id='word_1_67' title='bbox 433 563 561 594; x_wconf 83' lang='lat' dir='ltr'>Madian</span> <span class='ocrx_word' id='word_1_68' title='bbox 593 563 760 602; x_wconf 89' lang='lat' dir='ltr'>loquutum</span> <span class='ocrx_word' id='word_1_69' title='bbox 784 562 881 593; x_wconf 86' lang='lat' dir='ltr'>fuisse</span> <span class='ocrx_word' id='word_1_70' title='bbox 907 561 1012 593; x_wconf 87' lang='lat' dir='ltr'>Deum</span> <span class='ocrx_word' id='word_1_71' title='bbox 1038 566 1074 592; x_wconf 90' lang='lat' dir='ltr'>ut</span> 
     </span>
     <span class='ocr_line' id='line_1_10' title="bbox 110 605 1073 645; baseline -0.003 -8"><span class='ocrx_word' id='word_1_72' title='bbox 110 607 225 637; x_wconf 82' lang='lat' dir='ltr'>Mosen</span> <span class='ocrx_word' id='word_1_73' title='bbox 244 606 428 637; x_wconf 87' lang='lat' dir='ltr'>redimendo</span> <span class='ocrx_word' id='word_1_74' title='bbox 447 606 562 645; x_wconf 91' lang='lat' dir='ltr'>populo</span> <span class='ocrx_word' id='word_1_75' title='bbox 580 606 775 645; x_wconf 85' lang='lat' dir='ltr'>praeficeret,</span> <span class='ocrx_word' id='word_1_76' title='bbox 795 605 849 635; x_wconf 88' lang='lat' dir='ltr'>sed</span> <span class='ocrx_word' id='word_1_77' title='bbox 863 605 959 635; x_wconf 84' lang='lat' dir='ltr'>etiam</span> <span class='ocrx_word' id='word_1_78' title='bbox 973 605 1073 635; x_wconf 88' lang='lat' dir='ltr'>inter-</span> 
     </span>
     <span class='ocr_line' id='line_1_11' title="bbox 110 647 1072 689; baseline -0.003 -9"><span class='ocrx_word' id='word_1_79' title='bbox 110 650 213 688; x_wconf 89' lang='lat' dir='ltr'>posito</span> <span class='ocrx_word' id='word_1_80' title='bbox 233 650 384 689; x_wconf 85' lang='lat' dir='ltr'>temporis</span> <span class='ocrx_word' id='word_1_81' title='bbox 413 658 582 688; x_wconf 86' lang='lat' dir='ltr'>progressu</span> <span class='ocrx_word' id='word_1_82' title='bbox 614 649 644 677; x_wconf 92' lang='lat' dir='ltr'>in</span> <span class='ocrx_word' id='word_1_83' title='bbox 679 649 835 687; x_wconf 80' lang='lat' dir='ltr'>Aegypto.</span> <span class='ocrx_word' id='word_1_84' title='bbox 882 647 933 678; x_wconf 88' lang='lat' dir='ltr'>Ita</span> <span class='ocrx_word' id='word_1_85' title='bbox 964 648 995 677; x_wconf 91' lang='lat' dir='ltr'>in</span> <span class='ocrx_word' id='word_1_86' title='bbox 1021 647 1072 677; x_wconf 88' lang='lat' dir='ltr'>die</span> 
     </span>
     <span class='ocr_line' id='line_1_12' title="bbox 110 689 1071 730; baseline -0.002 -8"><span class='ocrx_word' id='word_1_87' title='bbox 110 692 300 722; x_wconf 83' lang='lat' dir='ltr'>tantundem</span> <span class='ocrx_word' id='word_1_88' title='bbox 325 692 446 722; x_wconf 84' lang='lat' dir='ltr'>valeret</span> <span class='ocrx_word' id='word_1_89' title='bbox 468 696 561 730; x_wconf 89' lang='lat' dir='ltr'>atque</span> <span class='ocrx_word' id='word_1_90' title='bbox 585 696 655 729; x_wconf 88' lang='lat' dir='ltr'>post</span> <span class='ocrx_word' id='word_1_91' title='bbox 675 689 804 729; x_wconf 76' lang='lat' dir='ltr'>aliquod</span> <span class='ocrx_word' id='word_1_92' title='bbox 826 695 970 729; x_wconf 84' lang='lat' dir='ltr'>tempus:</span> <span class='ocrx_word' id='word_1_93' title='bbox 992 689 1071 720; x_wconf 88' lang='lat' dir='ltr'>mihi</span> 
     </span>
     <span class='ocr_line' id='line_1_13' title="bbox 110 733 1070 766; baseline -0.001 -2"><span class='ocrx_word' id='word_1_94' title='bbox 110 739 219 765; x_wconf 86' lang='lat' dir='ltr'>tamen</span> <span class='ocrx_word' id='word_1_95' title='bbox 242 735 360 766; x_wconf 88' lang='lat' dir='ltr'>rectius</span> <span class='ocrx_word' id='word_1_96' title='bbox 384 733 512 764; x_wconf 86' lang='lat' dir='ltr'>videtur</span> <span class='ocrx_word' id='word_1_97' title='bbox 535 743 598 763; x_wconf 90' lang='lat' dir='ltr'>uno</span> <span class='ocrx_word' id='word_1_98' title='bbox 622 738 776 764; x_wconf 81' lang='lat' dir='ltr'>contextu</span> <span class='ocrx_word' id='word_1_99' title='bbox 800 738 864 763; x_wconf 85' lang='lat' dir='ltr'>tres</span> <span class='ocrx_word' id='word_1_100' title='bbox 889 743 1002 763; x_wconf 86' lang='lat' dir='ltr'>versus</span> <span class='ocrx_word' id='word_1_101' title='bbox 1027 733 1070 763; x_wconf 85' lang='lat' dir='ltr'>si-</span> 
     </span>
    </p>
   </div>
   <div class='ocr_carea' id='block_1_5' title="bbox 109 777 310 817">
    <p class='ocr_par' dir='ltr' id='par_1_5' title="bbox 109 777 310 817">
     <span class='ocr_line' id='line_1_14' title="bbox 109 777 310 817; baseline 0.005 -10"><span class='ocrx_word' id='word_1_102' title='bbox 109 777 177 808; x_wconf 90' lang='lat' dir='ltr'>mul</span> <span class='ocrx_word' id='word_1_103' title='bbox 195 778 310 817; x_wconf 85' lang='lat' dir='ltr'>legere.</span> 
     </span>
    </p>
   </div>
   <div class='ocr_carea' id='block_1_6' title="bbox 466 944 715 976">
    <p class='ocr_par' dir='ltr' id='par_1_6' title="bbox 466 944 715 976">
     <span class='ocr_line' id='line_1_15' title="bbox 466 944 715 976; baseline -0.008 0"><span class='ocrx_word' id='word_1_104' title='bbox 466 944 614 976; x_wconf 83' lang='lat' dir='ltr'><strong>CAPUT</strong></span> <span class='ocrx_word' id='word_1_105' title='bbox 641 944 715 975; x_wconf 88' lang='lat' dir='ltr'>VII.</span> 
     </span>
    </p>
   </div>
   <div class='ocr_carea' id='block_1_7' title="bbox 97 1029 1070 1710">
    <p class='ocr_par' dir='ltr' id='par_1_7' title="bbox 97 1029 1070 1710">
     <span class='ocr_line' id='line_1_16' title="bbox 193 1029 1070 1067; baseline -0.003 -4"><span class='ocrx_word' id='word_1_106' title='bbox 193 1032 219 1063; x_wconf 90' lang='grc'>1.</span> <span class='ocrx_word' id='word_1_107' title='bbox 245 1029 288 1062; x_wconf 76' lang='lat' dir='ltr'>Et</span> <span class='ocrx_word' id='word_1_108' title='bbox 309 1031 390 1061; x_wconf 63' lang='lat' dir='ltr'>dixit</span> <span class='ocrx_word' id='word_1_109' title='bbox 413 1030 524 1061; x_wconf 71' lang='lat' dir='ltr'>Ielzora</span> <span class='ocrx_word' id='word_1_110' title='bbox 543 1030 583 1060; x_wconf 80' lang='lat' dir='ltr'>ad</span> <span class='ocrx_word' id='word_1_111' title='bbox 597 1029 720 1060; x_wconf 70' lang='lat' dir='ltr'>Mosen.-</span> <span class='ocrx_word' id='word_1_112' title='bbox 744 1029 827 1067; x_wconf 81' lang='lat' dir='ltr'>Eece,</span> <span class='ocrx_word' id='word_1_113' title='bbox 847 1029 955 1060; x_wconf 74' lang='lat' dir='ltr'>dedite</span> <span class='ocrx_word' id='word_1_114' title='bbox 970 1030 1070 1061; x_wconf 76' lang='lat' dir='ltr'>Deum</span> 
     </span>
     <span class='ocr_line' id='line_1_17' title="bbox 108 1071 1067 1112; baseline -0.003 -6"><span class='ocrx_word' id='word_1_115' title='bbox 108 1075 283 1109; x_wconf 76' lang='lat' dir='ltr'>Pharaoni,</span> <span class='ocrx_word' id='word_1_116' title='bbox 310 1074 424 1112; x_wconf 70' lang='lat' dir='ltr'>eritque</span> <span class='ocrx_word' id='word_1_117' title='bbox 443 1073 573 1104; x_wconf 73' lang='lat' dir='ltr'>Alearon</span> <span class='ocrx_word' id='word_1_118' title='bbox 595 1072 692 1111; x_wconf 72' lang='lat' dir='ltr'>frater</span> <span class='ocrx_word' id='word_1_119' title='bbox 715 1075 786 1103; x_wconf 75' lang='lat' dir='ltr'>taus</span> <span class='ocrx_word' id='word_1_120' title='bbox 811 1071 963 1110; x_wconf 71' lang='lat' dir='ltr'>Propheta</span> <span class='ocrx_word' id='word_1_121' title='bbox 989 1075 1067 1103; x_wconf 62' lang='lat' dir='ltr'>ictas.</span> 
     </span>
     <span class='ocr_line' id='line_1_18' title="bbox 105 1114 1069 1155; baseline -0.003 -6"><span class='ocrx_word' id='word_1_122' title='bbox 105 1119 133 1149; x_wconf 80' lang='lat'>2.</span> <span class='ocrx_word' id='word_1_123' title='bbox 162 1118 190 1148; x_wconf 87' lang='lat' dir='ltr'><em>T</em></span> <span class='ocrx_word' id='word_1_124' title='bbox 190 1128 209 1148; x_wconf 74' lang='lat' dir='ltr'>a</span> <span class='ocrx_word' id='word_1_125' title='bbox 231 1116 364 1155; x_wconf 72' lang='lat' dir='ltr'>loqueris</span> <span class='ocrx_word' id='word_1_126' title='bbox 386 1116 489 1147; x_wconf 81' lang='lat' dir='ltr'>omnia</span> <span class='ocrx_word' id='word_1_127' title='bbox 512 1125 590 1154; x_wconf 73' lang='lat' dir='ltr'>qaae</span> <span class='ocrx_word' id='word_1_128' title='bbox 612 1115 798 1145; x_wconf 70' lang='lat' dir='ltr'>mandavero</span> <span class='ocrx_word' id='word_1_129' title='bbox 810 1114 873 1152; x_wconf 69' lang='lat' dir='ltr'>tibi,</span> <span class='ocrx_word' id='word_1_130' title='bbox 896 1118 922 1146; x_wconf 79' lang='lat' dir='ltr'>et</span> <span class='ocrx_word' id='word_1_131' title='bbox 939 1115 1069 1146; x_wconf 76' lang='lat' dir='ltr'>Ahar-on</span> 
     </span>
     <span class='ocr_line' id='line_1_19' title="bbox 102 1157 1068 1201; baseline -0.003 -10"><span class='ocrx_word' id='word_1_132' title='bbox 102 1162 202 1201; x_wconf 79' lang='lat' dir='ltr'>frater</span> <span class='ocrx_word' id='word_1_133' title='bbox 223 1159 358 1198; x_wconf 69' lang='lat' dir='ltr'>loquetur</span> <span class='ocrx_word' id='word_1_134' title='bbox 381 1159 421 1189; x_wconf 76' lang='lat' dir='ltr'>ad</span> <span class='ocrx_word' id='word_1_135' title='bbox 439 1158 640 1193; x_wconf 75' lang='lat' dir='ltr'>Pharaonem,</span> <span class='ocrx_word' id='word_1_136' title='bbox 664 1160 697 1188; x_wconf 72' lang='lat' dir='ltr'>itt</span> <span class='ocrx_word' id='word_1_137' title='bbox 719 1158 852 1188; x_wconf 64' lang='lat' dir='ltr'>(limmat</span> <span class='ocrx_word' id='word_1_138' title='bbox 870 1157 952 1196; x_wconf 71' lang='lat' dir='ltr'>filios</span> <span class='ocrx_word' id='word_1_139' title='bbox 965 1158 1068 1189; x_wconf 74' lang='lat' dir='ltr'>Israel</span> 
     </span>
     <span class='ocr_line' id='line_1_20' title="bbox 103 1200 1066 1241; baseline -0.005 -6"><span class='ocrx_word' id='word_1_140' title='bbox 103 1215 118 1235; x_wconf 82' lang='lat' dir='ltr'>e</span> <span class='ocrx_word' id='word_1_141' title='bbox 140 1206 222 1234; x_wconf 74' lang='lat' dir='ltr'>terra</span> <span class='ocrx_word' id='word_1_142' title='bbox 244 1212 311 1233; x_wconf 74' lang='lat' dir='ltr'>sua.</span> <span class='ocrx_word' id='word_1_143' title='bbox 357 1201 385 1231; x_wconf 85' lang='lat'>3.</span> <span class='ocrx_word' id='word_1_144' title='bbox 410 1201 476 1241; x_wconf 73' lang='lat' dir='ltr'>Eyo</span> <span class='ocrx_word' id='word_1_145' title='bbox 503 1203 603 1231; x_wconf 71' lang='lat' dir='ltr'>antem</span> <span class='ocrx_word' id='word_1_146' title='bbox 629 1200 776 1231; x_wconf 68' lang='lat' dir='ltr'>indm-abo</span> <span class='ocrx_word' id='word_1_147' title='bbox 799 1210 849 1230; x_wconf 78' lang='lat' dir='ltr'>cor</span> <span class='ocrx_word' id='word_1_148' title='bbox 881 1200 1066 1237; x_wconf 75' lang='lat' dir='ltr'>Pharaonis,</span> 
     </span>
     <span class='ocr_line' id='line_1_21' title="bbox 103 1243 1067 1284; baseline -0.004 -7"><span class='ocrx_word' id='word_1_149' title='bbox 103 1249 131 1277; x_wconf 75' lang='lat' dir='ltr'>et</span> <span class='ocrx_word' id='word_1_150' title='bbox 154 1244 357 1284; x_wconf 73' lang='lat' dir='ltr'>multiplicabo</span> <span class='ocrx_word' id='word_1_151' title='bbox 379 1244 468 1284; x_wconf 68' lang='lat' dir='ltr'>sigma</span> <span class='ocrx_word' id='word_1_152' title='bbox 491 1253 566 1280; x_wconf 78' lang='lat' dir='ltr'>mea,</span> <span class='ocrx_word' id='word_1_153' title='bbox 591 1246 679 1281; x_wconf 73' lang='lat' dir='ltr'>atque</span> <span class='ocrx_word' id='word_1_154' title='bbox 698 1245 836 1282; x_wconf 74' lang='lat' dir='ltr'>portenta</span> <span class='ocrx_word' id='word_1_155' title='bbox 860 1253 927 1273; x_wconf 82' lang='lat' dir='ltr'>mea</span> <span class='ocrx_word' id='word_1_156' title='bbox 940 1243 1067 1273; x_wconf 76' lang='lat' dir='ltr'>interra</span> 
     </span>
     <span class='ocr_line' id='line_1_22' title="bbox 103 1285 1066 1329; baseline -0.003 -10"><span class='ocrx_word' id='word_1_157' title='bbox 103 1288 243 1329; x_wconf 66' lang='lat' dir='ltr'>Aeyypti.</span> <span class='ocrx_word' id='word_1_158' title='bbox 268 1288 296 1318; x_wconf 83' lang='lat'>4.</span> <span class='ocrx_word' id='word_1_159' title='bbox 324 1286 363 1316; x_wconf 71' lang='lat' dir='ltr'>Et</span> <span class='ocrx_word' id='word_1_160' title='bbox 386 1297 446 1317; x_wconf 59' lang='lat' dir='ltr'>ozon</span> <span class='ocrx_word' id='word_1_161' title='bbox 469 1286 573 1317; x_wconf 73' lang='lat' dir='ltr'>audiet</span> <span class='ocrx_word' id='word_1_162' title='bbox 594 1296 646 1315; x_wconf 78' lang='lat' dir='ltr'>vos</span> <span class='ocrx_word' id='word_1_163' title='bbox 673 1285 814 1316; x_wconf 67' lang='lat' dir='ltr'>Pharao:</span> <span class='ocrx_word' id='word_1_164' title='bbox 836 1285 889 1316; x_wconf 76' lang='lat' dir='ltr'>sed</span> <span class='ocrx_word' id='word_1_165' title='bbox 908 1286 1066 1316; x_wconf 73' lang='lat' dir='ltr'>ectemlam</span> 
     </span>
     <span class='ocr_line' id='line_1_23' title="bbox 101 1328 1066 1369; baseline -0.003 -7"><span class='ocrx_word' id='word_1_166' title='bbox 101 1341 229 1362; x_wconf 60' lang='lat' dir='ltr'>mamam</span> <span class='ocrx_word' id='word_1_167' title='bbox 259 1340 356 1360; x_wconf 74' lang='lat' dir='ltr'>meam</span> <span class='ocrx_word' id='word_1_168' title='bbox 385 1339 478 1369; x_wconf 79' lang='lat' dir='ltr'>super</span> <span class='ocrx_word' id='word_1_169' title='bbox 508 1329 689 1368; x_wconf 70' lang='lat' dir='ltr'>Aeyyptum,</span> <span class='ocrx_word' id='word_1_170' title='bbox 721 1331 747 1359; x_wconf 74' lang='lat' dir='ltr'>et</span> <span class='ocrx_word' id='word_1_171' title='bbox 770 1328 895 1358; x_wconf 78' lang='lat' dir='ltr'>educam</span> <span class='ocrx_word' id='word_1_172' title='bbox 917 1329 1066 1359; x_wconf 47' lang='lat' dir='ltr'>arere-itus</span> 
     </span>
     <span class='ocr_line' id='line_1_24' title="bbox 100 1370 1066 1412; baseline -0.002 -8"><span class='ocrx_word' id='word_1_173' title='bbox 100 1384 190 1411; x_wconf 81' lang='lat' dir='ltr'>meos,</span> <span class='ocrx_word' id='word_1_174' title='bbox 223 1375 250 1403; x_wconf 78' lang='lat' dir='ltr'>et</span> <span class='ocrx_word' id='word_1_175' title='bbox 267 1372 418 1412; x_wconf 72' lang='lat' dir='ltr'>populum</span> <span class='ocrx_word' id='word_1_176' title='bbox 436 1382 535 1402; x_wconf 63' lang='lat' dir='ltr'>onerem</span> <span class='ocrx_word' id='word_1_177' title='bbox 556 1371 638 1409; x_wconf 69' lang='lat' dir='ltr'>filios</span> <span class='ocrx_word' id='word_1_178' title='bbox 662 1370 764 1401; x_wconf 74' lang='lat' dir='ltr'>Israel</span> <span class='ocrx_word' id='word_1_179' title='bbox 792 1381 806 1401; x_wconf 83' lang='lat' dir='ltr'>e</span> <span class='ocrx_word' id='word_1_180' title='bbox 829 1373 912 1401; x_wconf 73' lang='lat' dir='ltr'>terra</span> <span class='ocrx_word' id='word_1_181' title='bbox 936 1372 1066 1410; x_wconf 62' lang='lat' dir='ltr'>Aegmpti</span> 
     </span>
     <span class='ocr_line' id='line_1_25' title="bbox 101 1413 1065 1455; baseline -0.003 -8"><span class='ocrx_word' id='word_1_182' title='bbox 101 1417 136 1447; x_wconf 76' lang='lat' dir='ltr'>in</span> <span class='ocrx_word' id='word_1_183' title='bbox 161 1416 286 1447; x_wconf 68' lang='lat' dir='ltr'>iudiciis</span> <span class='ocrx_word' id='word_1_184' title='bbox 309 1415 438 1455; x_wconf 77' lang='lat' dir='ltr'>maym&#39;s.</span> <span class='ocrx_word' id='word_1_185' title='bbox 484 1414 512 1445; x_wconf 83' lang='lat'>5.</span> <span class='ocrx_word' id='word_1_186' title='bbox 543 1413 585 1444; x_wconf 74' lang='lat' dir='ltr'>Et</span> <span class='ocrx_word' id='word_1_187' title='bbox 612 1416 781 1453; x_wconf 58' lang='lat' dir='ltr'>cognoscent</span> <span class='ocrx_word' id='word_1_188' title='bbox 811 1415 957 1453; x_wconf 60' lang='lat' dir='ltr'>Aeyyptii.</span> <span class='ocrx_word' id='word_1_189' title='bbox 985 1414 1065 1453; x_wconf 70' lang='lat' dir='ltr'>qaod</span> 
     </span>
     <span class='ocr_line' id='line_1_26' title="bbox 101 1457 1065 1498; baseline -0.002 -9"><span class='ocrx_word' id='word_1_190' title='bbox 101 1469 151 1498; x_wconf 78' lang='lat' dir='ltr'>eyo</span> <span class='ocrx_word' id='word_1_191' title='bbox 174 1459 234 1490; x_wconf 69' lang='lat' dir='ltr'>sim</span> <span class='ocrx_word' id='word_1_192' title='bbox 258 1457 377 1495; x_wconf 62' lang='lat' dir='ltr'>Ieltooa,</span> <span class='ocrx_word' id='word_1_193' title='bbox 401 1467 495 1496; x_wconf 75' lang='lat' dir='ltr'>qaum</span> <span class='ocrx_word' id='word_1_194' title='bbox 517 1457 675 1486; x_wconf 71' lang='lat' dir='ltr'>extendero</span> <span class='ocrx_word' id='word_1_195' title='bbox 696 1466 824 1486; x_wconf 70' lang='lat' dir='ltr'>manum</span> <span class='ocrx_word' id='word_1_196' title='bbox 846 1466 944 1486; x_wconf 77' lang='lat' dir='ltr'>meam</span> <span class='ocrx_word' id='word_1_197' title='bbox 973 1466 1065 1496; x_wconf 69' lang='lat' dir='ltr'>super</span> 
     </span>
     <span class='ocr_line' id='line_1_27' title="bbox 100 1498 1062 1542; baseline -0.002 -10"><span class='ocrx_word' id='word_1_198' title='bbox 100 1502 288 1542; x_wconf 72' lang='lat' dir='ltr'>Aeyyplum,</span> <span class='ocrx_word' id='word_1_199' title='bbox 320 1502 346 1530; x_wconf 65' lang='lat' dir='ltr'>et</span> <span class='ocrx_word' id='word_1_200' title='bbox 379 1500 510 1530; x_wconf 62' lang='lat' dir='ltr'>eduxero</span> <span class='ocrx_word' id='word_1_201' title='bbox 541 1499 622 1537; x_wconf 74' lang='lat' dir='ltr'>filios</span> <span class='ocrx_word' id='word_1_202' title='bbox 655 1498 756 1529; x_wconf 73' lang='lat' dir='ltr'>Israel</span> <span class='ocrx_word' id='word_1_203' title='bbox 784 1510 798 1529; x_wconf 91' lang='lat' dir='ltr'>e</span> <span class='ocrx_word' id='word_1_204' title='bbox 826 1499 926 1530; x_wconf 74' lang='lat' dir='ltr'>medio</span> <span class='ocrx_word' id='word_1_205' title='bbox 949 1509 1062 1530; x_wconf 77' lang='lat' dir='ltr'>eorum.</span> 
     </span>
     <span class='ocr_line' id='line_1_28' title="bbox 100 1541 1064 1584; baseline -0.002 -9"><span class='ocrx_word' id='word_1_206' title='bbox 100 1545 129 1575; x_wconf 84' lang='lat'>6.</span> <span class='ocrx_word' id='word_1_207' title='bbox 152 1543 237 1575; x_wconf 75' lang='lat' dir='ltr'>Fecit</span> <span class='ocrx_word' id='word_1_208' title='bbox 258 1554 326 1584; x_wconf 74' lang='lat' dir='ltr'>eryo</span> <span class='ocrx_word' id='word_1_209' title='bbox 352 1542 453 1573; x_wconf 80' lang='lat' dir='ltr'>Moses</span> <span class='ocrx_word' id='word_1_210' title='bbox 474 1545 500 1572; x_wconf 77' lang='lat' dir='ltr'>et</span> <span class='ocrx_word' id='word_1_211' title='bbox 523 1541 668 1572; x_wconf 79' lang='lat' dir='ltr'>Aharou:</span> <span class='ocrx_word' id='word_1_212' title='bbox 691 1542 781 1571; x_wconf 70' lang='lat' dir='ltr'>sicuti</span> <span class='ocrx_word' id='word_1_213' title='bbox 800 1544 998 1581; x_wconf 71' lang='lat' dir='ltr'>praeceperat</span> <span class='ocrx_word' id='word_1_214' title='bbox 1017 1543 1064 1573; x_wconf 84' lang='lat' dir='ltr'>Ie-</span> 
     </span>
     <span class='ocr_line' id='line_1_29' title="bbox 99 1583 1063 1625; baseline -0.003 -7"><span class='ocrx_word' id='word_1_215' title='bbox 99 1587 177 1618; x_wconf 78' lang='lat' dir='ltr'>]zova</span> <span class='ocrx_word' id='word_1_216' title='bbox 199 1587 286 1625; x_wconf 70' lang='lat' dir='ltr'>ipsis,</span> <span class='ocrx_word' id='word_1_217' title='bbox 308 1586 352 1616; x_wconf 68' lang='lat' dir='ltr'>sie</span> <span class='ocrx_word' id='word_1_218' title='bbox 372 1585 513 1624; x_wconf 78' lang='lat' dir='ltr'>fecerunt.</span> <span class='ocrx_word' id='word_1_219' title='bbox 560 1584 587 1614; x_wconf 85' lang='lat'>7.</span> <span class='ocrx_word' id='word_1_220' title='bbox 614 1583 716 1615; x_wconf 73' lang='lat' dir='ltr'>Moses</span> <span class='ocrx_word' id='word_1_221' title='bbox 744 1587 843 1614; x_wconf 75' lang='lat' dir='ltr'>autem</span> <span class='ocrx_word' id='word_1_222' title='bbox 872 1584 960 1622; x_wconf 76' lang='lat' dir='ltr'>filius</span> <span class='ocrx_word' id='word_1_223' title='bbox 988 1587 1063 1616; x_wconf 76' lang='lat' dir='ltr'>octo-</span> 
     </span>
     <span class='ocr_line' id='line_1_30' title="bbox 97 1627 1063 1671; baseline -0.002 -11"><span class='ocrx_word' id='word_1_224' title='bbox 97 1630 184 1671; x_wconf 77' lang='lat' dir='ltr'>9inta</span> <span class='ocrx_word' id='word_1_225' title='bbox 206 1639 358 1659; x_wconf 67' lang='lat' dir='ltr'>armorum</span> <span class='ocrx_word' id='word_1_226' title='bbox 380 1628 453 1667; x_wconf 69' lang='lat' dir='ltr'>fuit,</span> <span class='ocrx_word' id='word_1_227' title='bbox 488 1630 513 1657; x_wconf 77' lang='lat' dir='ltr'>et</span> <span class='ocrx_word' id='word_1_228' title='bbox 542 1627 671 1657; x_wconf 71' lang='lat' dir='ltr'>Aliaron</span> <span class='ocrx_word' id='word_1_229' title='bbox 692 1627 779 1665; x_wconf 71' lang='lat' dir='ltr'>filius</span> <span class='ocrx_word' id='word_1_230' title='bbox 799 1627 946 1667; x_wconf 71' lang='lat' dir='ltr'>octoyinta</span> <span class='ocrx_word' id='word_1_231' title='bbox 969 1628 1063 1658; x_wconf 72' lang='lat' dir='ltr'>trium</span> 
     </span>
     <span class='ocr_line' id='line_1_31' title="bbox 99 1669 883 1710; baseline -0.005 -7"><span class='ocrx_word' id='word_1_232' title='bbox 99 1682 260 1709; x_wconf 72' lang='lat' dir='ltr'>annorum,</span> <span class='ocrx_word' id='word_1_233' title='bbox 284 1681 377 1710; x_wconf 74' lang='lat' dir='ltr'>quum</span> <span class='ocrx_word' id='word_1_234' title='bbox 399 1670 590 1709; x_wconf 69' lang='lat' dir='ltr'>loquerentur</span> <span class='ocrx_word' id='word_1_235' title='bbox 612 1670 652 1700; x_wconf 81' lang='lat' dir='ltr'>ad</span> <span class='ocrx_word' id='word_1_236' title='bbox 678 1669 883 1700; x_wconf 71' lang='lat' dir='ltr'>Pharaonem.</span> 
     </span>
    </p>
   </div>
   <div class='ocr_carea' id='block_1_8' title="bbox 98 1754 1060 1833">
    <p class='ocr_par' dir='ltr' id='par_1_8' title="bbox 98 1754 1060 1833">
     <span class='ocr_line' id='line_1_32' title="bbox 187 1754 746 1788; baseline -0.004 -1"><span class='ocrx_word' id='word_1_237' title='bbox 187 1758 213 1788; x_wconf 90' lang='lat'>1.</span> <span class='ocrx_word' id='word_1_238' title='bbox 238 1756 279 1787; x_wconf 78' lang='lat' dir='ltr'>Et</span> <span class='ocrx_word' id='word_1_239' title='bbox 307 1756 387 1787; x_wconf 64' lang='lat' dir='ltr'>dizit</span> <span class='ocrx_word' id='word_1_240' title='bbox 415 1755 525 1786; x_wconf 65' lang='lat' dir='ltr'>Ieltova</span> <span class='ocrx_word' id='word_1_241' title='bbox 559 1755 600 1785; x_wconf 74' lang='lat' dir='ltr'>ad</span> <span class='ocrx_word' id='word_1_242' title='bbox 631 1754 746 1785; x_wconf 65' lang='lat' dir='ltr'>IlIosen.</span> 
     </span>
     <span class='ocr_line' id='line_1_33' title="bbox 98 1798 1060 1833; baseline -0.002 -2"><span class='ocrx_word' id='word_1_243' title='bbox 98 1801 208 1831; x_wconf 77' lang='lat' dir='ltr'>Moses</span> <span class='ocrx_word' id='word_1_244' title='bbox 232 1799 387 1830; x_wconf 77' lang='lat' dir='ltr'>anxietati</span> <span class='ocrx_word' id='word_1_245' title='bbox 418 1809 493 1829; x_wconf 84' lang='lat' dir='ltr'>suae</span> <span class='ocrx_word' id='word_1_246' title='bbox 527 1798 694 1833; x_wconf 79' lang='lat' dir='ltr'>solatium,</span> <span class='ocrx_word' id='word_1_247' title='bbox 729 1802 760 1827; x_wconf 89' lang='lat' dir='ltr'>et</span> <span class='ocrx_word' id='word_1_248' title='bbox 790 1798 988 1829; x_wconf 90' lang='lat' dir='ltr'>diffidentiae</span> <span class='ocrx_word' id='word_1_249' title='bbox 1010 1809 1060 1830; x_wconf 90' lang='lat' dir='ltr'>re-</span> 
     </span>
    </p>
   </div>
   <div class='ocr_carea' id='block_1_9' title="bbox 98 1840 1088 1882">
    <p class='ocr_par' dir='ltr' id='par_1_9' title="bbox 98 1840 1088 1882">
     <span class='ocr_line' id='line_1_34' title="bbox 98 1840 1088 1882; baseline -0.003 -8"><span class='ocrx_word' id='word_1_250' title='bbox 98 1843 239 1874; x_wconf 88' lang='lat' dir='ltr'>medium</span> <span class='ocrx_word' id='word_1_251' title='bbox 261 1842 438 1872; x_wconf 87' lang='lat' dir='ltr'>adhibitum</span> <span class='ocrx_word' id='word_1_252' title='bbox 464 1841 575 1871; x_wconf 82' lang='lat' dir='ltr'>fuisse:</span> <span class='ocrx_word' id='word_1_253' title='bbox 602 1840 675 1880; x_wconf 90' lang='lat' dir='ltr'>quia</span> <span class='ocrx_word' id='word_1_254' title='bbox 699 1845 731 1871; x_wconf 88' lang='lat' dir='ltr'>et</span> <span class='ocrx_word' id='word_1_255' title='bbox 754 1841 821 1880; x_wconf 87' lang='lat' dir='ltr'>ipso</span> <span class='ocrx_word' id='word_1_256' title='bbox 841 1841 949 1871; x_wconf 88' lang='lat' dir='ltr'>divina</span> <span class='ocrx_word' id='word_1_257' title='bbox 968 1847 1058 1872; x_wconf 89' lang='lat' dir='ltr'>auto·</span> <span class='ocrx_word' id='word_1_258' title='bbox 1087 1876 1088 1882; x_wconf 12' lang='grc' dir='ltr'>ἵ</span> 
     </span>
    </p>
   </div>
   <div class='ocr_carea' id='block_1_10' title="bbox 97 1883 1060 2055">
    <p class='ocr_par' dir='ltr' id='par_1_10' title="bbox 97 1883 1060 2055">
     <span class='ocr_line' id='line_1_35' title="bbox 98 1883 1060 1924; baseline -0.001 -7"><span class='ocrx_word' id='word_1_259' title='bbox 98 1887 194 1917; x_wconf 79' lang='lat' dir='ltr'>ritate</span> <span class='ocrx_word' id='word_1_260' title='bbox 217 1892 348 1916; x_wconf 82' lang='lat' dir='ltr'>ornatus</span> <span class='ocrx_word' id='word_1_261' title='bbox 370 1884 438 1920; x_wconf 86' lang='lat' dir='ltr'>fuit,</span> <span class='ocrx_word' id='word_1_262' title='bbox 461 1890 492 1914; x_wconf 89' lang='lat' dir='ltr'>et</span> <span class='ocrx_word' id='word_1_263' title='bbox 515 1883 608 1914; x_wconf 89' lang='lat' dir='ltr'>datus</span> <span class='ocrx_word' id='word_1_264' title='bbox 627 1888 676 1913; x_wconf 88' lang='lat' dir='ltr'>est</span> <span class='ocrx_word' id='word_1_265' title='bbox 694 1883 827 1914; x_wconf 89' lang='lat' dir='ltr'>Aharon</span> <span class='ocrx_word' id='word_1_266' title='bbox 848 1894 953 1914; x_wconf 80' lang='lat' dir='ltr'>eomes</span> <span class='ocrx_word' id='word_1_267' title='bbox 966 1889 1060 1924; x_wconf 87' lang='lat' dir='ltr'>atque</span> 
     </span>
     <span class='ocr_line' id='line_1_36' title="bbox 97 1926 1058 1959; baseline -0.001 0"><span class='ocrx_word' id='word_1_268' title='bbox 97 1929 234 1959; x_wconf 85' lang='lat' dir='ltr'>adiutor.</span> <span class='ocrx_word' id='word_1_269' title='bbox 259 1928 341 1958; x_wconf 87' lang='lat' dir='ltr'>Nam</span> <span class='ocrx_word' id='word_1_270' title='bbox 362 1926 511 1957; x_wconf 81' lang='lat' dir='ltr'>constitui</span> <span class='ocrx_word' id='word_1_271' title='bbox 527 1926 686 1956; x_wconf 79' lang='lat' dir='ltr'>Pharaoni</span> <span class='ocrx_word' id='word_1_272' title='bbox 700 1926 730 1956; x_wconf 90' lang='lat' dir='ltr'>in</span> <span class='ocrx_word' id='word_1_273' title='bbox 748 1926 851 1956; x_wconf 88' lang='lat' dir='ltr'>Deum</span> <span class='ocrx_word' id='word_1_274' title='bbox 867 1927 1058 1958; x_wconf 80' lang='lat' dir='ltr'>tantundem</span> 
     </span>
     <span class='ocr_line' id='line_1_37' title="bbox 98 1969 1058 2010; baseline -0.001 -8"><span class='ocrx_word' id='word_1_275' title='bbox 98 1972 185 2002; x_wconf 80' lang='lat' dir='ltr'>valet</span> <span class='ocrx_word' id='word_1_276' title='bbox 208 1976 303 2010; x_wconf 86' lang='lat' dir='ltr'>atque</span> <span class='ocrx_word' id='word_1_277' title='bbox 327 1969 440 1999; x_wconf 85' lang='lat' dir='ltr'>instrui</span> <span class='ocrx_word' id='word_1_278' title='bbox 455 1979 581 1999; x_wconf 80' lang='lat' dir='ltr'>summo</span> <span class='ocrx_word' id='word_1_279' title='bbox 600 1969 734 2008; x_wconf 88' lang='lat' dir='ltr'>imperio</span> <span class='ocrx_word' id='word_1_280' title='bbox 755 1976 787 1999; x_wconf 89' lang='lat' dir='ltr'>et</span> <span class='ocrx_word' id='word_1_281' title='bbox 807 1974 974 2008; x_wconf 74' lang='lat' dir='ltr'>potestate,</span> <span class='ocrx_word' id='word_1_282' title='bbox 996 1981 1058 2010; x_wconf 88' lang='lat' dir='ltr'>qua</span> 
     </span>
     <span class='ocr_line' id='line_1_38' title="bbox 97 2011 596 2055; baseline -0.006 -11"><span class='ocrx_word' id='word_1_283' title='bbox 97 2014 229 2055; x_wconf 81' lang='lat' dir='ltr'>tyranni</span> <span class='ocrx_word' id='word_1_284' title='bbox 254 2012 436 2052; x_wconf 85' lang='lat' dir='ltr'>superbiam</span> <span class='ocrx_word' id='word_1_285' title='bbox 461 2011 596 2042; x_wconf 86' lang='lat' dir='ltr'>deiiciat.</span> 
     </span>
    </p>
   </div>
   <div class='ocr_carea' id='block_1_11' title="bbox 95 2097 1056 2303">
    <p class='ocr_par' dir='ltr' id='par_1_11' title="bbox 95 2097 1056 2303">
     <span class='ocr_line' id='line_1_39' title="bbox 97 2097 1056 2138; baseline -0.002 -8"><span class='ocrx_word' id='word_1_286' title='bbox 97 2100 141 2130; x_wconf 85' lang='lat' dir='ltr'>sic</span> <span class='ocrx_word' id='word_1_287' title='bbox 165 2099 382 2130; x_wconf 80' lang='lat' dir='ltr'>communicat</span> <span class='ocrx_word' id='word_1_288' title='bbox 405 2108 475 2128; x_wconf 83' lang='lat' dir='ltr'>cuni</span> <span class='ocrx_word' id='word_1_289' title='bbox 488 2098 589 2127; x_wconf 80' lang='lat' dir='ltr'>servis</span> <span class='ocrx_word' id='word_1_290' title='bbox 613 2097 680 2127; x_wconf 82' lang='lat' dir='ltr'>suis</span> <span class='ocrx_word' id='word_1_291' title='bbox 704 2097 787 2136; x_wconf 88' lang='lat' dir='ltr'>quod</span> <span class='ocrx_word' id='word_1_292' title='bbox 812 2097 870 2127; x_wconf 83' lang='lat' dir='ltr'>sibi</span> <span class='ocrx_word' id='word_1_293' title='bbox 891 2099 1056 2138; x_wconf 90' lang='lat' dir='ltr'>proprium</span> 
     </span>
     <span class='ocr_line' id='line_1_40' title="bbox 98 2139 1056 2180; baseline 0 -8"><span class='ocrx_word' id='word_1_294' title='bbox 98 2147 144 2172; x_wconf 83' lang='lat' dir='ltr'>cst</span> <span class='ocrx_word' id='word_1_295' title='bbox 168 2146 202 2172; x_wconf 90' lang='lat' dir='ltr'>ut</span> <span class='ocrx_word' id='word_1_296' title='bbox 225 2148 351 2171; x_wconf 86' lang='lat' dir='ltr'>maneat</span> <span class='ocrx_word' id='word_1_297' title='bbox 375 2150 502 2179; x_wconf 87' lang='lat' dir='ltr'>semper</span> <span class='ocrx_word' id='word_1_298' title='bbox 520 2140 655 2179; x_wconf 81' lang='lat' dir='ltr'>integer.</span> <span class='ocrx_word' id='word_1_299' title='bbox 690 2139 760 2170; x_wconf 88' lang='lat' dir='ltr'>Imo</span> <span class='ocrx_word' id='word_1_300' title='bbox 784 2140 908 2179; x_wconf 87' lang='lat' dir='ltr'>quoties</span> <span class='ocrx_word' id='word_1_301' title='bbox 933 2147 1056 2180; x_wconf 86' lang='lat' dir='ltr'>partem</span> 
     </span>
     <span class='ocr_line' id='line_1_41' title="bbox 98 2182 1054 2223; baseline 0 -9"><span class='ocrx_word' id='word_1_302' title='bbox 98 2184 216 2223; x_wconf 86' lang='lat' dir='ltr'>gloriae</span> <span class='ocrx_word' id='word_1_303' title='bbox 230 2194 305 2214; x_wconf 86' lang='lat' dir='ltr'>suae</span> <span class='ocrx_word' id='word_1_304' title='bbox 325 2183 452 2214; x_wconf 82' lang='lat' dir='ltr'>videtur</span> <span class='ocrx_word' id='word_1_305' title='bbox 472 2183 629 2213; x_wconf 81' lang='lat' dir='ltr'>ministris</span> <span class='ocrx_word' id='word_1_306' title='bbox 649 2182 714 2213; x_wconf 88' lang='lat' dir='ltr'>suis</span> <span class='ocrx_word' id='word_1_307' title='bbox 732 2183 905 2222; x_wconf 84' lang='lat' dir='ltr'>resignare,</span> <span class='ocrx_word' id='word_1_308' title='bbox 927 2188 1054 2214; x_wconf 86' lang='lat' dir='ltr'>tantum</span> 
     </span>
     <span class='ocr_line' id='line_1_42' title="bbox 96 2226 1052 2264; baseline 0.001 -9"><span class='ocrx_word' id='word_1_309' title='bbox 96 2226 186 2257; x_wconf 89' lang='lat' dir='ltr'>docet</span> <span class='ocrx_word' id='word_1_310' title='bbox 215 2227 369 2256; x_wconf 86' lang='lat' dir='ltr'>virtutem</span> <span class='ocrx_word' id='word_1_311' title='bbox 401 2232 494 2264; x_wconf 88' lang='lat' dir='ltr'>atque</span> <span class='ocrx_word' id='word_1_312' title='bbox 529 2226 702 2256; x_wconf 87' lang='lat' dir='ltr'>efficaciam</span> <span class='ocrx_word' id='word_1_313' title='bbox 737 2226 870 2264; x_wconf 84' lang='lat' dir='ltr'>spiritus</span> <span class='ocrx_word' id='word_1_314' title='bbox 901 2227 949 2256; x_wconf 77' lang='lat' dir='ltr'>sui</span> <span class='ocrx_word' id='word_1_315' title='bbox 981 2236 1052 2256; x_wconf 87' lang='lat' dir='ltr'>cum</span> 
     </span>
     <span class='ocr_line' id='line_1_43' title="bbox 95 2268 1054 2303; baseline 0.001 -5"><span class='ocrx_word' id='word_1_316' title='bbox 95 2268 222 2299; x_wconf 91' lang='lat' dir='ltr'>illorum</span> <span class='ocrx_word' id='word_1_317' title='bbox 251 2269 358 2299; x_wconf 84' lang='lat' dir='ltr'>labore</span> <span class='ocrx_word' id='word_1_318' title='bbox 389 2268 456 2299; x_wconf 89' lang='lat' dir='ltr'>fore</span> <span class='ocrx_word' id='word_1_319' title='bbox 485 2269 704 2303; x_wconf 86' lang='lat' dir='ltr'>coniunctam,</span> <span class='ocrx_word' id='word_1_320' title='bbox 735 2278 776 2298; x_wconf 89' lang='lat' dir='ltr'>ne</span> <span class='ocrx_word' id='word_1_321' title='bbox 806 2269 847 2299; x_wconf 87' lang='lat' dir='ltr'>sit</span> <span class='ocrx_word' id='word_1_322' title='bbox 878 2269 1054 2299; x_wconf 87' lang='lat' dir='ltr'>infructuo-</span> 
     </span>
    </p>
   </div>
   <div class='ocr_carea' id='block_1_12' title="bbox 95 2310 1052 2351">
    <p class='ocr_par' dir='ltr' id='par_1_12' title="bbox 95 2310 1052 2351">
     <span class='ocr_line' id='line_1_44' title="bbox 95 2310 1052 2351; baseline 0.002 -11"><span class='ocrx_word' id='word_1_323' title='bbox 95 2321 159 2341; x_wconf 85' lang='lat' dir='ltr'>sus.</span> <span class='ocrx_word' id='word_1_324' title='bbox 204 2311 279 2340; x_wconf 83' lang='lat' dir='ltr'>Fuit</span> <span class='ocrx_word' id='word_1_325' title='bbox 301 2311 400 2351; x_wconf 84' lang='lat' dir='ltr'>igitur</span> <span class='ocrx_word' id='word_1_326' title='bbox 414 2311 520 2341; x_wconf 86' lang='lat' dir='ltr'>Moses</span> <span class='ocrx_word' id='word_1_327' title='bbox 544 2311 575 2340; x_wconf 88' lang='lat' dir='ltr'>in</span> <span class='ocrx_word' id='word_1_328' title='bbox 589 2310 694 2341; x_wconf 81' lang='lat' dir='ltr'>Deum</span> <span class='ocrx_word' id='word_1_329' title='bbox 716 2311 891 2341; x_wconf 80' lang='lat' dir='ltr'>Pharaoni:</span> <span class='ocrx_word' id='word_1_330' title='bbox 923 2312 994 2351; x_wconf 79' lang='lat' dir='ltr'>quia</span> <span class='ocrx_word' id='word_1_331' title='bbox 1020 2313 1052 2342; x_wconf 89' lang='lat' dir='ltr'>in</span> 
     </span>
    </p>
   </div>
   <div class='ocr_carea' id='block_1_13' title="bbox 95 2353 1080 2396">
    <p class='ocr_par' dir='ltr' id='par_1_13' title="bbox 95 2353 1080 2396">
     <span class='ocr_line' id='line_1_45' title="bbox 95 2353 1080 2396; baseline 0.001 -12"><span class='ocrx_word' id='word_1_332' title='bbox 95 2354 164 2393; x_wconf 87' lang='lat' dir='ltr'>ipso</span> <span class='ocrx_word' id='word_1_333' title='bbox 179 2353 267 2383; x_wconf 91' lang='lat' dir='ltr'>Deus</span> <span class='ocrx_word' id='word_1_334' title='bbox 280 2354 454 2392; x_wconf 86' lang='lat' dir='ltr'>potentiam</span> <span class='ocrx_word' id='word_1_335' title='bbox 479 2364 568 2384; x_wconf 85' lang='lat' dir='ltr'>suam</span> <span class='ocrx_word' id='word_1_336' title='bbox 588 2354 739 2390; x_wconf 81' lang='lat' dir='ltr'>exseruit,</span> <span class='ocrx_word' id='word_1_337' title='bbox 765 2359 799 2383; x_wconf 92' lang='lat' dir='ltr'>ut</span> <span class='ocrx_word' id='word_1_338' title='bbox 812 2354 957 2393; x_wconf 81' lang='lat' dir='ltr'>superior</span> <span class='ocrx_word' id='word_1_339' title='bbox 969 2360 1053 2386; x_wconf 83' lang='lat' dir='ltr'>essct</span> <span class='ocrx_word' id='word_1_340' title='bbox 1079 2389 1080 2396; x_wconf 14' lang='grc' dir='ltr'>ἵ</span> 
     </span>
    </p>
   </div>
   <div class='ocr_carea' id='block_1_14' title="bbox 94 2394 1052 2649">
    <p class='ocr_par' dir='ltr' id='par_1_14' title="bbox 94 2394 1052 2649">
     <span class='ocr_line' id='line_1_46' title="bbox 95 2394 1051 2436; baseline 0 -9"><span class='ocrx_word' id='word_1_341' title='bbox 95 2396 185 2436; x_wconf 82' lang='lat' dir='ltr'>regia</span> <span class='ocrx_word' id='word_1_342' title='bbox 208 2394 384 2426; x_wconf 81' lang='lat' dir='ltr'>altitudine.</span> <span class='ocrx_word' id='word_1_343' title='bbox 431 2396 588 2427; x_wconf 78' lang='lat' dir='ltr'>Hebraeis</span> <span class='ocrx_word' id='word_1_344' title='bbox 618 2396 729 2426; x_wconf 88' lang='lat' dir='ltr'>tritum</span> <span class='ocrx_word' id='word_1_345' title='bbox 759 2404 806 2427; x_wconf 89' lang='lat' dir='ltr'>est</span> <span class='ocrx_word' id='word_1_346' title='bbox 837 2407 965 2427; x_wconf 87' lang='lat' dir='ltr'>omnem</span> <span class='ocrx_word' id='word_1_347' title='bbox 997 2408 1051 2427; x_wconf 87' lang='lat' dir='ltr'>cx-</span> 
     </span>
     <span class='ocr_line' id='line_1_47' title="bbox 94 2437 1052 2479; baseline 0.001 -10"><span class='ocrx_word' id='word_1_348' title='bbox 94 2438 275 2469; x_wconf 88' lang='lat' dir='ltr'>cellentiam</span> <span class='ocrx_word' id='word_1_349' title='bbox 299 2437 359 2467; x_wconf 91' lang='lat' dir='ltr'>Dei</span> <span class='ocrx_word' id='word_1_350' title='bbox 383 2439 473 2469; x_wconf 88' lang='lat' dir='ltr'>titulo</span> <span class='ocrx_word' id='word_1_351' title='bbox 496 2450 619 2475; x_wconf 84' lang='lat' dir='ltr'>ornare,</span> <span class='ocrx_word' id='word_1_352' title='bbox 641 2439 692 2478; x_wconf 87' lang='lat' dir='ltr'>qui</span> <span class='ocrx_word' id='word_1_353' title='bbox 713 2438 799 2470; x_wconf 86' lang='lat' dir='ltr'>solus</span> <span class='ocrx_word' id='word_1_354' title='bbox 816 2439 935 2469; x_wconf 87' lang='lat' dir='ltr'>eminet</span> <span class='ocrx_word' id='word_1_355' title='bbox 955 2450 1052 2479; x_wconf 84' lang='lat' dir='ltr'>supra</span> 
     </span>
     <span class='ocr_line' id='line_1_48' title="bbox 94 2481 1050 2522; baseline 0 -10"><span class='ocrx_word' id='word_1_356' title='bbox 94 2481 218 2512; x_wconf 86' lang='lat' dir='ltr'>coelum</span> <span class='ocrx_word' id='word_1_357' title='bbox 243 2485 275 2510; x_wconf 88' lang='lat' dir='ltr'>et</span> <span class='ocrx_word' id='word_1_358' title='bbox 294 2486 420 2517; x_wconf 83' lang='lat' dir='ltr'>terram,</span> <span class='ocrx_word' id='word_1_359' title='bbox 443 2487 474 2511; x_wconf 80' lang='lat' dir='ltr'>et</span> <span class='ocrx_word' id='word_1_360' title='bbox 493 2492 550 2512; x_wconf 91' lang='lat' dir='ltr'>suo</span> <span class='ocrx_word' id='word_1_361' title='bbox 569 2481 702 2512; x_wconf 87' lang='lat' dir='ltr'>arbitrio</span> <span class='ocrx_word' id='word_1_362' title='bbox 722 2486 786 2511; x_wconf 88' lang='lat' dir='ltr'>tam</span> <span class='ocrx_word' id='word_1_363' title='bbox 807 2482 937 2522; x_wconf 79' lang='lat' dir='ltr'>angelos</span> <span class='ocrx_word' id='word_1_364' title='bbox 955 2493 1050 2522; x_wconf 88' lang='lat' dir='ltr'>quam</span> 
     </span>
     <span class='ocr_line' id='line_1_49' title="bbox 96 2521 687 2559; baseline 0 -5"><span class='ocrx_word' id='word_1_365' title='bbox 96 2523 242 2554; x_wconf 86' lang='lat' dir='ltr'>homiues</span> <span class='ocrx_word' id='word_1_366' title='bbox 269 2521 408 2559; x_wconf 80' lang='lat' dir='ltr'>extollit,</span> <span class='ocrx_word' id='word_1_367' title='bbox 443 2523 492 2554; x_wconf 85' lang='lat' dir='ltr'>vel</span> <span class='ocrx_word' id='word_1_368' title='bbox 529 2524 687 2555; x_wconf 86' lang='lat' dir='ltr'>humiliat.</span> 
     </span>
     <span class='ocr_line' id='line_1_50' title="bbox 95 2564 1050 2606; baseline 0.002 -10"><span class='ocrx_word' id='word_1_369' title='bbox 95 2565 175 2606; x_wconf 84' lang='lat' dir='ltr'>dixi)</span> <span class='ocrx_word' id='word_1_370' title='bbox 195 2570 335 2595; x_wconf 86' lang='lat' dir='ltr'>correcta</span> <span class='ocrx_word' id='word_1_371' title='bbox 353 2564 413 2594; x_wconf 85' lang='lat' dir='ltr'>fuit</span> <span class='ocrx_word' id='word_1_372' title='bbox 425 2565 523 2596; x_wconf 85' lang='lat' dir='ltr'>Mosis</span> <span class='ocrx_word' id='word_1_373' title='bbox 542 2567 723 2603; x_wconf 88' lang='lat' dir='ltr'>infirmitas,</span> <span class='ocrx_word' id='word_1_374' title='bbox 748 2572 784 2597; x_wconf 91' lang='lat' dir='ltr'>ut</span> <span class='ocrx_word' id='word_1_375' title='bbox 798 2567 857 2597; x_wconf 88' lang='lat' dir='ltr'>Dei</span> <span class='ocrx_word' id='word_1_376' title='bbox 878 2568 1050 2598; x_wconf 84' lang='lat' dir='ltr'>autoritate</span> 
     </span>
     <span class='ocr_line' id='line_1_51' title="bbox 94 2605 1049 2649; baseline 0.001 -9"><span class='ocrx_word' id='word_1_377' title='bbox 94 2610 194 2640; x_wconf 85' lang='lat' dir='ltr'>fretus</span> <span class='ocrx_word' id='word_1_378' title='bbox 213 2605 371 2645; x_wconf 81' lang='lat' dir='ltr'>intrepide</span> <span class='ocrx_word' id='word_1_379' title='bbox 390 2607 473 2647; x_wconf 86' lang='lat' dir='ltr'>regis</span> <span class='ocrx_word' id='word_1_380' title='bbox 492 2609 640 2640; x_wconf 80' lang='lat' dir='ltr'>ferociam</span> <span class='ocrx_word' id='word_1_381' title='bbox 655 2609 840 2649; x_wconf 84' lang='lat' dir='ltr'>despiceret.</span> <span class='ocrx_word' id='word_1_382' title='bbox 862 2609 1049 2641; x_wconf 78' lang='lat' dir='ltr'>Subsidium</span> 
     </span>
    </p>
   </div>
   <div class='ocr_carea' id='block_1_15' title="bbox 792 1753 1090 1787">
    <p class='ocr_par' dir='ltr' id='par_1_15' title="bbox 792 1753 1090 1787">
     <span class='ocr_line' id='line_1_52' title="bbox 792 1753 1090 1787; baseline 0.003 -2"><span class='ocrx_word' id='word_1_383' title='bbox 792 1755 919 1786; x_wconf 84' lang='lat' dir='ltr'>Rccitat</span> <span class='ocrx_word' id='word_1_384' title='bbox 942 1756 1060 1787; x_wconf 88' lang='lat' dir='ltr'>iterum</span> <span class='ocrx_word' id='word_1_385' title='bbox 1088 1753 1090 1782; x_wconf 67' lang='lat' dir='ltr'>f</span> 
     </span>
    </p>
   </div>
   <div class='ocr_carea' id='block_1_16' title="bbox 643 2011 1086 2051">
    <p class='ocr_par' dir='ltr' id='par_1_16' title="bbox 643 2011 1086 2051">
     <span class='ocr_line' id='line_1_53' title="bbox 643 2011 1086 2051; baseline 0.009 -10"><span class='ocrx_word' id='word_1_386' title='bbox 643 2011 710 2042; x_wconf 89' lang='lat' dir='ltr'>Nec</span> <span class='ocrx_word' id='word_1_387' title='bbox 730 2022 805 2042; x_wconf 87' lang='lat' dir='ltr'>vero</span> <span class='ocrx_word' id='word_1_388' title='bbox 824 2011 996 2051; x_wconf 83' lang='lat' dir='ltr'>quidquam</span> <span class='ocrx_word' id='word_1_389' title='bbox 1016 2014 1058 2043; x_wconf 85' lang='lat' dir='ltr'>si·</span> <span class='ocrx_word' id='word_1_390' title='bbox 1085 2041 1086 2045; x_wconf 71' lang='grc'>,</span> 
     </span>
    </p>
   </div>
   <div class='ocr_carea' id='block_1_17' title="bbox 97 2054 2070 2139">
    <p class='ocr_par' dir='ltr' id='par_1_17' title="bbox 97 2054 2070 2139">
     <span class='ocr_line' id='line_1_54' title="bbox 97 2054 1086 2095; baseline -0.004 -8"><span class='ocrx_word' id='word_1_391' title='bbox 97 2057 126 2087; x_wconf 92' lang='lat' dir='ltr'>bi</span> <span class='ocrx_word' id='word_1_392' title='bbox 158 2056 297 2087; x_wconf 84' lang='lat' dir='ltr'>detraxit</span> <span class='ocrx_word' id='word_1_393' title='bbox 323 2056 409 2085; x_wconf 86' lang='lat' dir='ltr'>Deus</span> <span class='ocrx_word' id='word_1_394' title='bbox 440 2054 522 2093; x_wconf 88' lang='lat' dir='ltr'>quod</span> <span class='ocrx_word' id='word_1_395' title='bbox 553 2055 584 2084; x_wconf 93' lang='lat' dir='ltr'>in</span> <span class='ocrx_word' id='word_1_396' title='bbox 610 2054 723 2084; x_wconf 83' lang='lat' dir='ltr'>Mosen</span> <span class='ocrx_word' id='word_1_397' title='bbox 748 2055 954 2085; x_wconf 80' lang='lat' dir='ltr'>transferret:</span> <span class='ocrx_word' id='word_1_398' title='bbox 984 2057 1057 2095; x_wconf 89' lang='lat' dir='ltr'>quia</span> <span class='ocrx_word' id='word_1_399' title='bbox 1084 2078 1086 2083; x_wconf 56' lang='lat'>.</span> 
     </span>
     <span class='ocr_line' id='line_1_55' title="bbox 1084 2098 2070 2139; baseline 0.001 -10"><span class='ocrx_word' id='word_1_400' title='bbox 1084 2098 1085 2108; x_wconf 63' lang='lat'>¹</span> <span class='ocrx_word' id='word_1_401' title='bbox 1110 2100 1173 2130; x_wconf 87' lang='lat' dir='ltr'>iam</span> <span class='ocrx_word' id='word_1_402' title='bbox 1197 2099 1360 2135; x_wconf 84' lang='lat' dir='ltr'>admonui,</span> <span class='ocrx_word' id='word_1_403' title='bbox 1385 2099 1518 2139; x_wconf 84' lang='lat' dir='ltr'>frigidos</span> <span class='ocrx_word' id='word_1_404' title='bbox 1542 2109 1610 2129; x_wconf 83' lang='lat' dir='ltr'>esse</span> <span class='ocrx_word' id='word_1_405' title='bbox 1633 2098 1848 2138; x_wconf 73' lang='lat' dir='ltr'>speculatores</span> <span class='ocrx_word' id='word_1_406' title='bbox 1872 2098 1927 2137; x_wconf 89' lang='lat' dir='ltr'>qui</span> <span class='ocrx_word' id='word_1_407' title='bbox 1953 2098 1985 2128; x_wconf 91' lang='lat' dir='ltr'>in</span> <span class='ocrx_word' id='word_1_408' title='bbox 2011 2110 2070 2130; x_wconf 90' lang='lat' dir='ltr'>nu-</span> 
     </span>
    </p>
   </div>
   <div class='ocr_carea' id='block_1_18' title="bbox 1081 273 1109 2189">
    <p class='ocr_par' dir='ltr' id='par_1_18' title="bbox 1081 273 1109 2189">
     <span class='ocr_line' id='line_1_56' title="bbox 1081 273 1109 2189; baseline 0 0"><span class='ocrx_word' id='word_1_409' title='bbox 1081 273 1109 2189; x_wconf 95' lang='lat' dir='ltr'> </span> 
     </span>
    </p>
   </div>
   <div class='ocr_carea' id='block_1_19' title="bbox 1077 2438 2063 2522">
    <p class='ocr_par' dir='ltr' id='par_1_19' title="bbox 1077 2438 2063 2522">
     <span class='ocr_line' id='line_1_57' title="bbox 1078 2438 1808 2479; baseline -0.004 -8"><span class='ocrx_word' id='word_1_410' title='bbox 1078 2442 1079 2466; x_wconf 62' lang='lat'><em>}</em></span> <span class='ocrx_word' id='word_1_411' title='bbox 1104 2441 1153 2471; x_wconf 90' lang='lat' dir='ltr'>dis</span> <span class='ocrx_word' id='word_1_412' title='bbox 1177 2441 1390 2471; x_wconf 75' lang='lat' dir='ltr'>obstinatione</span> <span class='ocrx_word' id='word_1_413' title='bbox 1414 2440 1527 2479; x_wconf 72' lang='lat' dir='ltr'>dignos</span> <span class='ocrx_word' id='word_1_414' title='bbox 1551 2450 1618 2469; x_wconf 84' lang='lat' dir='ltr'>csse</span> <span class='ocrx_word' id='word_1_415' title='bbox 1641 2438 1808 2477; x_wconf 77' lang='lat' dir='ltr'>cognoscit.</span> 
     </span>
     <span class='ocr_line' id='line_1_58' title="bbox 1077 2479 2063 2522; baseline -0.002 -8"><span class='ocrx_word' id='word_1_416' title='bbox 1077 2482 1079 2504; x_wconf 67' lang='lat'><em>³</em></span> <span class='ocrx_word' id='word_1_417' title='bbox 1104 2489 1172 2514; x_wconf 83' lang='lat' dir='ltr'>teor</span> <span class='ocrx_word' id='word_1_418' title='bbox 1195 2484 1363 2522; x_wconf 89' lang='lat' dir='ltr'>utriusque</span> <span class='ocrx_word' id='word_1_419' title='bbox 1383 2483 1457 2513; x_wconf 88' lang='lat' dir='ltr'>mali</span> <span class='ocrx_word' id='word_1_420' title='bbox 1477 2482 1603 2521; x_wconf 87' lang='lat' dir='ltr'>culpam</span> <span class='ocrx_word' id='word_1_421' title='bbox 1617 2480 1753 2511; x_wconf 85' lang='lat' dir='ltr'>residere</span> <span class='ocrx_word' id='word_1_422' title='bbox 1773 2480 1805 2509; x_wconf 90' lang='lat' dir='ltr'>in</span> <span class='ocrx_word' id='word_1_423' title='bbox 1826 2480 1902 2518; x_wconf 88' lang='lat' dir='ltr'>ipsis</span> <span class='ocrx_word' id='word_1_424' title='bbox 1923 2479 2063 2512; x_wconf 88' lang='lat' dir='ltr'>homini-</span> 
     </span>
    </p>
   </div>
   <div class='ocr_carea' id='block_1_20' title="bbox 745 2524 2073 2603">
    <p class='ocr_par' dir='ltr' id='par_1_20' title="bbox 745 2524 2073 2603">
     <span class='ocr_line' id='line_1_59' title="bbox 745 2524 1078 2567; baseline 0.003 -13"><span class='ocrx_word' id='word_1_425' title='bbox 745 2524 815 2555; x_wconf 81' lang='lat' dir='ltr'>Hoc</span> <span class='ocrx_word' id='word_1_426' title='bbox 839 2525 967 2561; x_wconf 85' lang='lat' dir='ltr'>solatio,</span> <span class='ocrx_word' id='word_1_427' title='bbox 1002 2524 1051 2566; x_wconf 90' lang='lat' dir='ltr'>(ut</span> <span class='ocrx_word' id='word_1_428' title='bbox 1077 2547 1078 2567; x_wconf 45' lang='lat'>;</span> 
     </span>
     <span class='ocr_line' id='line_1_60' title="bbox 1077 2565 2073 2603; baseline -0.006 -4"><span class='ocrx_word' id='word_1_429' title='bbox 1077 2580 1078 2591; x_wconf 68' lang='lat'>³</span> <span class='ocrx_word' id='word_1_430' title='bbox 1103 2570 1227 2599; x_wconf 88' lang='lat' dir='ltr'>saniam</span> <span class='ocrx_word' id='word_1_431' title='bbox 1252 2569 1401 2598; x_wconf 86' lang='lat' dir='ltr'>feruntur</span> <span class='ocrx_word' id='word_1_432' title='bbox 1424 2567 1463 2598; x_wconf 88' lang='lat' dir='ltr'>ad</span> <span class='ocrx_word' id='word_1_433' title='bbox 1487 2567 1615 2600; x_wconf 72' lang='lat' dir='ltr'>malum,</span> <span class='ocrx_word' id='word_1_434' title='bbox 1639 2565 1686 2596; x_wconf 82' lang='lat' dir='ltr'>vel</span> <span class='ocrx_word' id='word_1_435' title='bbox 1714 2570 1818 2595; x_wconf 87' lang='lat' dir='ltr'>ruunt.</span> <span class='ocrx_word' id='word_1_436' title='bbox 1856 2565 1962 2603; x_wconf 72' lang='lat' dir='ltr'>Quam</span> <span class='ocrx_word' id='word_1_437' title='bbox 1987 2576 2073 2598; x_wconf 88' lang='lat' dir='ltr'>vero.</span> 
     </span>
    </p>
   </div>
   <div class='ocr_carea' id='block_1_21' title="bbox 1079 273 1107 2627">
    <p class='ocr_par' dir='ltr' id='par_1_21' title="bbox 1079 273 1107 2627">
     <span class='ocr_line' id='line_1_61' title="bbox 1079 273 1107 2627; baseline 0 0"><span class='ocrx_word' id='word_1_438' title='bbox 1079 273 1107 2627; x_wconf 95' lang='lat' dir='ltr'> </span> 
     </span>
    </p>
   </div>
   <div class='ocr_carea' id='block_1_22' title="bbox 1116 265 2099 1707">
    <p class='ocr_par' dir='ltr' id='par_1_22' title="bbox 1125 265 2099 977">
     <span class='ocr_line' id='line_1_62' title="bbox 1129 265 2096 308; baseline 0.005 -13"><span class='ocrx_word' id='word_1_439' title='bbox 1129 265 1227 296; x_wconf 85' lang='lat' dir='ltr'>etiam</span> <span class='ocrx_word' id='word_1_440' title='bbox 1258 266 1388 297; x_wconf 86' lang='lat' dir='ltr'>additur</span> <span class='ocrx_word' id='word_1_441' title='bbox 1423 268 1453 297; x_wconf 89' lang='lat' dir='ltr'>in</span> <span class='ocrx_word' id='word_1_442' title='bbox 1490 269 1603 306; x_wconf 85' lang='lat' dir='ltr'>fratre,</span> <span class='ocrx_word' id='word_1_443' title='bbox 1639 279 1678 299; x_wconf 89' lang='lat' dir='ltr'>ne</span> <span class='ocrx_word' id='word_1_444' title='bbox 1708 268 1783 308; x_wconf 92' lang='lat' dir='ltr'>quid</span> <span class='ocrx_word' id='word_1_445' title='bbox 1814 269 1896 299; x_wconf 82' lang='lat' dir='ltr'>obsit</span> <span class='ocrx_word' id='word_1_446' title='bbox 1925 269 2096 302; x_wconf 82' lang='lat' dir='ltr'>balbuties.</span> 
     </span>
     <span class='ocr_line' id='line_1_63' title="bbox 1130 308 2099 351; baseline 0.005 -13"><span class='ocrx_word' id='word_1_447' title='bbox 1130 308 1216 338; x_wconf 85' lang='lat' dir='ltr'>Ante</span> <span class='ocrx_word' id='word_1_448' title='bbox 1241 314 1347 339; x_wconf 88' lang='lat' dir='ltr'>autem</span> <span class='ocrx_word' id='word_1_449' title='bbox 1373 309 1493 340; x_wconf 84' lang='lat' dir='ltr'>dictum</span> <span class='ocrx_word' id='word_1_450' title='bbox 1526 311 1599 348; x_wconf 87' lang='lat' dir='ltr'>fuit,</span> <span class='ocrx_word' id='word_1_451' title='bbox 1632 312 1731 341; x_wconf 85' lang='lat' dir='ltr'>Mosis</span> <span class='ocrx_word' id='word_1_452' title='bbox 1763 312 1995 351; x_wconf 78' lang='lat' dir='ltr'>ingratitudine</span> <span class='ocrx_word' id='word_1_453' title='bbox 2029 313 2099 344; x_wconf 87' lang='lat' dir='ltr'>fae-</span> 
     </span>
     <span class='ocr_line' id='line_1_64' title="bbox 1130 351 2097 392; baseline 0.006 -12"><span class='ocrx_word' id='word_1_454' title='bbox 1130 355 1196 380; x_wconf 90' lang='lat' dir='ltr'>tum</span> <span class='ocrx_word' id='word_1_455' title='bbox 1218 361 1287 381; x_wconf 87' lang='lat' dir='ltr'>esse</span> <span class='ocrx_word' id='word_1_456' title='bbox 1312 356 1348 381; x_wconf 90' lang='lat' dir='ltr'>ut</span> <span class='ocrx_word' id='word_1_457' title='bbox 1366 351 1497 382; x_wconf 87' lang='lat' dir='ltr'>dimidia</span> <span class='ocrx_word' id='word_1_458' title='bbox 1516 363 1589 392; x_wconf 85' lang='lat' dir='ltr'>pars</span> <span class='ocrx_word' id='word_1_459' title='bbox 1614 353 1744 384; x_wconf 88' lang='lat' dir='ltr'>honoris</span> <span class='ocrx_word' id='word_1_460' title='bbox 1767 354 1807 384; x_wconf 87' lang='lat' dir='ltr'>ad</span> <span class='ocrx_word' id='word_1_461' title='bbox 1831 355 1963 385; x_wconf 87' lang='lat' dir='ltr'>fratrem</span> <span class='ocrx_word' id='word_1_462' title='bbox 1989 360 2097 386; x_wconf 90' lang='lat' dir='ltr'>trans-</span> 
     </span>
     <span class='ocr_line' id='line_1_65' title="bbox 1128 392 2095 438; baseline 0.006 -16"><span class='ocrx_word' id='word_1_463' title='bbox 1128 392 1198 423; x_wconf 85' lang='lat' dir='ltr'>iret.</span> <span class='ocrx_word' id='word_1_464' title='bbox 1245 392 1438 433; x_wconf 79' lang='lat' dir='ltr'>Quanquam</span> <span class='ocrx_word' id='word_1_465' title='bbox 1460 395 1557 433; x_wconf 66' lang='lat' dir='ltr'>Deus,</span> <span class='ocrx_word' id='word_1_466' title='bbox 1582 397 1701 426; x_wconf 85' lang='lat' dir='ltr'>socium</span> <span class='ocrx_word' id='word_1_467' title='bbox 1725 398 1751 426; x_wconf 88' lang='lat' dir='ltr'>ei</span> <span class='ocrx_word' id='word_1_468' title='bbox 1772 396 1962 437; x_wconf 84' lang='lat' dir='ltr'>adiungens,</span> <span class='ocrx_word' id='word_1_469' title='bbox 1988 398 2095 438; x_wconf 81' lang='lat' dir='ltr'>digni-</span> 
     </span>
     <span class='ocr_line' id='line_1_66' title="bbox 1129 437 2095 478; baseline 0.007 -13"><span class='ocrx_word' id='word_1_470' title='bbox 1129 440 1227 465; x_wconf 86' lang='lat' dir='ltr'>tatem</span> <span class='ocrx_word' id='word_1_471' title='bbox 1259 447 1304 466; x_wconf 77' lang='lat' dir='ltr'>Sic</span> <span class='ocrx_word' id='word_1_472' title='bbox 1334 437 1498 467; x_wconf 86' lang='lat' dir='ltr'>imminuit</span> <span class='ocrx_word' id='word_1_473' title='bbox 1525 444 1560 468; x_wconf 89' lang='lat' dir='ltr'>ut</span> <span class='ocrx_word' id='word_1_474' title='bbox 1595 440 1842 478; x_wconf 82' lang='lat' dir='ltr'>primogenitum</span> <span class='ocrx_word' id='word_1_475' title='bbox 1869 450 1962 470; x_wconf 87' lang='lat' dir='ltr'>suum</span> <span class='ocrx_word' id='word_1_476' title='bbox 1987 441 2095 472; x_wconf 88' lang='lat' dir='ltr'>minor</span> 
     </span>
     <span class='ocr_line' id='line_1_67' title="bbox 1128 478 2094 522; baseline 0.006 -15"><span class='ocrx_word' id='word_1_477' title='bbox 1128 483 1204 508; x_wconf 89' lang='lat' dir='ltr'>natu</span> <span class='ocrx_word' id='word_1_478' title='bbox 1227 478 1442 510; x_wconf 81' lang='lat' dir='ltr'>antecederet.</span> <span class='ocrx_word' id='word_1_479' title='bbox 1487 480 1670 520; x_wconf 81' lang='lat' dir='ltr'>Prophetae</span> <span class='ocrx_word' id='word_1_480' title='bbox 1694 492 1811 512; x_wconf 92' lang='lat' dir='ltr'>nomen</span> <span class='ocrx_word' id='word_1_481' title='bbox 1832 481 1884 513; x_wconf 88' lang='lat' dir='ltr'>hic</span> <span class='ocrx_word' id='word_1_482' title='bbox 1911 493 1967 522; x_wconf 90' lang='lat' dir='ltr'>pro</span> <span class='ocrx_word' id='word_1_483' title='bbox 1991 483 2094 514; x_wconf 90' lang='lat' dir='ltr'>inter-</span> 
     </span>
     <span class='ocr_line' id='line_1_68' title="bbox 1127 522 2092 562; baseline 0.007 -13"><span class='ocrx_word' id='word_1_484' title='bbox 1127 526 1217 559; x_wconf 80' lang='lat' dir='ltr'>prete</span> <span class='ocrx_word' id='word_1_485' title='bbox 1241 522 1385 560; x_wconf 79' lang='lat' dir='ltr'>capitur:</span> <span class='ocrx_word' id='word_1_486' title='bbox 1409 522 1483 561; x_wconf 85' lang='lat' dir='ltr'>quia</span> <span class='ocrx_word' id='word_1_487' title='bbox 1507 523 1729 562; x_wconf 88' lang='lat' dir='ltr'>propheticum</span> <span class='ocrx_word' id='word_1_488' title='bbox 1753 535 1871 554; x_wconf 86' lang='lat' dir='ltr'>munus</span> <span class='ocrx_word' id='word_1_489' title='bbox 1896 525 2026 556; x_wconf 88' lang='lat' dir='ltr'>nonnisi</span> <span class='ocrx_word' id='word_1_490' title='bbox 2052 525 2092 557; x_wconf 88' lang='lat' dir='ltr'>ab</span> 
     </span>
     <span class='ocr_line' id='line_1_69' title="bbox 1127 563 2092 607; baseline 0.006 -15"><span class='ocrx_word' id='word_1_491' title='bbox 1127 573 1191 593; x_wconf 92' lang='lat' dir='ltr'>uno</span> <span class='ocrx_word' id='word_1_492' title='bbox 1217 563 1285 594; x_wconf 86' lang='lat' dir='ltr'>Deo</span> <span class='ocrx_word' id='word_1_493' title='bbox 1309 570 1428 594; x_wconf 85' lang='lat' dir='ltr'>manat.</span> <span class='ocrx_word' id='word_1_494' title='bbox 1466 564 1529 595; x_wconf 78' lang='lat' dir='ltr'>Sed</span> <span class='ocrx_word' id='word_1_495' title='bbox 1553 567 1627 604; x_wconf 90' lang='lat' dir='ltr'>quia</span> <span class='ocrx_word' id='word_1_496' title='bbox 1647 566 1734 597; x_wconf 90' lang='lat' dir='ltr'>Deus</span> <span class='ocrx_word' id='word_1_497' title='bbox 1759 577 1816 607; x_wconf 86' lang='lat' dir='ltr'>per</span> <span class='ocrx_word' id='word_1_498' title='bbox 1839 567 1934 598; x_wconf 85' lang='lat' dir='ltr'>unius</span> <span class='ocrx_word' id='word_1_499' title='bbox 1959 578 2092 599; x_wconf 89' lang='lat' dir='ltr'>manum</span> 
     </span>
     <span class='ocr_line' id='line_1_70' title="bbox 1127 605 2093 646; baseline 0.006 -11"><span class='ocrx_word' id='word_1_500' title='bbox 1127 605 1275 636; x_wconf 87' lang='lat' dir='ltr'>tradebat</span> <span class='ocrx_word' id='word_1_501' title='bbox 1299 606 1390 636; x_wconf 87' lang='lat' dir='ltr'>alteri</span> <span class='ocrx_word' id='word_1_502' title='bbox 1414 608 1496 646; x_wconf 88' lang='lat' dir='ltr'>quod</span> <span class='ocrx_word' id='word_1_503' title='bbox 1522 607 1582 639; x_wconf 88' lang='lat' dir='ltr'>dici</span> <span class='ocrx_word' id='word_1_504' title='bbox 1607 614 1661 639; x_wconf 89' lang='lat' dir='ltr'>aut</span> <span class='ocrx_word' id='word_1_505' title='bbox 1685 609 1753 639; x_wconf 88' lang='lat' dir='ltr'>fieri</span> <span class='ocrx_word' id='word_1_506' title='bbox 1779 609 1915 646; x_wconf 88' lang='lat' dir='ltr'>volebat,</span> <span class='ocrx_word' id='word_1_507' title='bbox 1953 621 2015 640; x_wconf 90' lang='lat' dir='ltr'>non</span> <span class='ocrx_word' id='word_1_508' title='bbox 2041 621 2093 641; x_wconf 87' lang='lat' dir='ltr'>se-</span> 
     </span>
     <span class='ocr_line' id='line_1_71' title="bbox 1126 648 2091 692; baseline 0.007 -15"><span class='ocrx_word' id='word_1_509' title='bbox 1126 657 1182 677; x_wconf 84' lang='lat' dir='ltr'>cus</span> <span class='ocrx_word' id='word_1_510' title='bbox 1205 659 1239 678; x_wconf 89' lang='lat' dir='ltr'>ac</span> <span class='ocrx_word' id='word_1_511' title='bbox 1264 648 1334 679; x_wconf 90' lang='lat' dir='ltr'>Deo</span> <span class='ocrx_word' id='word_1_512' title='bbox 1358 649 1524 680; x_wconf 87' lang='lat' dir='ltr'>subiicitur</span> <span class='ocrx_word' id='word_1_513' title='bbox 1548 650 1679 681; x_wconf 89' lang='lat' dir='ltr'>Aharon</span> <span class='ocrx_word' id='word_1_514' title='bbox 1705 652 1804 682; x_wconf 80' lang='lat' dir='ltr'>Mosi:</span> <span class='ocrx_word' id='word_1_515' title='bbox 1830 652 1923 683; x_wconf 88' lang='lat' dir='ltr'>sicuti</span> <span class='ocrx_word' id='word_1_516' title='bbox 1951 663 2091 692; x_wconf 87' lang='lat' dir='ltr'>aequum</span> 
     </span>
     <span class='ocr_line' id='line_1_72' title="bbox 1126 691 2091 734; baseline 0.006 -14"><span class='ocrx_word' id='word_1_517' title='bbox 1126 696 1174 720; x_wconf 85' lang='lat' dir='ltr'>est</span> <span class='ocrx_word' id='word_1_518' title='bbox 1208 691 1328 730; x_wconf 82' lang='lat' dir='ltr'>absque</span> <span class='ocrx_word' id='word_1_519' title='bbox 1351 693 1569 723; x_wconf 83' lang='lat' dir='ltr'>controversia</span> <span class='ocrx_word' id='word_1_520' title='bbox 1598 704 1650 724; x_wconf 85' lang='lat' dir='ltr'>eos</span> <span class='ocrx_word' id='word_1_521' title='bbox 1681 694 1782 725; x_wconf 86' lang='lat' dir='ltr'>audiri</span> <span class='ocrx_word' id='word_1_522' title='bbox 1807 695 1860 733; x_wconf 91' lang='lat' dir='ltr'>qui</span> <span class='ocrx_word' id='word_1_523' title='bbox 1891 695 1951 725; x_wconf 89' lang='lat' dir='ltr'>Dei</span> <span class='ocrx_word' id='word_1_524' title='bbox 1982 705 2091 734; x_wconf 88' lang='lat' dir='ltr'>perso-</span> 
     </span>
     <span class='ocr_line' id='line_1_73' title="bbox 1127 734 2092 776; baseline 0.005 -13"><span class='ocrx_word' id='word_1_525' title='bbox 1127 744 1200 763; x_wconf 90' lang='lat' dir='ltr'>nam</span> <span class='ocrx_word' id='word_1_526' title='bbox 1225 734 1394 764; x_wconf 86' lang='lat' dir='ltr'>sustinent.</span> <span class='ocrx_word' id='word_1_527' title='bbox 1431 734 1526 773; x_wconf 77' lang='lat' dir='ltr'>Quod</span> <span class='ocrx_word' id='word_1_528' title='bbox 1547 736 1641 766; x_wconf 86' lang='lat' dir='ltr'>etiam</span> <span class='ocrx_word' id='word_1_529' title='bbox 1663 736 1776 767; x_wconf 85' lang='lat' dir='ltr'>melius</span> <span class='ocrx_word' id='word_1_530' title='bbox 1800 742 1888 776; x_wconf 87' lang='lat' dir='ltr'>patet</span> <span class='ocrx_word' id='word_1_531' title='bbox 1911 748 1951 767; x_wconf 77' lang='lat' dir='ltr'>ex</span> <span class='ocrx_word' id='word_1_532' title='bbox 1975 749 2092 768; x_wconf 85' lang='lat' dir='ltr'>sccun-</span> 
     </span>
     <span class='ocr_line' id='line_1_74' title="bbox 1126 775 2092 818; baseline 0.005 -13"><span class='ocrx_word' id='word_1_533' title='bbox 1126 775 1164 806; x_wconf 87' lang='lat' dir='ltr'>do</span> <span class='ocrx_word' id='word_1_534' title='bbox 1191 786 1295 813; x_wconf 84' lang='lat' dir='ltr'>versu,</span> <span class='ocrx_word' id='word_1_535' title='bbox 1320 777 1371 807; x_wconf 82' lang='lat' dir='ltr'>ubi</span> <span class='ocrx_word' id='word_1_536' title='bbox 1388 776 1476 807; x_wconf 81' lang='lat' dir='ltr'>Deus</span> <span class='ocrx_word' id='word_1_537' title='bbox 1497 778 1666 818; x_wconf 88' lang='lat' dir='ltr'>imperium</span> <span class='ocrx_word' id='word_1_538' title='bbox 1687 779 1765 810; x_wconf 85' lang='lat' dir='ltr'>illud</span> <span class='ocrx_word' id='word_1_539' title='bbox 1780 779 1863 809; x_wconf 86' lang='lat' dir='ltr'>Mosi</span> <span class='ocrx_word' id='word_1_540' title='bbox 1884 779 1993 810; x_wconf 81' lang='lat' dir='ltr'>datum</span> <span class='ocrx_word' id='word_1_541' title='bbox 2009 785 2092 810; x_wconf 91' lang='lat' dir='ltr'>tem-</span> 
     </span>
     <span class='ocr_line' id='line_1_75' title="bbox 1126 819 2090 863; baseline 0.006 -15"><span class='ocrx_word' id='word_1_542' title='bbox 1126 824 1226 857; x_wconf 83' lang='lat' dir='ltr'>perat,</span> <span class='ocrx_word' id='word_1_543' title='bbox 1251 830 1286 849; x_wconf 88' lang='lat' dir='ltr'>ac</span> <span class='ocrx_word' id='word_1_544' title='bbox 1310 819 1376 849; x_wconf 73' lang='lat' dir='ltr'>suis</span> <span class='ocrx_word' id='word_1_545' title='bbox 1398 819 1515 850; x_wconf 82' lang='lat' dir='ltr'>finibus</span> <span class='ocrx_word' id='word_1_546' title='bbox 1538 821 1778 852; x_wconf 81' lang='lat' dir='ltr'>circumscribit.</span> <span class='ocrx_word' id='word_1_547' title='bbox 1824 822 1907 852; x_wconf 90' lang='lat' dir='ltr'>Nam</span> <span class='ocrx_word' id='word_1_548' title='bbox 1928 822 1982 853; x_wconf 92' lang='lat' dir='ltr'>ubi</span> <span class='ocrx_word' id='word_1_549' title='bbox 2001 822 2090 863; x_wconf 86' lang='lat' dir='ltr'>loqui</span> 
     </span>
     <span class='ocr_line' id='line_1_76' title="bbox 1126 861 2090 906; baseline 0.006 -16"><span class='ocrx_word' id='word_1_550' title='bbox 1126 861 1215 891; x_wconf 85' lang='lat' dir='ltr'>iubet</span> <span class='ocrx_word' id='word_1_551' title='bbox 1250 872 1462 901; x_wconf 86' lang='lat' dir='ltr'>quaecuuque</span> <span class='ocrx_word' id='word_1_552' title='bbox 1498 863 1713 899; x_wconf 81' lang='lat' dir='ltr'>mandaverit,</span> <span class='ocrx_word' id='word_1_553' title='bbox 1751 865 1783 894; x_wconf 92' lang='lat' dir='ltr'>in</span> <span class='ocrx_word' id='word_1_554' title='bbox 1819 864 1964 896; x_wconf 86' lang='lat' dir='ltr'>ordinem</span> <span class='ocrx_word' id='word_1_555' title='bbox 2004 866 2090 906; x_wconf 81' lang='lat' dir='ltr'>cogit</span> 
     </span>
     <span class='ocr_line' id='line_1_77' title="bbox 1126 904 2090 948; baseline 0.006 -15"><span class='ocrx_word' id='word_1_556' title='bbox 1126 904 1312 934; x_wconf 88' lang='lat' dir='ltr'>ministrum</span> <span class='ocrx_word' id='word_1_557' title='bbox 1337 914 1441 941; x_wconf 85' lang='lat' dir='ltr'>suum,</span> <span class='ocrx_word' id='word_1_558' title='bbox 1475 910 1506 935; x_wconf 86' lang='lat' dir='ltr'>ct</span> <span class='ocrx_word' id='word_1_559' title='bbox 1528 907 1668 936; x_wconf 83' lang='lat' dir='ltr'>continet</span> <span class='ocrx_word' id='word_1_560' title='bbox 1692 907 1725 936; x_wconf 92' lang='lat' dir='ltr'>in</span> <span class='ocrx_word' id='word_1_561' title='bbox 1749 906 1914 947; x_wconf 88' lang='lat' dir='ltr'>obsequi0‚</span> <span class='ocrx_word' id='word_1_562' title='bbox 1950 918 1989 938; x_wconf 92' lang='lat' dir='ltr'>nc</span> <span class='ocrx_word' id='word_1_563' title='bbox 2013 907 2090 948; x_wconf 88' lang='lat' dir='ltr'>quid</span> 
     </span>
     <span class='ocr_line' id='line_1_78' title="bbox 1125 946 1434 977; baseline 0.003 -1"><span class='ocrx_word' id='word_1_564' title='bbox 1125 946 1185 976; x_wconf 87' lang='lat' dir='ltr'>iuri</span> <span class='ocrx_word' id='word_1_565' title='bbox 1210 957 1266 976; x_wconf 86' lang='lat' dir='ltr'>suo</span> <span class='ocrx_word' id='word_1_566' title='bbox 1293 947 1434 977; x_wconf 86' lang='lat' dir='ltr'>decedat.</span> 
     </span>
    </p>

    <p class='ocr_par' dir='ltr' id='par_1_23' title="bbox 1116 989 2089 1707">
     <span class='ocr_line' id='line_1_79' title="bbox 1209 989 2089 1031; baseline 0.007 -13"><span class='ocrx_word' id='word_1_567' title='bbox 1209 989 1237 1019; x_wconf 81' lang='lat'>3.</span> <span class='ocrx_word' id='word_1_568' title='bbox 1268 989 1335 1029; x_wconf 72' lang='lat' dir='ltr'>Eyo</span> <span class='ocrx_word' id='word_1_569' title='bbox 1359 992 1460 1020; x_wconf 68' lang='lat' dir='ltr'>autem</span> <span class='ocrx_word' id='word_1_570' title='bbox 1484 990 1642 1021; x_wconf 72' lang='lat' dir='ltr'>indurabo.</span> <span class='ocrx_word' id='word_1_571' title='bbox 1689 991 1848 1030; x_wconf 78' lang='lat' dir='ltr'>Quoniam</span> <span class='ocrx_word' id='word_1_572' title='bbox 1874 992 2017 1031; x_wconf 82' lang='lat' dir='ltr'>asperior</span> <span class='ocrx_word' id='word_1_573' title='bbox 2040 998 2089 1024; x_wconf 87' lang='lat' dir='ltr'>est</span> 
     </span>
     <span class='ocr_line' id='line_1_80' title="bbox 1124 1031 2087 1075; baseline 0.005 -14"><span class='ocrx_word' id='word_1_574' title='bbox 1124 1031 1274 1071; x_wconf 88' lang='lat' dir='ltr'>loquutio,</span> <span class='ocrx_word' id='word_1_575' title='bbox 1300 1033 1332 1062; x_wconf 92' lang='lat' dir='ltr'>in</span> <span class='ocrx_word' id='word_1_576' title='bbox 1352 1042 1389 1062; x_wconf 86' lang='lat' dir='ltr'>ea</span> <span class='ocrx_word' id='word_1_577' title='bbox 1409 1032 1583 1072; x_wconf 82' lang='lat' dir='ltr'>mitiganda</span> <span class='ocrx_word' id='word_1_578' title='bbox 1603 1034 1746 1064; x_wconf 87' lang='lat' dir='ltr'>laborant</span> <span class='ocrx_word' id='word_1_579' title='bbox 1770 1035 1862 1064; x_wconf 86' lang='lat' dir='ltr'>multi</span> <span class='ocrx_word' id='word_1_580' title='bbox 1882 1036 2087 1075; x_wconf 79' lang='lat' dir='ltr'>interpretes,</span> 
     </span>
     <span class='ocr_line' id='line_1_81' title="bbox 1123 1074 2087 1109; baseline 0.005 -5"><span class='ocrx_word' id='word_1_581' title='bbox 1123 1080 1157 1104; x_wconf 92' lang='lat' dir='ltr'>ut</span> <span class='ocrx_word' id='word_1_582' title='bbox 1180 1080 1255 1105; x_wconf 87' lang='lat' dir='ltr'>ante</span> <span class='ocrx_word' id='word_1_583' title='bbox 1280 1074 1356 1105; x_wconf 78' lang='lat' dir='ltr'>dixi.</span> <span class='ocrx_word' id='word_1_584' title='bbox 1402 1075 1489 1105; x_wconf 88' lang='lat' dir='ltr'>Hinc</span> <span class='ocrx_word' id='word_1_585' title='bbox 1519 1075 1637 1106; x_wconf 87' lang='lat' dir='ltr'>factum</span> <span class='ocrx_word' id='word_1_586' title='bbox 1668 1082 1715 1107; x_wconf 86' lang='lat' dir='ltr'>est</span> <span class='ocrx_word' id='word_1_587' title='bbox 1745 1081 1779 1107; x_wconf 90' lang='lat' dir='ltr'>ut</span> <span class='ocrx_word' id='word_1_588' title='bbox 1805 1077 1859 1106; x_wconf 91' lang='lat' dir='ltr'>alii</span> <span class='ocrx_word' id='word_1_589' title='bbox 1889 1078 2087 1109; x_wconf 89' lang='lat' dir='ltr'>coniunctim</span> 
     </span>
     <span class='ocr_line' id='line_1_82' title="bbox 1123 1116 2086 1162; baseline 0.005 -16"><span class='ocrx_word' id='word_1_590' title='bbox 1123 1117 1280 1157; x_wconf 81' lang='lat' dir='ltr'>legerent:</span> <span class='ocrx_word' id='word_1_591' title='bbox 1312 1116 1476 1148; x_wconf 88' lang='lat' dir='ltr'>Indurabo</span> <span class='ocrx_word' id='word_1_592' title='bbox 1496 1128 1549 1148; x_wconf 88' lang='lat' dir='ltr'>cor</span> <span class='ocrx_word' id='word_1_593' title='bbox 1566 1118 1746 1149; x_wconf 82' lang='lat' dir='ltr'>Pharaonis</span> <span class='ocrx_word' id='word_1_594' title='bbox 1766 1119 2007 1159; x_wconf 87' lang='lat' dir='ltr'>multiplicando</span> <span class='ocrx_word' id='word_1_595' title='bbox 2021 1121 2086 1162; x_wconf 87' lang='lat' dir='ltr'>sig-</span> 
     </span>
     <span class='ocr_line' id='line_1_83' title="bbox 1122 1160 2086 1194; baseline 0.005 -5"><span class='ocrx_word' id='word_1_596' title='bbox 1122 1170 1176 1190; x_wconf 85' lang='lat' dir='ltr'>na:</span> <span class='ocrx_word' id='word_1_597' title='bbox 1208 1170 1244 1191; x_wconf 84' lang='lat' dir='ltr'>ac</span> <span class='ocrx_word' id='word_1_598' title='bbox 1275 1160 1300 1190; x_wconf 87' lang='lat' dir='ltr'>si</span> <span class='ocrx_word' id='word_1_599' title='bbox 1331 1164 1482 1191; x_wconf 79' lang='lat' dir='ltr'>externas</span> <span class='ocrx_word' id='word_1_600' title='bbox 1505 1160 1727 1192; x_wconf 86' lang='lat' dir='ltr'>obstinationis</span> <span class='ocrx_word' id='word_1_601' title='bbox 1747 1172 1859 1193; x_wconf 85' lang='lat' dir='ltr'>causas</span> <span class='ocrx_word' id='word_1_602' title='bbox 1884 1163 1973 1193; x_wconf 88' lang='lat' dir='ltr'>Deus</span> <span class='ocrx_word' id='word_1_603' title='bbox 1998 1167 2086 1194; x_wconf 90' lang='lat' dir='ltr'>nota-</span> 
     </span>
     <span class='ocr_line' id='line_1_84' title="bbox 1122 1202 2084 1245; baseline 0.004 -13"><span class='ocrx_word' id='word_1_604' title='bbox 1122 1207 1178 1233; x_wconf 88' lang='lat' dir='ltr'>ret.</span> <span class='ocrx_word' id='word_1_605' title='bbox 1220 1202 1284 1233; x_wconf 80' lang='lat' dir='ltr'>Sed</span> <span class='ocrx_word' id='word_1_606' title='bbox 1309 1202 1384 1232; x_wconf 88' lang='lat' dir='ltr'>alibi</span> <span class='ocrx_word' id='word_1_607' title='bbox 1403 1203 1467 1233; x_wconf 88' lang='lat' dir='ltr'>iam</span> <span class='ocrx_word' id='word_1_608' title='bbox 1489 1203 1595 1234; x_wconf 88' lang='lat' dir='ltr'>docuit</span> <span class='ocrx_word' id='word_1_609' title='bbox 1614 1204 1728 1241; x_wconf 84' lang='lat' dir='ltr'>Moses,</span> <span class='ocrx_word' id='word_1_610' title='bbox 1753 1215 1788 1235; x_wconf 88' lang='lat' dir='ltr'>ac</span> <span class='ocrx_word' id='word_1_611' title='bbox 1812 1209 1922 1243; x_wconf 87' lang='lat' dir='ltr'>postea</span> <span class='ocrx_word' id='word_1_612' title='bbox 1942 1210 2084 1245; x_wconf 88' lang='lat' dir='ltr'>repetet:</span> 
     </span>
     <span class='ocr_line' id='line_1_85' title="bbox 1121 1245 2085 1285; baseline 0.005 -10"><span class='ocrx_word' id='word_1_613' title='bbox 1121 1245 1192 1275; x_wconf 81' lang='lat' dir='ltr'>aliis</span> <span class='ocrx_word' id='word_1_614' title='bbox 1216 1245 1319 1275; x_wconf 82' lang='lat' dir='ltr'>modis</span> <span class='ocrx_word' id='word_1_615' title='bbox 1341 1256 1435 1285; x_wconf 87' lang='lat' dir='ltr'>quam</span> <span class='ocrx_word' id='word_1_616' title='bbox 1457 1246 1609 1277; x_wconf 87' lang='lat' dir='ltr'>miracula</span> <span class='ocrx_word' id='word_1_617' title='bbox 1629 1246 1750 1277; x_wconf 87' lang='lat' dir='ltr'>edendo</span> <span class='ocrx_word' id='word_1_618' title='bbox 1773 1247 1965 1278; x_wconf 86' lang='lat' dir='ltr'>obduratum</span> <span class='ocrx_word' id='word_1_619' title='bbox 1986 1248 2085 1280; x_wconf 85' lang='lat' dir='ltr'>fuisse</span> 
     </span>
     <span class='ocr_line' id='line_1_86' title="bbox 1120 1288 2082 1331; baseline 0.005 -14"><span class='ocrx_word' id='word_1_620' title='bbox 1120 1298 1138 1317; x_wconf 89' lang='lat' dir='ltr'>a</span> <span class='ocrx_word' id='word_1_621' title='bbox 1164 1289 1231 1318; x_wconf 90' lang='lat' dir='ltr'>Deo</span> <span class='ocrx_word' id='word_1_622' title='bbox 1256 1288 1340 1328; x_wconf 84' lang='lat' dir='ltr'>regis</span> <span class='ocrx_word' id='word_1_623' title='bbox 1364 1289 1518 1319; x_wconf 83' lang='lat' dir='ltr'>animum.</span> <span class='ocrx_word' id='word_1_624' title='bbox 1565 1288 1730 1327; x_wconf 74' lang='lat' dir='ltr'>Quantum</span> <span class='ocrx_word' id='word_1_625' title='bbox 1757 1290 1795 1319; x_wconf 90' lang='lat' dir='ltr'>ad</span> <span class='ocrx_word' id='word_1_626' title='bbox 1822 1290 1919 1320; x_wconf 82' lang='lat' dir='ltr'>verba</span> <span class='ocrx_word' id='word_1_627' title='bbox 1950 1295 2082 1331; x_wconf 82' lang='lat' dir='ltr'>spectat,</span> 
     </span>
     <span class='ocr_line' id='line_1_87' title="bbox 1120 1330 2082 1371; baseline 0.004 -11"><span class='ocrx_word' id='word_1_628' title='bbox 1120 1341 1182 1361; x_wconf 91' lang='lat' dir='ltr'>non</span> <span class='ocrx_word' id='word_1_629' title='bbox 1208 1330 1318 1361; x_wconf 87' lang='lat' dir='ltr'>dubito</span> <span class='ocrx_word' id='word_1_630' title='bbox 1342 1331 1418 1370; x_wconf 88' lang='lat' dir='ltr'>quin</span> <span class='ocrx_word' id='word_1_631' title='bbox 1434 1330 1523 1361; x_wconf 61' lang='lat' dir='ltr'>Deus</span> <span class='ocrx_word' id='word_1_632' title='bbox 1543 1332 1647 1371; x_wconf 84' lang='lat' dir='ltr'>priore</span> <span class='ocrx_word' id='word_1_633' title='bbox 1672 1332 1814 1362; x_wconf 90' lang='lat' dir='ltr'>membro</span> <span class='ocrx_word' id='word_1_634' title='bbox 1834 1342 1966 1363; x_wconf 86' lang='lat' dir='ltr'>servum</span> <span class='ocrx_word' id='word_1_635' title='bbox 1986 1344 2082 1364; x_wconf 88' lang='lat' dir='ltr'>suum</span> 
     </span>
     <span class='ocr_line' id='line_1_88' title="bbox 1120 1373 2082 1416; baseline 0.003 -13"><span class='ocrx_word' id='word_1_636' title='bbox 1120 1379 1224 1403; x_wconf 89' lang='lat' dir='ltr'>armet</span> <span class='ocrx_word' id='word_1_637' title='bbox 1247 1373 1285 1403; x_wconf 87' lang='lat' dir='ltr'>ad</span> <span class='ocrx_word' id='word_1_638' title='bbox 1310 1374 1533 1409; x_wconf 81' lang='lat' dir='ltr'>constantiam,</span> <span class='ocrx_word' id='word_1_639' title='bbox 1558 1384 1620 1413; x_wconf 88' lang='lat' dir='ltr'>qua</span> <span class='ocrx_word' id='word_1_640' title='bbox 1644 1374 1768 1404; x_wconf 84' lang='lat' dir='ltr'>fortiter</span> <span class='ocrx_word' id='word_1_641' title='bbox 1791 1376 1921 1405; x_wconf 84' lang='lat' dir='ltr'>resistat</span> <span class='ocrx_word' id='word_1_642' title='bbox 1949 1377 2082 1416; x_wconf 79' lang='lat' dir='ltr'>tyranni</span> 
     </span>
     <span class='ocr_line' id='line_1_89' title="bbox 1119 1415 2081 1457; baseline 0.004 -11"><span class='ocrx_word' id='word_1_643' title='bbox 1119 1417 1348 1451; x_wconf 80' lang='lat' dir='ltr'>contumaciae,</span> <span class='ocrx_word' id='word_1_644' title='bbox 1373 1415 1488 1446; x_wconf 88' lang='lat' dir='ltr'>deinde</span> <span class='ocrx_word' id='word_1_645' title='bbox 1504 1416 1679 1447; x_wconf 86' lang='lat' dir='ltr'>remedium</span> <span class='ocrx_word' id='word_1_646' title='bbox 1704 1417 1762 1447; x_wconf 90' lang='lat' dir='ltr'>sibi</span> <span class='ocrx_word' id='word_1_647' title='bbox 1786 1418 1817 1447; x_wconf 94' lang='lat' dir='ltr'>in</span> <span class='ocrx_word' id='word_1_648' title='bbox 1842 1424 1992 1457; x_wconf 87' lang='lat' dir='ltr'>promptu</span> <span class='ocrx_word' id='word_1_649' title='bbox 2012 1429 2081 1450; x_wconf 84' lang='lat' dir='ltr'>esse</span> 
     </span>
     <span class='ocr_line' id='line_1_90' title="bbox 1119 1458 2081 1499; baseline 0.003 -10"><span class='ocrx_word' id='word_1_650' title='bbox 1119 1459 1300 1489; x_wconf 89' lang='lat' dir='ltr'>admoneat.</span> <span class='ocrx_word' id='word_1_651' title='bbox 1347 1458 1401 1489; x_wconf 81' lang='lat' dir='ltr'>Sic</span> <span class='ocrx_word' id='word_1_652' title='bbox 1432 1459 1531 1499; x_wconf 81' lang='lat' dir='ltr'>igitur</span> <span class='ocrx_word' id='word_1_653' title='bbox 1560 1459 1747 1489; x_wconf 85' lang='lat' dir='ltr'>vertendum</span> <span class='ocrx_word' id='word_1_654' title='bbox 1779 1459 1866 1490; x_wconf 92' lang='lat' dir='ltr'>hunc</span> <span class='ocrx_word' id='word_1_655' title='bbox 1897 1460 2000 1492; x_wconf 86' lang='lat' dir='ltr'>locum</span> <span class='ocrx_word' id='word_1_656' title='bbox 2025 1472 2081 1492; x_wconf 88' lang='lat' dir='ltr'>ex-</span> 
     </span>
     <span class='ocr_line' id='line_1_91' title="bbox 1118 1501 2080 1542; baseline 0.004 -11"><span class='ocrx_word' id='word_1_657' title='bbox 1118 1502 1240 1532; x_wconf 85' lang='lat' dir='ltr'>istimo:</span> <span class='ocrx_word' id='word_1_658' title='bbox 1272 1502 1340 1542; x_wconf 82' lang='lat' dir='ltr'>Ego</span> <span class='ocrx_word' id='word_1_659' title='bbox 1369 1501 1496 1541; x_wconf 85' lang='lat' dir='ltr'>quidem</span> <span class='ocrx_word' id='word_1_660' title='bbox 1530 1501 1684 1532; x_wconf 89' lang='lat' dir='ltr'>indurabo</span> <span class='ocrx_word' id='word_1_661' title='bbox 1718 1512 1771 1533; x_wconf 88' lang='lat' dir='ltr'>cor</span> <span class='ocrx_word' id='word_1_662' title='bbox 1794 1502 1994 1542; x_wconf 83' lang='lat' dir='ltr'>Pharaonis,</span> <span class='ocrx_word' id='word_1_663' title='bbox 2024 1505 2080 1535; x_wconf 90' lang='lat' dir='ltr'>sed</span> 
     </span>
     <span class='ocr_line' id='line_1_92' title="bbox 1117 1544 2080 1584; baseline 0.003 -10"><span class='ocrx_word' id='word_1_664' title='bbox 1117 1544 1340 1584; x_wconf 84' lang='lat' dir='ltr'>multiplicabo</span> <span class='ocrx_word' id='word_1_665' title='bbox 1364 1545 1471 1584; x_wconf 83' lang='lat' dir='ltr'>signa:</span> <span class='ocrx_word' id='word_1_666' title='bbox 1497 1545 1586 1583; x_wconf 87' lang='lat' dir='ltr'>quasi</span> <span class='ocrx_word' id='word_1_667' title='bbox 1611 1544 1731 1575; x_wconf 84' lang='lat' dir='ltr'>diceret</span> <span class='ocrx_word' id='word_1_668' title='bbox 1754 1544 1917 1576; x_wconf 87' lang='lat' dir='ltr'>obstaculo</span> <span class='ocrx_word' id='word_1_669' title='bbox 1936 1546 1995 1576; x_wconf 92' lang='lat' dir='ltr'>sibi</span> <span class='ocrx_word' id='word_1_670' title='bbox 2016 1557 2080 1577; x_wconf 89' lang='lat' dir='ltr'>non</span> 
     </span>
     <span class='ocr_line' id='line_1_93' title="bbox 1117 1586 2080 1627; baseline 0.002 -10"><span class='ocrx_word' id='word_1_671' title='bbox 1117 1587 1183 1618; x_wconf 87' lang='lat' dir='ltr'>fore</span> <span class='ocrx_word' id='word_1_672' title='bbox 1206 1586 1357 1617; x_wconf 88' lang='lat' dir='ltr'>duritiem</span> <span class='ocrx_word' id='word_1_673' title='bbox 1381 1587 1482 1623; x_wconf 85' lang='lat' dir='ltr'>illam,</span> <span class='ocrx_word' id='word_1_674' title='bbox 1507 1587 1556 1618; x_wconf 91' lang='lat' dir='ltr'>cui</span> <span class='ocrx_word' id='word_1_675' title='bbox 1581 1586 1775 1627; x_wconf 80' lang='lat' dir='ltr'>frangendae</span> <span class='ocrx_word' id='word_1_676' title='bbox 1798 1588 1959 1618; x_wconf 84' lang='lat' dir='ltr'>sufficient</span> <span class='ocrx_word' id='word_1_677' title='bbox 1982 1589 2080 1620; x_wconf 86' lang='lat' dir='ltr'>mira-</span> 
     </span>
     <span class='ocr_line' id='line_1_94' title="bbox 1116 1629 2079 1669; baseline 0.003 -10"><span class='ocrx_word' id='word_1_678' title='bbox 1116 1629 1197 1660; x_wconf 86' lang='lat' dir='ltr'>cula.</span> <span class='ocrx_word' id='word_1_679' title='bbox 1243 1630 1366 1660; x_wconf 89' lang='lat' dir='ltr'>Eodem</span> <span class='ocrx_word' id='word_1_680' title='bbox 1386 1640 1480 1660; x_wconf 87' lang='lat' dir='ltr'>sensu</span> <span class='ocrx_word' id='word_1_681' title='bbox 1506 1630 1655 1660; x_wconf 88' lang='lat' dir='ltr'>continuo</span> <span class='ocrx_word' id='word_1_682' title='bbox 1679 1635 1749 1669; x_wconf 86' lang='lat' dir='ltr'>post</span> <span class='ocrx_word' id='word_1_683' title='bbox 1776 1630 1878 1660; x_wconf 84' lang='lat' dir='ltr'>addit:</span> <span class='ocrx_word' id='word_1_684' title='bbox 1921 1629 2079 1669; x_wconf 79' lang='lat' dir='ltr'>Quamvis</span> 
     </span>
     <span class='ocr_line' id='line_1_95' title="bbox 1117 1672 2078 1707; baseline 0.003 -5"><span class='ocrx_word' id='word_1_685' title='bbox 1117 1682 1180 1702; x_wconf 91' lang='lat' dir='ltr'>non</span> <span class='ocrx_word' id='word_1_686' title='bbox 1207 1672 1317 1703; x_wconf 85' lang='lat' dir='ltr'>audiat</span> <span class='ocrx_word' id='word_1_687' title='bbox 1340 1683 1396 1703; x_wconf 86' lang='lat' dir='ltr'>vos</span> <span class='ocrx_word' id='word_1_688' title='bbox 1426 1672 1567 1707; x_wconf 79' lang='lat' dir='ltr'>Pharao,</span> <span class='ocrx_word' id='word_1_689' title='bbox 1602 1672 1772 1702; x_wconf 83' lang='lat' dir='ltr'>extendam</span> <span class='ocrx_word' id='word_1_690' title='bbox 1809 1677 1916 1703; x_wconf 87' lang='lat' dir='ltr'>tamen</span> <span class='ocrx_word' id='word_1_691' title='bbox 1947 1684 2078 1705; x_wconf 81' lang='lat' dir='ltr'>manum</span> 
     </span>
    </p>
   </div>
   <div class='ocr_carea' id='block_1_23' title="bbox 1088 1714 2078 1756">
    <p class='ocr_par' dir='ltr' id='par_1_24' title="bbox 1088 1714 2078 1756">
     <span class='ocr_line' id='line_1_96' title="bbox 1088 1714 2078 1756; baseline 0.002 -11"><span class='ocrx_word' id='word_1_692' title='bbox 1088 1745 1089 1751; x_wconf 60' lang='grc'>,</span> <span class='ocrx_word' id='word_1_693' title='bbox 1116 1725 1230 1745; x_wconf 87' lang='lat' dir='ltr'>meam.</span> <span class='ocrx_word' id='word_1_694' title='bbox 1277 1716 1331 1746; x_wconf 67' lang='lat' dir='ltr'>Sic</span> <span class='ocrx_word' id='word_1_695' title='bbox 1356 1715 1439 1745; x_wconf 84' lang='lat' dir='ltr'>enim</span> <span class='ocrx_word' id='word_1_696' title='bbox 1465 1715 1596 1755; x_wconf 88' lang='lat' dir='ltr'>copulae</span> <span class='ocrx_word' id='word_1_697' title='bbox 1619 1714 1703 1755; x_wconf 87' lang='lat' dir='ltr'>(meo</span> <span class='ocrx_word' id='word_1_698' title='bbox 1726 1714 1856 1756; x_wconf 90' lang='lat' dir='ltr'>iudicio)</span> <span class='ocrx_word' id='word_1_699' title='bbox 1875 1716 1906 1745; x_wconf 91' lang='lat' dir='ltr'>in</span> <span class='ocrx_word' id='word_1_700' title='bbox 1927 1715 2078 1747; x_wconf 85' lang='lat' dir='ltr'>adversa-</span> 
     </span>
    </p>
   </div>
   <div class='ocr_carea' id='block_1_24' title="bbox 1112 1757 2077 2096">
    <p class='ocr_par' dir='ltr' id='par_1_25' title="bbox 1112 1757 2077 2096">
     <span class='ocr_line' id='line_1_97' title="bbox 1116 1757 2077 1796; baseline 0.003 -9"><span class='ocrx_word' id='word_1_701' title='bbox 1116 1759 1198 1788; x_wconf 78' lang='lat' dir='ltr'>tivas</span> <span class='ocrx_word' id='word_1_702' title='bbox 1222 1758 1339 1788; x_wconf 82' lang='lat' dir='ltr'>resolvi</span> <span class='ocrx_word' id='word_1_703' title='bbox 1365 1757 1491 1789; x_wconf 83' lang='lat' dir='ltr'>debent.</span> <span class='ocrx_word' id='word_1_704' title='bbox 1538 1757 1630 1796; x_wconf 78' lang='lat' dir='ltr'>Quod</span> <span class='ocrx_word' id='word_1_705' title='bbox 1650 1757 1701 1787; x_wconf 88' lang='lat' dir='ltr'>alii</span> <span class='ocrx_word' id='word_1_706' title='bbox 1726 1762 1871 1788; x_wconf 89' lang='lat' dir='ltr'>vertunt:</span> <span class='ocrx_word' id='word_1_707' title='bbox 1911 1757 2077 1790; x_wconf 81' lang='lat' dir='ltr'>Indurabo</span> 
     </span>
     <span class='ocr_line' id='line_1_98' title="bbox 1115 1800 2076 1839; baseline 0.001 -8"><span class='ocrx_word' id='word_1_708' title='bbox 1115 1810 1169 1831; x_wconf 89' lang='lat' dir='ltr'>cor</span> <span class='ocrx_word' id='word_1_709' title='bbox 1194 1800 1372 1831; x_wconf 86' lang='lat' dir='ltr'>Pharaonis</span> <span class='ocrx_word' id='word_1_710' title='bbox 1396 1805 1431 1831; x_wconf 91' lang='lat' dir='ltr'>ut</span> <span class='ocrx_word' id='word_1_711' title='bbox 1454 1800 1664 1839; x_wconf 87' lang='lat' dir='ltr'>multiplicem</span> <span class='ocrx_word' id='word_1_712' title='bbox 1689 1801 1794 1839; x_wconf 76' lang='lat' dir='ltr'>signa:</span> <span class='ocrx_word' id='word_1_713' title='bbox 1822 1801 1907 1838; x_wconf 73' lang='lat' dir='ltr'>item⁷</span> <span class='ocrx_word' id='word_1_714' title='bbox 1931 1811 1994 1831; x_wconf 88' lang='lat' dir='ltr'>non</span> <span class='ocrx_word' id='word_1_715' title='bbox 2019 1811 2076 1832; x_wconf 88' lang='lat' dir='ltr'>au-</span> 
     </span>
     <span class='ocr_line' id='line_1_99' title="bbox 1115 1842 2075 1882; baseline 0.003 -10"><span class='ocrx_word' id='word_1_716' title='bbox 1115 1842 1180 1873; x_wconf 89' lang='lat' dir='ltr'>diet</span> <span class='ocrx_word' id='word_1_717' title='bbox 1204 1854 1262 1874; x_wconf 92' lang='lat' dir='ltr'>vos</span> <span class='ocrx_word' id='word_1_718' title='bbox 1286 1849 1323 1873; x_wconf 91' lang='lat' dir='ltr'>ut</span> <span class='ocrx_word' id='word_1_719' title='bbox 1346 1843 1516 1873; x_wconf 80' lang='lat' dir='ltr'>extendam</span> <span class='ocrx_word' id='word_1_720' title='bbox 1541 1854 1671 1873; x_wconf 89' lang='lat' dir='ltr'>manum</span> <span class='ocrx_word' id='word_1_721' title='bbox 1697 1853 1816 1880; x_wconf 86' lang='lat' dir='ltr'>meam,</span> <span class='ocrx_word' id='word_1_722' title='bbox 1847 1853 1908 1873; x_wconf 89' lang='lat' dir='ltr'>non</span> <span class='ocrx_word' id='word_1_723' title='bbox 1944 1854 2075 1882; x_wconf 87' lang='lat' dir='ltr'>prorsus</span> 
     </span>
     <span class='ocr_line' id='line_1_100' title="bbox 1114 1884 2075 1917; baseline 0.002 -2"><span class='ocrx_word' id='word_1_724' title='bbox 1114 1886 1230 1917; x_wconf 87' lang='lat' dir='ltr'>reiicio.</span> <span class='ocrx_word' id='word_1_725' title='bbox 1265 1886 1309 1916; x_wconf 91' lang='lat' dir='ltr'>Et</span> <span class='ocrx_word' id='word_1_726' title='bbox 1328 1891 1413 1917; x_wconf 89' lang='lat' dir='ltr'>certe</span> <span class='ocrx_word' id='word_1_727' title='bbox 1435 1886 1467 1916; x_wconf 92' lang='lat' dir='ltr'>in</span> <span class='ocrx_word' id='word_1_728' title='bbox 1494 1886 1578 1916; x_wconf 88' lang='lat' dir='ltr'>hunc</span> <span class='ocrx_word' id='word_1_729' title='bbox 1599 1886 1692 1915; x_wconf 84' lang='lat' dir='ltr'>finem</span> <span class='ocrx_word' id='word_1_730' title='bbox 1714 1885 1817 1915; x_wconf 87' lang='lat' dir='ltr'>voluit</span> <span class='ocrx_word' id='word_1_731' title='bbox 1830 1884 1919 1915; x_wconf 88' lang='lat' dir='ltr'>Deus</span> <span class='ocrx_word' id='word_1_732' title='bbox 1934 1885 2075 1917; x_wconf 88' lang='lat' dir='ltr'>Pharao-</span> 
     </span>
     <span class='ocr_line' id='line_1_101' title="bbox 1114 1927 2075 1968; baseline 0.002 -10"><span class='ocrx_word' id='word_1_733' title='bbox 1114 1939 1186 1959; x_wconf 82' lang='lat' dir='ltr'>nem</span> <span class='ocrx_word' id='word_1_734' title='bbox 1212 1929 1420 1968; x_wconf 87' lang='lat' dir='ltr'>pertinaciter</span> <span class='ocrx_word' id='word_1_735' title='bbox 1444 1929 1526 1959; x_wconf 80' lang='lat' dir='ltr'>Mosi</span> <span class='ocrx_word' id='word_1_736' title='bbox 1550 1929 1707 1965; x_wconf 76' lang='lat' dir='ltr'>resistere,</span> <span class='ocrx_word' id='word_1_737' title='bbox 1732 1938 1793 1966; x_wconf 86' lang='lat' dir='ltr'>quo</span> <span class='ocrx_word' id='word_1_738' title='bbox 1812 1927 1970 1958; x_wconf 88' lang='lat' dir='ltr'>illustrior</span> <span class='ocrx_word' id='word_1_739' title='bbox 1990 1934 2075 1960; x_wconf 83' lang='lat' dir='ltr'>esset</span> 
     </span>
     <span class='ocr_line' id='line_1_102' title="bbox 1113 1970 2072 2011; baseline 0.001 -10"><span class='ocrx_word' id='word_1_740' title='bbox 1113 1971 1219 2011; x_wconf 88' lang='lat' dir='ltr'>populi</span> <span class='ocrx_word' id='word_1_741' title='bbox 1256 1971 1440 2011; x_wconf 80' lang='lat' dir='ltr'>redemptio.</span> <span class='ocrx_word' id='word_1_742' title='bbox 1497 1970 1664 2010; x_wconf 81' lang='lat' dir='ltr'>Quomodo</span> <span class='ocrx_word' id='word_1_743' title='bbox 1699 1975 1803 2000; x_wconf 87' lang='lat' dir='ltr'>autem</span> <span class='ocrx_word' id='word_1_744' title='bbox 1841 1970 1929 2000; x_wconf 91' lang='lat' dir='ltr'>Deus</span> <span class='ocrx_word' id='word_1_745' title='bbox 1963 1981 2072 2011; x_wconf 85' lang='lat' dir='ltr'>repro-</span> 
     </span>
     <span class='ocr_line' id='line_1_103' title="bbox 1113 2012 2071 2053; baseline 0.002 -10"><span class='ocrx_word' id='word_1_746' title='bbox 1113 2015 1169 2044; x_wconf 82' lang='lat' dir='ltr'>bos</span> <span class='ocrx_word' id='word_1_747' title='bbox 1194 2014 1343 2051; x_wconf 78' lang='lat' dir='ltr'>obduret,</span> <span class='ocrx_word' id='word_1_748' title='bbox 1374 2024 1439 2044; x_wconf 89' lang='lat' dir='ltr'>non</span> <span class='ocrx_word' id='word_1_749' title='bbox 1468 2020 1515 2043; x_wconf 83' lang='lat' dir='ltr'>est</span> <span class='ocrx_word' id='word_1_750' title='bbox 1541 2024 1666 2043; x_wconf 68' lang='lat' dir='ltr'>necesse</span> <span class='ocrx_word' id='word_1_751' title='bbox 1690 2013 1791 2042; x_wconf 81' lang='lat' dir='ltr'>fusius</span> <span class='ocrx_word' id='word_1_752' title='bbox 1815 2012 1971 2043; x_wconf 86' lang='lat' dir='ltr'>disserere</span> <span class='ocrx_word' id='word_1_753' title='bbox 1994 2025 2071 2053; x_wconf 86' lang='lat' dir='ltr'>quo—</span> 
     </span>
     <span class='ocr_line' id='line_1_104' title="bbox 1112 2055 2071 2096; baseline 0 -9"><span class='ocrx_word' id='word_1_754' title='bbox 1112 2057 1169 2087; x_wconf 84' lang='lat' dir='ltr'>tics</span> <span class='ocrx_word' id='word_1_755' title='bbox 1198 2057 1337 2087; x_wconf 89' lang='lat' dir='ltr'>occurrit</span> <span class='ocrx_word' id='word_1_756' title='bbox 1367 2057 1445 2087; x_wconf 88' lang='lat' dir='ltr'>haec</span> <span class='ocrx_word' id='word_1_757' title='bbox 1480 2057 1631 2095; x_wconf 88' lang='lat' dir='ltr'>loquutio.</span> <span class='ocrx_word' id='word_1_758' title='bbox 1685 2055 1873 2085; x_wconf 81' lang='lat' dir='ltr'>Tenendum</span> <span class='ocrx_word' id='word_1_759' title='bbox 1905 2060 1952 2086; x_wconf 86' lang='lat' dir='ltr'>est</span> <span class='ocrx_word' id='word_1_760' title='bbox 1987 2057 2071 2096; x_wconf 88' lang='lat' dir='ltr'>quod</span> 
     </span>
    </p>
   </div>
   <div class='ocr_carea' id='block_1_25' title="bbox 1109 2140 2071 2223">
    <p class='ocr_par' dir='ltr' id='par_1_26' title="bbox 1109 2140 2071 2223">
     <span class='ocr_line' id='line_1_105' title="bbox 1110 2140 2071 2182; baseline 0 -10"><span class='ocrx_word' id='word_1_761' title='bbox 1110 2142 1180 2172; x_wconf 86' lang='lat' dir='ltr'>dam</span> <span class='ocrx_word' id='word_1_762' title='bbox 1206 2143 1448 2182; x_wconf 84' lang='lat' dir='ltr'>permissionem</span> <span class='ocrx_word' id='word_1_763' title='bbox 1474 2141 1532 2171; x_wconf 76' lang='lat' dir='ltr'>hoc·</span> <span class='ocrx_word' id='word_1_764' title='bbox 1556 2141 1720 2171; x_wconf 84' lang='lat' dir='ltr'>reiiciunt:</span> <span class='ocrx_word' id='word_1_765' title='bbox 1745 2140 1819 2180; x_wconf 85' lang='lat' dir='ltr'>quia</span> <span class='ocrx_word' id='word_1_766' title='bbox 1832 2141 1857 2169; x_wconf 89' lang='lat' dir='ltr'>si</span> <span class='ocrx_word' id='word_1_767' title='bbox 1872 2140 1959 2171; x_wconf 88' lang='lat' dir='ltr'>Deus</span> <span class='ocrx_word' id='word_1_768' title='bbox 1984 2152 2071 2172; x_wconf 88' lang='lat' dir='ltr'>men-</span> 
     </span>
     <span class='ocr_line' id='line_1_106' title="bbox 1109 2183 2068 2223; baseline 0.001 -9"><span class='ocrx_word' id='word_1_769' title='bbox 1109 2189 1157 2215; x_wconf 90' lang='lat' dir='ltr'>tes</span> <span class='ocrx_word' id='word_1_770' title='bbox 1180 2185 1391 2216; x_wconf 82' lang='lat' dir='ltr'>cxcaecando.</span> <span class='ocrx_word' id='word_1_771' title='bbox 1419 2185 1463 2213; x_wconf 44' lang='lat' dir='ltr'>wi</span> <span class='ocrx_word' id='word_1_772' title='bbox 1490 2184 1584 2214; x_wconf 70' lang='lat' dir='ltr'>eorda</span> <span class='ocrx_word' id='word_1_773' title='bbox 1607 2183 1801 2219; x_wconf 83' lang='lat' dir='ltr'>obdurando,</span> <span class='ocrx_word' id='word_1_774' title='bbox 1836 2183 1936 2213; x_wconf 80' lang='lat' dir='ltr'>instas</span> <span class='ocrx_word' id='word_1_775' title='bbox 1961 2194 2068 2223; x_wconf 87' lang='lat' dir='ltr'>repro-</span> 
     </span>
    </p>
   </div>
   <div class='ocr_carea' id='block_1_26' title="bbox 1080 2222 2068 2267">
    <p class='ocr_par' dir='ltr' id='par_1_27' title="bbox 1080 2222 2068 2267">
     <span class='ocr_line' id='line_1_107' title="bbox 1080 2222 2068 2267; baseline 0 -10"><span class='ocrx_word' id='word_1_776' title='bbox 1080 2222 1083 2248; x_wconf 61' lang='lat'>5</span> <span class='ocrx_word' id='word_1_777' title='bbox 1108 2227 1156 2257; x_wconf 87' lang='lat' dir='ltr'>bis</span> <span class='ocrx_word' id='word_1_778' title='bbox 1182 2238 1300 2267; x_wconf 77' lang='lat' dir='ltr'>poenas</span> <span class='ocrx_word' id='word_1_779' title='bbox 1324 2228 1451 2267; x_wconf 76' lang='lat' dir='ltr'>infligit.</span> <span class='ocrx_word' id='word_1_780' title='bbox 1476 2238 1537 2257; x_wconf 90' lang='lat' dir='ltr'>non</span> <span class='ocrx_word' id='word_1_781' title='bbox 1562 2232 1687 2256; x_wconf 83' lang='lat' dir='ltr'>tantum</span> <span class='ocrx_word' id='word_1_782' title='bbox 1714 2226 1832 2264; x_wconf 90' lang='lat' dir='ltr'>patitur</span> <span class='ocrx_word' id='word_1_783' title='bbox 1852 2225 1998 2256; x_wconf 90' lang='lat' dir='ltr'>homines</span> <span class='ocrx_word' id='word_1_784' title='bbox 2022 2228 2068 2257; x_wconf 84' lang='lat' dir='ltr'>fa—</span> 
     </span>
    </p>
   </div>
   <div class='ocr_carea' id='block_1_27' title="bbox 1107 2268 2066 2394">
    <p class='ocr_par' dir='ltr' id='par_1_28' title="bbox 1107 2268 2066 2394">
     <span class='ocr_line' id='line_1_108' title="bbox 1107 2268 2066 2310; baseline -0.002 -9"><span class='ocrx_word' id='word_1_785' title='bbox 1107 2281 1178 2301; x_wconf 86' lang='lat' dir='ltr'>cere</span> <span class='ocrx_word' id='word_1_786' title='bbox 1202 2270 1283 2310; x_wconf 87' lang='lat' dir='ltr'>quod</span> <span class='ocrx_word' id='word_1_787' title='bbox 1308 2271 1384 2310; x_wconf 82' lang='lat' dir='ltr'>ipsis</span> <span class='ocrx_word' id='word_1_788' title='bbox 1407 2269 1533 2299; x_wconf 79' lang='lat' dir='ltr'>libitum</span> <span class='ocrx_word' id='word_1_789' title='bbox 1558 2274 1620 2303; x_wconf 81' lang='lat' dir='ltr'>est,</span> <span class='ocrx_word' id='word_1_790' title='bbox 1645 2268 1699 2298; x_wconf 91' lang='lat' dir='ltr'>scd</span> <span class='ocrx_word' id='word_1_791' title='bbox 1719 2268 1869 2298; x_wconf 91' lang='lat' dir='ltr'>iudicium</span> <span class='ocrx_word' id='word_1_792' title='bbox 1895 2268 1976 2306; x_wconf 89' lang='lat' dir='ltr'>quod</span> <span class='ocrx_word' id='word_1_793' title='bbox 1999 2279 2066 2300; x_wconf 89' lang='lat' dir='ltr'>rec-</span> 
     </span>
     <span class='ocr_line' id='line_1_109' title="bbox 1107 2310 2065 2351; baseline -0.001 -8"><span class='ocrx_word' id='word_1_794' title='bbox 1107 2317 1175 2343; x_wconf 90' lang='lat' dir='ltr'>tum</span> <span class='ocrx_word' id='word_1_795' title='bbox 1200 2324 1268 2344; x_wconf 85' lang='lat' dir='ltr'>esse</span> <span class='ocrx_word' id='word_1_796' title='bbox 1294 2314 1382 2343; x_wconf 89' lang='lat' dir='ltr'>novit</span> <span class='ocrx_word' id='word_1_797' title='bbox 1406 2324 1439 2342; x_wconf 91' lang='lat' dir='ltr'>rc</span> <span class='ocrx_word' id='word_1_798' title='bbox 1463 2313 1530 2351; x_wconf 87' lang='lat' dir='ltr'>ipsa</span> <span class='ocrx_word' id='word_1_799' title='bbox 1549 2316 1685 2341; x_wconf 83' lang='lat' dir='ltr'>exercet.</span> <span class='ocrx_word' id='word_1_800' title='bbox 1731 2310 1823 2341; x_wconf 91' lang='lat' dir='ltr'>Unde</span> <span class='ocrx_word' id='word_1_801' title='bbox 1844 2311 1938 2340; x_wconf 86' lang='lat' dir='ltr'>etiam</span> <span class='ocrx_word' id='word_1_802' title='bbox 1960 2312 2065 2350; x_wconf 86' lang='lat' dir='ltr'>scqui-</span> 
     </span>
     <span class='ocr_line' id='line_1_110' title="bbox 1107 2352 2064 2394; baseline 0 -9"><span class='ocrx_word' id='word_1_803' title='bbox 1107 2361 1168 2393; x_wconf 86' lang='lat' dir='ltr'>tur,</span> <span class='ocrx_word' id='word_1_804' title='bbox 1192 2366 1255 2386; x_wconf 88' lang='lat' dir='ltr'>non</span> <span class='ocrx_word' id='word_1_805' title='bbox 1281 2355 1374 2386; x_wconf 87' lang='lat' dir='ltr'>modo</span> <span class='ocrx_word' id='word_1_806' title='bbox 1398 2355 1533 2394; x_wconf 80' lang='lat' dir='ltr'>gratiam</span> <span class='ocrx_word' id='word_1_807' title='bbox 1559 2355 1688 2393; x_wconf 88' lang='lat' dir='ltr'>spiritns</span> <span class='ocrx_word' id='word_1_808' title='bbox 1714 2354 1760 2383; x_wconf 83' lang='lat' dir='ltr'>sui</span> <span class='ocrx_word' id='word_1_809' title='bbox 1785 2363 1858 2382; x_wconf 87' lang='lat' dir='ltr'>eum</span> <span class='ocrx_word' id='word_1_810' title='bbox 1878 2352 2064 2393; x_wconf 84' lang='lat' dir='ltr'>subducere,</span> 
     </span>
    </p>
   </div>
   <div class='ocr_carea' id='block_1_28' title="bbox 1105 2395 2065 2470">
    <p class='ocr_par' dir='ltr' id='par_1_29' title="bbox 1105 2395 2065 2470">
     <span class='ocr_line' id='line_1_111' title="bbox 1105 2395 2065 2467; baseline -0.004 -38"><span class='ocrx_word' id='word_1_811' title='bbox 1105 2398 1160 2429; x_wconf 84' lang='lat' dir='ltr'>sed</span> <span class='ocrx_word' id='word_1_812' title='bbox 1186 2399 1326 2429; x_wconf 67' lang='lat' dir='ltr'>Satanae</span> <span class='ocrx_word' id='word_1_813' title='bbox 1349 2398 1496 2428; x_wconf 87' lang='lat' dir='ltr'>addicere</span> <span class='ocrx_word' id='word_1_814' title='bbox 1520 2408 1597 2436; x_wconf 77' lang='lat' dir='ltr'>quos</span> <span class='ocrx_word' id='word_1_815' title='bbox 1620 2395 1771 2426; x_wconf 80' lang='lat' dir='ltr'>caecitate</span> <span class='ocrx_word' id='word_1_816' title='bbox 1795 2395 1911 2467; x_wconf 51' lang='lat' dir='ltr'>meritis</span> <span class='ocrx_word' id='word_1_817' title='bbox 1942 2400 1973 2425; x_wconf 90' lang='lat' dir='ltr'>et</span> <span class='ocrx_word' id='word_1_818' title='bbox 1996 2406 2065 2427; x_wconf 88' lang='lat' dir='ltr'>cor-</span> 
     </span>
     <span class='ocr_line' id='line_1_112' title="bbox 1872 2440 2064 2470; baseline 0.021 -4"><span class='ocrx_word' id='word_1_819' title='bbox 1872 2443 1983 2468; x_wconf 87' lang='lat' dir='ltr'>nterea</span> <span class='ocrx_word' id='word_1_820' title='bbox 2018 2440 2064 2470; x_wconf 84' lang='lat' dir='ltr'>fa—</span> 
     </span>
    </p>
   </div>
   <div class='ocr_carea' id='block_1_29' title="bbox 1104 2523 2064 2566">
    <p class='ocr_par' dir='ltr' id='par_1_30' title="bbox 1104 2523 2064 2566">
     <span class='ocr_line' id='line_1_113' title="bbox 1104 2523 2064 2566; baseline -0.002 -10"><span class='ocrx_word' id='word_1_821' title='bbox 1104 2526 1172 2561; x_wconf 81' lang='lat' dir='ltr'>bus,</span> <span class='ocrx_word' id='word_1_822' title='bbox 1196 2527 1251 2566; x_wconf 92' lang='lat' dir='ltr'>qui</span> <span class='ocrx_word' id='word_1_823' title='bbox 1271 2530 1385 2565; x_wconf 90' lang='lat' dir='ltr'>sponte</span> <span class='ocrx_word' id='word_1_824' title='bbox 1408 2526 1603 2560; x_wconf 87' lang='lat' dir='ltr'>caecutiunt,</span> <span class='ocrx_word' id='word_1_825' title='bbox 1637 2529 1668 2553; x_wconf 88' lang='lat' dir='ltr'>et</span> <span class='ocrx_word' id='word_1_826' title='bbox 1691 2529 1804 2562; x_wconf 88' lang='lat' dir='ltr'>sponte</span> <span class='ocrx_word' id='word_1_827' title='bbox 1828 2532 1927 2561; x_wconf 89' lang='lat' dir='ltr'>usque</span> <span class='ocrx_word' id='word_1_828' title='bbox 1950 2523 1989 2553; x_wconf 88' lang='lat' dir='ltr'>ad</span> <span class='ocrx_word' id='word_1_829' title='bbox 2013 2524 2064 2554; x_wconf 85' lang='lat' dir='ltr'>in-</span> 
     </span>
    </p>
   </div>
   <div class='ocr_carea' id='block_1_30' title="bbox 1103 2607 2063 2682">
    <p class='ocr_par' dir='ltr' id='par_1_31' title="bbox 1103 2607 2063 2682">
     <span class='ocr_line' id='line_1_114' title="bbox 1103 2607 2063 2652; baseline -0.002 -10"><span class='ocrx_word' id='word_1_830' title='bbox 1103 2611 1207 2652; x_wconf 91' lang='lat' dir='ltr'>putidi</span> <span class='ocrx_word' id='word_1_831' title='bbox 1217 2612 1282 2642; x_wconf 88' lang='lat' dir='ltr'>sint</span> <span class='ocrx_word' id='word_1_832' title='bbox 1291 2611 1536 2641; x_wconf 82' lang='lat' dir='ltr'>calumniatores</span> <span class='ocrx_word' id='word_1_833' title='bbox 1549 2610 1601 2648; x_wconf 88' lang='lat' dir='ltr'>qui</span> <span class='ocrx_word' id='word_1_834' title='bbox 1615 2607 1756 2638; x_wconf 85' lang='lat' dir='ltr'>invidiae</span> <span class='ocrx_word' id='word_1_835' title='bbox 1769 2607 1956 2638; x_wconf 86' lang='lat' dir='ltr'>conflandae</span> <span class='ocrx_word' id='word_1_836' title='bbox 1965 2617 2063 2640; x_wconf 84' lang='lat' dir='ltr'>eausa.</span> 
     </span>
     <span class='ocr_line' id='line_1_115' title="bbox 1874 2656 1908 2682; baseline 0 -12"><span class='ocrx_word' id='word_1_837' title='bbox 1874 2656 1908 2682; x_wconf 56' lang='lat'>6*</span> 
     </span>
    </p>
   </div>
  </div>
 </body>
</html>
