2304 3034
129 186 189 217 145

126 278 375 319 amplexandam
397 277 650 318 promissionem,
670 276 760 316 qnasi
780 275 943 316 sponsoris
956 275 1091 315 suscipit

125 331 296 362 personam
316 326 348 351 et
367 331 492 351 munus.
525 320 574 350 Ab
595 320 654 350 1100
673 329 734 349 11511
753 322 911 357 quantum
927 317 1090 357 discrepet

127 364 228 396 stulta
262 364 461 403 papistarum
494 363 525 393 in
558 360 699 393 colendis
729 365 914 391 sanctorum
944 360 1089 399 reliquiis

125 406 330 446 superstitio,
359 406 434 436 hine
463 405 555 436 facile
584 403 744 442 colligitur
776 401 858 442 quod
888 401 962 433 data
991 413 1090 442 opera

125 459 220 480 ansas
243 453 374 488 captant
397 447 510 488 quibus
534 446 719 486 longissime
739 444 972 475 abstrahantur
990 455 1007 475 a
1027 446 1088 476 Dei

126 492 232 523 verbo.

211 534 260 565 21.
291 532 492 564 Praeeedebat
521 541 569 562 eos
598 530 719 560 Ielzova.
767 529 829 559 Hic
858 529 992 560 alteram
1025 529 1085 561 Dei

123 577 260 618 gratiam
275 575 437 616 praedicat
450 574 567 610 Moses,
580 571 663 612 quod
680 572 766 602 Deus
780 572 896 611 populo
918 572 1085 612 redempto

123 627 299 660 perpetuus
323 617 420 648 fuerit
443 615 506 646 dux
531 625 567 646 ac
589 625 726 654 praeses.
774 613 865 645 Sicut
893 615 988 645 etiam
1012 626 1084 655 pro-

124 662 220 702 pheta
251 661 284 691 in
313 660 442 691 Psalmo
471 664 642 697 utrumque
673 657 824 687 distincte
855 663 1086 689 commemorat

124 704 191 746 (Ps.
216 704 264 741 77,
289 703 335 733 16.
360 706 391 732 et
416 701 462 738 78,
489 699 549 741 14).
590 700 638 730 Ae
658 700 758 729 mirae
778 699 990 730 humanitatis
1013 700 1083 737 fuit,

123 747 205 787 quod
229 746 357 776 illorum
381 743 513 774 ruditati
537 753 571 772 se
595 741 855 779 accommodans,
881 742 1085 774 familiariter

123 792 269 820 versatus
303 788 343 818 sit
377 792 449 816 ante
479 795 588 816 eorum
619 784 735 815 oculos.
790 785 921 815 Poterat
956 785 1084 824 quidem

123 833 183 863 alio
207 830 298 861 modo
322 839 375 860 eos
399 828 437 859 ab
459 832 550 858 aestu
573 827 648 858 solis
672 831 856 867 protegere,
892 832 923 857 et
947 827 1084 868 dirigere

122 875 207 905 inter
230 873 330 904 noctis
350 870 510 901 tenebras:
535 869 589 900 sed
610 880 671 909 quo
692 869 891 900 manifestior
910 876 995 901 esset
1015 872 1083 902 eius

122 916 280 957 potentia,
311 914 468 945 ocularem
501 913 568 943 eius
599 913 813 951 praesentiam
842 913 937 943 simul
967 913 1083 944 addere

122 959 239 995 voiuit,
269 967 349 996 quae
379 955 611 986 dubitationem
642 965 771 985 omnem
801 956 965 987 eximeret.
1011 956 1083 987 Etsi

120 1007 226 1032 autem
250 999 401 1030 videntur
425 998 524 1029 Mosis
548 997 643 1028 verba
666 998 768 1028 Deum
794 997 1026 1037 quodammodo
1050 1000 1082 1029 in

120 1044 205 1074 nube
224 1041 392 1077 includere,
413 1040 555 1071 notanda
572 1040 661 1071 nobis
674 1041 918 1070 sacramentalis
932 1041 1083 1081 loquendi

119 1086 216 1123 ratio,
247 1095 308 1124 qua
331 1084 421 1114 Dens
451 1094 567 1114 nomen
597 1093 693 1113 suum
724 1082 763 1113 ad
796 1083 938 1114 visibiles
963 1085 1082 1124 figuras

119 1128 285 1159 transfert:
316 1136 380 1157 non
410 1132 444 1156 ut
473 1125 536 1156 illis
567 1126 679 1165 affigat
701 1135 793 1156 suam
817 1126 1007 1164 essentiam,
1032 1127 1081 1157 vel

118 1170 368 1201 immensitatem
393 1169 650 1204 circumscribat,
681 1167 736 1198 scd
761 1173 887 1199 tantum
913 1173 947 1199 ut
971 1169 1082 1200 doceat

116 1213 315 1253 praesentiae
349 1222 426 1242 suae
460 1211 552 1251 signa
587 1222 650 1242 non
683 1210 839 1241 fallaciter
869 1222 902 1242 se
933 1212 1081 1252 ingerere

115 1256 283 1286 hominum
307 1254 422 1291 oculis,
452 1255 530 1293 quin
554 1253 649 1284 simul
674 1264 750 1284 vere
773 1254 944 1285 coniuncta
968 1255 1010 1285 sit
1034 1256 1079 1285 rei

114 1299 262 1339 signatae
302 1297 466 1328 exhibitio.
522 1296 683 1335 Quamvis
721 1306 797 1336 ergo
832 1297 938 1327 tradat
974 1298 1079 1329 Moses

115 1341 220 1372 Deum
245 1341 276 1371 in
304 1340 387 1370 nube
417 1340 515 1370 fuisse
545 1344 577 1369 et
608 1339 756 1370 columna
785 1339 883 1378 ignis,
914 1350 977 1370 non
1010 1341 1079 1370 vult

116 1392 223 1414 tamen
243 1394 259 1413 e
278 1383 365 1413 coelo
389 1383 494 1422 ipsum
518 1382 642 1418 elicere,
667 1392 768 1420 neque
792 1382 983 1413 immensam
1008 1383 1078 1413 eius

113 1426 250 1466 gloriam
272 1426 427 1456 subiicere
453 1425 631 1455 visibilibus
661 1424 775 1464 signis,
807 1425 922 1464 quibus
953 1430 1078 1456 constat

114 1479 172 1499 sua
206 1469 324 1499 veritas
352 1468 470 1508 absque
499 1467 591 1498 locali
626 1466 817 1507 praesentia.
870 1468 1077 1499 Exsecrabile

115 1522 190 1542 vero
216 1510 343 1542 Serveti
368 1510 533 1547 delirium,
565 1510 616 1550 qui
646 1510 767 1540 nubem
791 1509 875 1542 hanc
899 1511 1076 1542 increatam

114 1553 212 1585 fuisse
235 1554 344 1591 finxit,
376 1564 411 1584 ac
442 1554 467 1583 si
497 1558 579 1584 esset
603 1552 725 1583 Christi
757 1551 867 1584 deitas.
911 1553 995 1584 Nam
1019 1564 1077 1593 pro

114 1597 218 1627 tribus
238 1596 382 1636 personis
403 1596 485 1627 hanc
504 1606 602 1626 unam
623 1595 798 1633 substituit,
819 1596 903 1635 quod
924 1607 1077 1636 corporea

114 1643 190 1670 tunc
213 1639 308 1669 fuerit
332 1639 446 1675 deitas,
477 1649 572 1678 quam
598 1642 688 1669 vocat
712 1638 833 1668 Filium
858 1640 1076 1679 figurativum,

112 1682 165 1722 qui
179 1686 288 1722 postea
301 1682 403 1713 faetus
416 1686 463 1712 est
482 1691 568 1712 caro:
590 1691 653 1711 non
674 1680 757 1720 quod
777 1692 906 1712 carnem
927 1682 1076 1719 induerit,

112 1724 167 1756 scd
191 1725 266 1764 quia
289 1724 384 1754 homo
415 1724 602 1763 apparuerit
636 1734 674 1754 ex
703 1723 806 1754 tribus
836 1724 1005 1755 elementis
1029 1725 1076 1755 in-

111 1768 227 1798 creatis
247 1772 278 1797 et
296 1767 418 1797 semine
432 1766 569 1797 Davidis
582 1767 751 1797 conflatus.
786 1766 956 1797 Caeterum
981 1768 1076 1808 paulo

110 1816 183 1850 post
218 1810 323 1840 Moses
358 1809 493 1840 eundem
531 1809 680 1849 angelum
722 1809 863 1847 vocabit,
905 1810 954 1841 cui
990 1822 1076 1841 nunc

111 1852 265 1883 adscribit
288 1854 408 1883 aeterni
430 1853 491 1883 Dei
513 1863 638 1882 nomen.
680 1852 721 1882 Et
747 1853 874 1883 merito:
901 1853 975 1892 quia
1000 1864 1076 1884 non-

111 1895 172 1925 nisi
203 1905 259 1935 per
288 1906 419 1925 manum
455 1895 611 1935 unigeniti
643 1894 699 1925 filii
730 1895 778 1925 sui
810 1900 885 1926 111110
908 1896 1075 1927 lsraelitas

111 1937 203 1968 duxit
226 1938 372 1969 eoelestis
392 1942 489 1977 pater.
525 1938 593 1968 Iam
616 1948 714 1977 quum
735 1943 886 1968 aeternus
910 1939 951 1968 sit
975 1939 1073 1970 ecele-

110 1981 174 2011 siae
197 1985 311 2017 custos,
335 1991 399 2011 non
419 1981 527 2011 minus
550 1981 710 2020 praesenti
732 1981 851 2011 virtute
871 1981 964 2011 hodie
985 1982 1074 2012 nobis

111 2033 187 2054 vere
211 2023 298 2054 adest
324 2023 474 2054 Christus
498 2034 591 2063 quam
617 2023 691 2053 olim
716 2023 861 2062 patribus
885 2025 1074 2063 conspicuus

110 2065 178 2096 fuit.

111 2108 139 2144 4,
165 2108 184 2139 5
208 2108 290 2140 hane
314 2109 375 2139 Dei
405 2109 658 2139 benedictionem
686 2109 771 2139 inter
794 2109 872 2139 alias
895 2114 1072 2146 enumerat,

111 2151 194 2190 quod
234 2151 355 2182 Iehova
399 2152 517 2182 creabit
562 2161 660 2190 super
700 2156 800 2182 totam
842 2152 1070 2183 habitationem

112 2194 228 2224 montis
251 2194 346 2232 Sion,
370 2199 402 2225 et
425 2205 520 2234 super
544 2204 670 2224 omnem
694 2199 820 2224 coetum
846 2196 929 2232 eius,
954 2196 1071 2226 nubem

111 2239 143 2265 et
174 2235 397 2267 obscuritatem
432 2237 588 2273 interdiu,
630 2241 725 2267 noctu
760 2248 836 2268 vero
868 2238 1071 2278 splendorem

112 2277 195 2317 ignis
225 2278 437 2316 flammantis,
468 2286 503 2309 ut
531 2279 573 2309 sit
603 2279 804 2310 obumbratio
835 2291 892 2320 per
922 2280 1005 2311 diem
1038 2282 1071 2311 in

112 2319 257 2350 umbram
281 2321 319 2351 ab
343 2328 449 2359 aestu,
478 2322 510 2352 in
541 2321 702 2362 refugium
727 2334 742 2352 a
767 2323 876 2353 nimbo
898 2328 929 2354 et
952 2324 1070 2354 imbre:

112 2373 148 2393 ae
171 2363 198 2392 si
227 2362 362 2401 diceret,
391 2364 491 2395 solide
520 2364 689 2404 impletum
719 2365 757 2396 iri
789 2366 871 2405 qnod
904 2373 981 2397 tune
1012 2366 1071 2397 sub

112 2404 274 2435 umbratili
304 2405 448 2445 symbolo
475 2413 679 2446 conspectum
712 2408 780 2438 fuit.
826 2409 870 2439 Et
897 2415 982 2440 certe
1007 2420 1069 2439 non

111 2447 208 2477 unius
233 2446 304 2484 diei,
327 2447 382 2479 sed
404 2449 549 2480 omnium
572 2455 713 2480 aetatum
738 2456 785 2481 est
808 2451 862 2481 illa
886 2453 1068 2491 promissio:

112 2490 174 2520 Per
198 2489 280 2519 diem
305 2490 350 2520 sol
376 2501 439 2520 non
462 2498 533 2522 uret
555 2496 595 2527 te,
620 2503 721 2532 neque
750 2494 828 2524 luna
856 2505 913 2534 per
943 2500 1067 2526 noctem

110 2532 209 2573 (Psal.
242 2532 309 2569 121,
339 2531 380 2573 6).
426 2532 518 2571 Quod
549 2545 624 2575 ergo
650 2536 726 2566 dicit
750 2537 873 2575 Moses,
902 2547 1067 2577 nunquam

111 2575 228 2605 abiisse
252 2574 430 2605 columnam
461 2576 554 2606 nubis
583 2588 638 2615 per
666 2578 766 2616 diem,
797 2590 854 2610 1100
883 2580 1065 2611 columnam

110 2617 193 2657 ignis
217 2628 273 2657 per
296 2624 436 2653 noctem,
461 2617 543 2648 idem
568 2619 628 2649 Dei
653 2620 841 2653 beneficium
867 2623 958 2654 nobis
981 2633 1066 2654 com-

210 2667 318 2694 Calrinz'
333 2674 424 2700 opera.
462 2667 519 2694 Vol.
535 2667 647 2694 XXIV.

696 182 1063 215 COMMENTARIUS
1087 183 1135 214 IN
1160 184 1308 216 EXODI
1332 186 1429 218 OAP.
1454 187 1548 219 XIV.

1103 1563 1105 1589 ,
1130 1554 1264 1585 illorum.

219 2065 334 2105 Itaque
358 2066 411 2097 11111
435 2065 473 2095 (10
496 2066 564 2096 01115
587 2065 728 2096 adventu
749 2067 945 2097 vaticinatur
962 2067 1073 2105 Isaias,

2053 191 2114 221 146

1144 287 1241 308 mune
1265 286 1329 315 est,
1364 286 1498 320 excepto
1527 281 1687 313 duntaxat
1709 282 1829 313 oculari
1854 281 1999 322 symbolo
2022 284 2107 322 quod

1144 321 1320 359 temporale
1334 323 1401 359 fuit,
1417 327 1512 362 prout
1525 325 1645 355 ferebat
1664 325 1774 364 populi
1794 325 1973 356 infirmitas.
2009 325 2107 365 Quod

1145 367 1252 393 autem
1280 364 1357 396 dicit
1381 365 1443 395 illis
1469 367 1573 397 Deum
1598 378 1725 407 semper
1748 368 1952 407 apparuisse,
1982 371 2018 399 ut
2040 373 2110 399 tam

1142 404 1195 435 (lin
1220 416 1315 445 quam
1341 414 1435 438 noctu
1459 409 1519 440 iter
1541 410 1696 447 facerent,
1721 420 1784 440 non
1808 410 1962 450 intelligit
1984 411 2105 451 absque

1142 447 1208 477 ulla
1239 449 1344 488 quiete
1378 451 1505 482 assidue
1538 463 1741 492 progressos,
1777 463 1874 492 quum
1910 453 1973 484 iam
2006 454 2104 493 paulo

1141 495 1215 520 ante
1257 490 1381 522 dixerat
1426 495 1562 532 primam
1608 495 1670 525 illis
1714 495 1885 526 stationem
1926 495 2024 527 fuisse
2068 496 2103 527 in

1141 531 1298 571 Suchoth,
1324 534 1437 566 deinde
1461 542 1702 568 castrametatos
1722 538 1754 568 in
1775 537 1911 568 Etham:
1936 538 1991 568 sed
2011 538 2104 570 docet

1140 575 1328 614 simpliciter
1358 579 1546 610 continuum
1576 580 1674 611 fuisse
1702 580 1825 620 gratiae
1855 580 1915 610 Dei
1946 585 2102 620 tenorem,

1140 623 1174 664 ut
1196 628 1261 648 non
1286 619 1393 651 111111115
1416 621 1500 652 inter
1524 623 1627 654 noctis
1650 623 1799 654 tenebras
1822 622 1961 662 fulgeret
1981 624 2102 655 favoris

1138 670 1206 690 eius
1229 670 1265 691 ac
1288 663 1496 700 protectionis
1526 665 1654 705 signum
1686 675 1781 705 quam
1806 665 1838 695 in
1862 665 1932 704 ipsa
1956 666 2099 698 meridie.

1487 832 1634 864 CAPUT
1658 833 1751 864 XIV.

1225 915 1251 945 1.
1284 915 1325 945 Et
1355 916 1496 954 loquutus
1526 919 1569 947 est
1600 917 1709 948 Iehova
1739 918 1780 948 ad
1811 918 1935 956 Mosen,
1966 920 2099 959 dicendo,

1137 957 1165 987 2.
1192 957 1329 996 Loquere
1352 959 1393 989 ad
1413 959 1497 997 filios
1521 959 1637 995 Israel,
1662 963 1693 990 ut
1715 961 1849 999 redeant,
1873 964 1898 992 et
1920 966 2063 994 maneant
2086 974 2101 995 e

1138 1001 1258 1040 ressione
1273 1000 1453 1032 Pusam-oth
1474 1002 1552 1032 tuter
1565 1002 1606 1032 M
1607 1003 1683 1042 fflol
1695 1005 1721 1033 et
1738 1003 1817 1033 infer
1835 1014 1928 1041 mare,
1948 1014 1962 1034 e.
1981 1006 2102 1045 reyioue

1138 1042 1345 1081 Baalsephon,
1369 1047 1471 1074 contra
1496 1045 1596 1083 ipsam
1618 1048 1869 1076 castrametentur
1891 1047 1980 1078 iamta
2002 1058 2099 1080 mare.

1136 1085 1163 1115 3.
1190 1085 1279 1116 Dicet
1302 1087 1382 1116 enim
1408 1086 1533 1116 Pharao
1560 1087 1595 1117 de
1621 1087 1698 1125 filiis
1722 1087 1843 1118 Israel.-
1880 1088 2001 1120 Irretitz'
2028 1094 2101 1122 sunt

1135 1129 1167 1157 111
1190 1130 1288 1158 terra:
1311 1129 1457 1159 conclusit
1481 1129 1549 1160 illos
1571 1130 1729 1160 desertam.
1764 1130 1791 1160 4.
1818 1130 1860 1161 Et
1881 1131 2024 1163 roborabo
2048 1143 2099 1165 eor

1138 1170 1322 1205 Pharaonis,
1347 1174 1380 1201 at
1395 1174 1599 1210 persequatur
1622 1182 1685 1203 (
1707 1175 1733 1203 et
1753 1173 1946 1212 ylorificabor
1965 1176 1998 1205 in
2014 1175 2097 1207 Plea-

1134 1223 1234 1250 raoue,
1259 1216 1284 1243 el
1310 1214 1341 1243 in
1366 1215 1506 1244 mlz'rerso
1524 1215 1657 1245 evercitu
1676 1215 1758 1245 eius:
1780 1216 1931 1255 scientque
1951 1217 2098 1258 Aeqyptii

1133 1256 1214 1295 qaod
1236 1266 1286 1295 51
1312 1256 1433 1287 Ielzova.
1476 1256 1517 1287 Et.
1538 1257 1674 1296 flcermzt
1696 1258 1746 1288 sic.
1785 1258 1813 1288 5.
1841 1258 2034 1290 Nunciatum
2053 1263 2097 1291 est

1134 1301 1235 1329 autem
1257 1299 1321 1337 roffi
1335 1300 1466 1339 Aeglypti
1489 1300 1568 1338 qaod
1588 1300 1717 1339 fafflsset
1736 1300 1887 1338 populus:
1910 1301 1951 1332 Et
1973 1313 2096 1334 versam

1132 1344 1174 1371 est
1197 1351 1248 1372 cor
1273 1341 1451 1372 Pharaonis
1480 1344 1506 1372 et
1534 1352 1689 1372 sereormn
1717 1343 1782 1373 rias
1804 1344 1838 1373 in
1862 1345 2031 1383 populum,
2067 1349 2095 1377 et

1132 1383 1288 1414 diarmait:
1314 1384 1378 1414 (Tur
1400 1384 1451 1415 hoc
1472 1385 1602 1423 fecimus
1623 1387 1657 1415 at
1679 1385 1901 1417 dimitteremus
1924 1386 2034 1426 Israel,
2058 1399 2096 1420 ne

1131 1428 1258 1457 serviret
1299 1427 1399 1457 nobis:
1454 1428 1482 1458 6.
1516 1427 1559 1457 Et
1590 1430 1693 1466 aptato
1726 1438 1821 1458 carra
1854 1438 1908 1459 suo
1944 1431 2095 1469 populum

1132 1470 1301 1508 assumpsit
1330 1480 1439 1500 56611111.
1494 1470 1520 1500 7.
1551 1470 1636 1500 Tulit
1663 1470 1764 1509 itaque
1798 1474 1950 1502 sexcentos
1983 1483 2095 1504 currus

1131 1512 1242 1548 eleetos,
1266 1522 1367 1542 mznes
1389 1523 1500 1543 carras
1512 1513 1652 1552 Aegypt&
1675 1515 1701 1542 et
1723 1513 1811 1543 <laces
1832 1524 1926 1552 super
1948 1525 2094 1555 quemque

1311 1555 1338 1585 8.
1364 1555 1405 1585 Et
1428 1555 1578 1586 roborat-it
1602 1556 1714 1586 Ieltora
1736 1566 1786 1586 eor
1811 1555 1988 1588 Pharaonis
2011 1559 2093 1598 reyis

1134 1597 1272 1637 Atygsptfi,
1298 1601 1323 1627 rt
1341 1601 1547 1637 persequutus
1569 1601 1610 1628 ss
1631 1598 1713 1636 filios
1732 1598 1842 1629 lsrael.
1886 1598 1967 1630 Fila
1990 1604 2092 1632 aatem

1133 1640 1236 1670 Israel
1255 1641 1369 1679 (messi
1388 1643 1473 1670 rraid
1494 1641 1521 1670 in
1542 1651 1635 1670 manu
1656 1641 1778 1671 excelsa.
1809 1641 1837 1671 9.
1858 1641 1900 1671 Ec
1912 1644 2093 1681 persequuti

1130 1683 1361 1722 (111111100711111
1379 1683 1455 1719 illos,
1478 1683 1796 1722 amn-el(vndermthm
1815 1693 1863 1714 eos
1881 1694 1974 1722 quum
1987 1689 2091 1717 castra

1129 1725 1270 1756 haherent
1406 1736 1504 1761 mara,
1535 1727 1633 1756 omiti<
1656 1727 1808 1764 eqm'latzm
1829 1736 1978 1757 curramn
2005 1728 2090 1759 Pha-

1130 1769 1244 1802 raonis,
1268 1771 1294 1798 el
1317 1769 1430 1807 equites
1452 1770 1533 1806 etus,
1556 1771 1582 1798 et
1604 1769 1753 1799 exercitus
1775 1770 1856 1804 etas,
1879 1769 1967 1799 iuxta
1993 1770 2090 1801 Pina-

1128 1810 1236 1845 hiroth,
1261 1822 1275 1841 e
1299 1812 1417 1851 reyione
1440 1811 1646 1850 Baetalseplaeon.

1216 1897 1241 1927 1.
1266 1896 1308 1926 Et
1331 1896 1472 1935 loquutus
1495 1899 1536 1926 est
1557 1896 1667 1926 Ielwzta
1690 1896 1730 1925 (111
1751 1895 1868 1926 Mosen.
1907 1896 1974 1926 Iam
1997 1897 2087 1929 Deus

1127 1949 1240 1969 omnes
1265 1939 1371 1969 exitus
1391 1938 1574 1975 claudendo,
1599 1950 1637 1968 ne
1657 1949 1717 1977 qna
1738 1939 1818 1968 elabi
1839 1945 1969 1977 possent
1981 1939 2088 1971 Israc-

1127 1981 1216 2017 litae,
1254 1983 1336 2011 viam
1373 1981 1551 2012 admirabili
1583 1992 1657 2011 suae
1688 1981 1848 2020 potentiae
1879 1982 2019 2020 aperuit:
2055 1987 2086 2014 et

1126 2025 1249 2055 obiecta
1290 2025 1385 2055 unius
1419 2025 1569 2054 momenti
1606 2024 1841 2063 desperatione.
1883 2025 1915 2053 in
1950 2024 2084 2065 longum

1127 2072 1253 2107 tempus
1278 2067 1444 2107 prospexit
1466 2067 1617 2097 ecelesiae
1637 2077 1712 2096 suae
1736 2066 1839 2097 saluti.
1874 2066 1963 2097 Haec
1986 2067 2086 2107 igitur

1126 2110 1239 2140 ultima
1273 2111 1354 2140 aetio
1388 2111 1528 2140 maxime
1562 2109 1736 2139 illustravit
1766 2109 1826 2139 Dei
1860 2109 2012 2148 gratiam,
2048 2114 2084 2141 ut

1126 2153 1277 2192 populns,
1309 2153 1516 2192 quantumvis
1544 2153 1690 2190 ingratus
1717 2156 1748 2181 et
1771 2151 1950 2190 malignus,
1975 2151 2080 2183 Deum

1126 2202 1234 2225 tamen
1258 2200 1447 2235 agnosceret
1466 2206 1559 2225 snum
1582 2194 1799 2225 liberatorem:
1823 2193 1937 2223 deinde
1960 2194 2080 2225 factum

1125 2244 1171 2269 est
1205 2249 1269 2268 non
1305 2237 1396 2268 modo
1425 2238 1543 2268 attritis
1573 2237 1685 2276 opibus
1713 2235 1871 2276 Aegypti,
1902 2235 1956 2266 sed
1988 2242 2083 2276 gente

1125 2292 1221 2320 prope
1245 2281 1365 2317 deleta,
1397 2281 1510 2311 saltem
1541 2280 1698 2310 exstincto
1722 2280 1812 2314 flore,
1842 2283 1877 2307 nt
1900 2278 1981 2308 nihil
2005 2280 2080 2310 inde

1124 2324 1288 2354 molestiae
1308 2323 1429 2354 illatum
1451 2323 1490 2353 sit
1512 2323 1635 2362 populo,
1657 2322 1754 2352 donec
1773 2322 1803 2351 in
1824 2326 1909 2351 terra
1922 2320 2078 2353 Chanaan

1123 2366 1285 2397 stabilitus
1326 2372 1418 2397 esset.
1475 2365 1508 2397 Si
1549 2375 1624 2404 reg-e
1664 2365 1769 2403 quieto
1810 2369 1841 2393 et
1880 2364 2078 2396 cessantibus

1122 2409 1295 2449 Aegyptiis
1319 2409 1417 2439 libere
1441 2415 1472 2438 et
1496 2416 1604 2447 pacate
1627 2406 1747 2446 egressi
1771 2411 1887 2442 essent,
1913 2416 1976 2436 non
1997 2408 2075 2438 satis

1122 2452 1300 2483 valuissent
1323 2452 1429 2491 priora
1448 2450 1601 2481 miracula
1620 2449 1657 2479 ad
1682 2448 1862 2479 testandam
1887 2448 2079 2489 redemptio-

1123 2504 1210 2525 nem:
1247 2495 1301 2524 sed
1336 2493 1389 2524 ubi
1424 2494 1506 2524 inter
1540 2492 1705 2532 angustias
1739 2491 1878 2530 undique
1912 2492 2077 2523 constricti

1122 2537 1199 2567 nihil
1221 2542 1348 2577 praeter
1366 2540 1501 2567 mortem
1522 2539 1667 2571 cernunt,
1691 2540 1820 2573 repente
1843 2536 1950 2564 antem
1970 2544 2010 2565 ex
2029 2534 2082 2566 in-

1120 2584 1247 2619 sperato
1272 2590 1360 2610 mare
1382 2579 1434 2610 dat
1465 2579 1527 2608 illis
1550 2578 1739 2613 transitum,
1774 2582 1806 2607 et
1836 2576 1942 2607 hostes
1966 2587 2077 2608 eornm

1119 2633 1138 2653 a
1165 2627 1254 2662 tergo
1288 2623 1446 2653 instantes
1479 2621 1639 2657 absorbet,
1674 2619 1766 2650 fateri
1801 2624 1975 2659 coguntur,
2010 2630 2081 2651 11011

1844 2669 1876 2694 10
