2304 3034
92 220 154 251 365

93 314 249 345 excidetur
277 313 384 343 anima
407 312 464 343 illa
486 322 500 341 e
522 311 621 342 medio
644 309 756 348 populi
786 308 845 339 sui.
892 307 940 338 31.
975 308 1056 346 Quia

93 366 259 387 sermonem
284 355 412 386 Ieleovue
430 352 612 393 contempsit,
632 354 660 382 et
675 353 873 390 pracceptum
896 351 963 381 eius
981 350 1055 380 irri-

93 401 157 429 tum
179 398 263 437 fecit:
293 397 456 430 excidendo
486 395 641 427 excidetur
670 394 777 425 anima
807 393 878 424 illa:
906 392 1055 431 iniquitas

93 441 162 473 eius
183 441 216 471 in
240 450 284 471 ea.

405 607 468 638 EX
492 606 640 638 LEVIT.
664 604 742 636 XX.

181 695 208 725 1.
243 693 400 732 Loquutus
439 693 481 722 est
514 689 627 722 Iehova
667 691 709 721 ad
750 690 874 727 Mosen,
914 689 1055 720 dicendo:

96 737 124 768 2.
150 736 246 768 Faus
264 734 368 766 Israel
387 735 486 765 dices.-
535 734 711 772 Quicunque
731 743 746 763 e
769 732 846 771 feliis
865 732 974 763 Israel.
991 735 1017 763 et
1041 742 1055 762 e

90 779 264 819 pereyrinis
286 778 339 816 qui
349 776 590 816 pereyriuantur
609 776 641 806 ‘iu
655 775 765 815 Israel,
789 776 930 806 dedeo-ite
942 775 1055 805 semine

95 832 150 853 suo
174 820 299 855 Moloclt,
322 819 475 850 moriendo
487 819 646 849 morietur:
666 818 803 858 populus
815 821 916 848 terrac
938 817 1052 855 lapidi-

95 865 151 896 bus
172 862 320 903 lapidabit
341 871 416 892 eum.
448 861 476 892 3.
492 861 559 901 Eyo
582 862 673 891 ctiam
691 871 805 899 ponam
823 860 933 899 faciem
956 870 1054 890 meam

95 908 198 938 contra
219 906 321 936 virum
338 904 435 940 illum,
459 906 485 934 et
508 903 712 934 eoeterminaho
732 913 828 934 eume
840 903 937 933 medio
944 902 1054 941 populi

95 950 155 985 sut,
179 958 210 979 eo
232 947 311 987 quod
333 946 447 977 dederit
475 957 490 977 e
512 947 626 977 semine
655 956 711 977 suo
735 946 870 982 Moloch,
901 948 935 976 ut
957 947 1054 976 conta-

94 992 226 1022 minaret
256 989 469 1020 sanctuarium
507 999 622 1025 meum,
664 991 691 1019 et
724 988 911 1027 profanaret
949 998 1054 1018 women

95 1033 264 1065 sanctitatis
285 1041 377 1062 meae.
422 1031 452 1061 4.
478 1031 563 1070 Quod
585 1032 614 1062 si
637 1031 843 1062 abscondendo
866 1030 1055 1061 absconderit

90 1075 224 1115 populus
247 1077 346 1105 terrae
368 1074 467 1105 oculos
496 1084 568 1105 suos
598 1085 617 1104 a
644 1074 710 1104 viro
740 1074 791 1105 illo
820 1073 943 1112 quando
972 1072 1055 1103 dabit

95 1128 133 1149 ex
154 1117 266 1149 semine
283 1126 338 1147 suo
352 1116 478 1153 Moloch,
503 1126 561 1146 non.
584 1116 899 1155 interficiendoillum,
922 1116 951 1146 ἵ).
969 1116 1054 1146 Tunc

90 1170 204 1201 ponam
226 1169 276 1198 cyo
298 1159 410 1198 faciem
431 1169 530 1189 meam
552 1159 587 1189 in
609 1159 711 1189 virum
733 1159 830 1195 illum,
856 1161 883 1189 et
904 1158 937 1189 in
957 1158 1051 1198 fumi—

94 1203 169 1234 Ziam
191 1202 265 1239 eius,
287 1204 315 1232 et
335 1201 488 1232 succidam
516 1212 584 1232 eum
613 1204 640 1232 et
669 1211 771 1232 omnes
800 1201 853 1240 qui
884 1203 1054 1231 scortantur

85 1247 157 1284 post
178 1245 289 1283 ipsum,
316 1247 349 1275 ut
375 1246 541 1275 scortentur
564 1247 635 1283 post
664 1244 793 1283 Moloch,
826 1255 841 1274 e
869 1243 968 1275 medio
997 1254 1050 1282 po-

85 1287 156 1326 puli
177 1287 236 1318 sui.

405 1456 468 1487 EX
491 1456 638 1488 EXODI
662 1456 740 1487 XII.

179 1542 225 1573 15.
253 1541 432 1581 Quicunque
453 1542 612 1573 comederit
638 1542 854 1581 fermentatum
877 1552 896 1571 α
919 1541 969 1572 dte
987 1541 1055 1580 pri-

91 1595 139 1657 320
159 1595 255 1658 u3que
278 1585 319 1615 ad
341 1585 421 1616 diem
433 1585 606 1623 septimum,
631 1585 786 1615 excidetur
808 1585 915 1615 anima
937 1583 993 1615 illa
1017 1594 1055 1614 cr

114 1637 183 1659 srae
198 1653 203 1658 .

410 1797 523 1828 ITEM
547 1797 595 1828 IN
618 1797 736 1828 FINE.

179 1882 226 1913 19.
255 1882 433 1921 Quicunque
443 1883 602 1914 comederit
622 1884 849 1922 fermentatmn,
873 1882 1055 1913 extermina-

93 1924 174 1955 bitur
196 1925 301 1955 anima
325 1925 379 1956 illa
400 1936 415 1956 e
437 1930 518 1956 coetu
534 1925 651 1956 Israel.-
673 1928 736 1956 tam
752 1925 937 1965 pereyriuus
959 1934 1054 1964 quam

92 1967 236 2007 incltyeua
256 1970 363 1998 terrae.

179 2052 284 2083 Exodi
308 2053 357 2089 22,
383 2053 431 2084 18.
467 2053 644 2092 Maleficum
667 2063 735 2084 uon.
770 2053 832 2083 His
856 2053 932 2083 locis
952 2063 1053 2092 poena

96 2095 256 2132 statuitur,
280 2096 305 2125 si
329 2106 391 2135 qua
414 2096 445 2126 in
466 2102 557 2135 parte
571 2096 710 2126 violatus
734 2096 831 2126 fuerit
853 2096 960 2127 cultus
980 2096 1052 2126 Dei.

96 2137 205 2177 Nuper
229 2138 366 2169 vidimus
391 2149 484 2178 quam
509 2149 619 2169 severe
644 2138 733 2169 Deus
763 2138 848 2169 ultus
879 2138 975 2169 fuerit
999 2138 1052 2169 de-

96 2179 262 2210 fectionem
286 2191 304 2210 a
326 2181 460 2220 pietate:
493 2192 579 2212 nunc
609 2187 716 2211 autem
746 2182 868 2220 species
898 2180 1051 2220 quasdam

98 2222 235 2261 attingit,
258 2222 311 2253 ubi
334 2234 397 2253 11011
417 2235 455 2254 ex
487 2224 627 2263 professo
656 2224 768 2263 religio
796 2223 969 2261 deseritur,
997 2223 1052 2254 sed

97 2263 262 2294 invehitur
295 2265 412 2304 aliquid
446 2267 673 2306 corruptionis,
708 2276 769 2305 quo
806 2266 947 2296 inficitur
984 2266 1053 2305 ipsa

98 2306 229 2345 puritas.
272 2307 401 2338 Primus
428 2308 516 2340 locus
544 2309 714 2348 capitalem
745 2319 879 2348 poenam
912 2308 1055 2340 decernit

101 2347 253 2378 adversus
275 2350 447 2382 maleficas:
472 2362 534 2391 quo
558 2352 688 2382 nomine
707 2351 861 2391 intelligit
874 2351 981 2382 Moses
1005 2352 1053 2381 in-

101 2391 303 2426 cantatrices.
334 2393 382 2422 vel
413 2404 520 2433 sagas,
551 2405 630 2434 quae
661 2395 792 2434 magicis
823 2394 946 2424 artibus
977 2393 1055 2424 dant.

101 2442 239 2471 operam,
262 2438 325 2464 tam
348 2441 383 2465 ut
405 2436 532 2468 fascinis
546 2436 683 2475 laedant,
707 2447 801 2476 quam
827 2442 862 2466 ut
885 2437 1054 2467 revelatio-

102 2485 157 2505 nes
182 2485 199 2517 a
222 2474 343 2506 diabolo
367 2483 490 2516 petant:
522 2480 624 2518 qualis
655 2480 715 2510 fnit
738 2479 793 2510 illa
816 2490 912 2518 quam
943 2489 1055 2510 eonsu-

102 2516 272 2564 luit'Saul,
295 2517 366 2549 11001
390 2519 482 2551 aliter
504 2529 643 2553 vocetur.
680 2522 841 2560 Quoniam
863 2522 942 2552 tales
965 2533 1055 2561 prac-

102 2560 402 2606 segiano-seelestam
427 2561 487 2593 Dei
510 2564 753 2604 abnegationem
779 2575 886 2595 secum
911 2564 1054 2601 trahunt,

104 2611 167 2631 non
189 2612 306 2632 mirum
330 2608 377 2634 est
407 2605 432 2634 si
462 2611 562 2637 morte
585 2607 693 2646 puniri
718 2606 806 2637 Deus
831 2607 917 2637 velit.
955 2607 1055 2637 Porro

102 2654 200 2683 quum
235 2643 313 2675 haec
343 2647 439 2685 pestis
469 2648 568 2679 nihilo
602 2649 706 2689 magis
733 2650 765 2679 in
796 2650 865 2680 viro
893 2660 988 2689 quam
1022 2649 1053 2679 in
1080 2669 1082 2675 ·

827 215 1012 246 PRIMUM
1036 215 1356 247 PRAECEPTUM.

1081 2437 1144 2472 2ad
1181 2437 1330 2475 pietatem
1367 2433 1540 2464 vitiandam
1570 2437 1724 2471 spectant.

1081 2476 1082 2480 ¹
1108 2479 1198 2513 ratio,
1222 2478 1305 2517 quod
1330 2475 1531 2516 vilipenderit
1560 2484 1739 2505 sermonem
1764 2473 1918 2509 Iehovae,
1949 2478 1979 2503 01
2004 2484 2061 2513 pro

1081 2573 1082 2576 ’
1108 2563 1257 2594 delictum
1281 2568 1343 2600 est,
1366 2563 1445 2592 fines
1475 2572 1492 2591 a
1515 2560 1584 2590 Deo
1612 2559 1728 2599 positos
1756 2558 1946 2598 transgredi.

2008 215 2069 246 366

1109 308 1243 339 muliere
1268 308 1399 339 ferenda
1421 309 1472 345 sit,
1496 307 1653 348 probabili
1667 307 1790 338 ratione
1813 307 2002 338 existimant
2025 308 2068 338 le-

1108 360 1179 389 gem
1205 350 1242 381 de
1266 351 1456 382 mulieribus
1479 351 1576 382 fuisse
1599 350 1715 388 latam,
1739 350 1812 389 qnia
1836 360 1932 380 sexus
1956 349 2007 380 hic
2029 351 2068 381 ad

1108 393 1369 432 superstitionem
1393 394 1582 433 propensior
1605 393 1655 424 sit.
1692 393 1787 424 Certe
1801 393 1894 423 Deut.
1910 392 1958 429 18,
1982 392 2066 423 idem

1108 436 1303 475 praecipitur
1326 436 1364 466 de
1388 436 1481 467 viris:
1513 435 1572 466 nisi
1598 435 1682 475 quod
1706 435 1771 466 11110
1799 445 1861 465 non
1885 435 2069 466 decernitur

1108 487 1219 515 poena,
1243 478 1299 508 sed
1322 483 1447 508 tantum
1473 478 1661 509 vetatDeus
1685 488 1726 508 ne
1748 478 1819 518 quis
1842 478 1885 508 sit
1904 477 2068 509 maleficus

1108 519 1140 549 in
1176 521 1307 560 populo,
1336 521 1384 551 vel
1415 521 1604 551 incantator.
1657 521 1724 551 Iam
1758 531 1833 551 vero
1867 527 1988 550 00111110
2021 527 2069 552 est

1108 561 1186 592 alias
1217 573 1327 593 omnes
1366 564 1485 602 species
1513 574 1593 603 quae
1629 562 1693 594 11110
1724 567 1952 599 numerantur,
1982 574 2067 595 nunc

1108 605 1166 634 sub
1190 616 1256 635 una
1279 605 1523 645 comprehendi:
1548 606 1621 636 acsi
1645 605 1776 644 capitali
1800 605 1957 645 supplicio
1970 605 2066 636 subii-

1107 652 1193 677 ccret
1217 648 1306 678 Deus
1330 653 1394 678 tam
1418 658 1572 687 augures,
1597 653 1627 678 et
1651 658 1773 687 magos,
1803 652 1835 678 et
1869 648 2066 687 pythonicos,

1107 695 1136 719 et
1163 691 1397 721 necromantiae
1422 692 1471 720 vel
1499 691 1630 730 magicis
1654 690 1778 721 artibus
1801 690 1941 726 deditos,
1971 701 2066 730 quam

1107 732 1330 763 incantatores.
1382 733 1482 772 quue
1511 733 1624 763 melius
1655 733 1754 772 liquet
1788 743 1827 763 ex
1863 733 2001 763 secundo
2035 738 2066 763 et

1107 775 1199 805 tertio
1222 775 1305 805 loco:
1330 775 1382 805 ubi
1398 776 1485 806 Deus
1508 785 1541 805 se
1564 776 1630 806 fore
1649 775 1870 806 adversarium
1892 775 2067 806 denunciat

1107 816 1254 847 omnibus
1278 818 1331 856 (1111
1355 828 1387 847 se
1411 818 1447 848 ad
1464 818 1625 858 pythones
1649 824 1680 848 et
1703 818 1818 849 ariolos
1837 819 2064 856 converterint,

1107 863 1142 889 ut
1165 869 1218 889 eos
1249 860 1442 890 exterminet
1472 870 1489 891 e
1518 860 1634 900 populo
1663 871 1735 899 suc,
1763 859 1876 891 deinde
1907 860 2065 900 lapidibus

1107 902 1195 932 obrui
1222 902 1319 933 1111101.
1366 903 1469 942 Ergo,
1500 903 1573 942 quia
1604 913 1740 942 aequum
1770 913 1833 933 non
1863 909 1947 934 esset
1978 903 2065 934 viros

1107 945 1237 983 impunc
1261 944 1405 983 evadere,
1428 945 1481 975 ubi
1506 945 1674 975 mulierum
1700 945 1879 975 infirmitati
1903 955 1968 975 non
1992 956 2064 985 par-

1106 987 1195 1023 citur,
1221 992 1253 1017 et
1275 988 1308 1017 in
1331 988 1435 1018 01111515
1460 987 1588 1027 paribus
1613 988 1767 1018 dissimile
1790 988 1867 1018 ferri
1893 987 2064 1018 iudicium:

1106 1029 1216 1060 eadem
1242 1040 1343 1068 poena
1362 1040 1442 1069 (111110
1465 1030 1496 1060 in
1520 1040 1613 1067 sagas
1637 1035 1668 1060 et
1691 1031 1917 1061 incantatrices
1943 1034 2064 1061 statuta

1106 1072 1177 1109 fuit,
1202 1083 1288 1103 111100
1311 1072 1495 1103 extenditur
1526 1073 1564 1103 ad
1594 1078 1764 1112 utrumque
1794 1083 1908 1103 sexum
1937 1077 1968 1103 et
1998 1083 2063 1103 om-

1107 1125 1164 1145 nes
1211 1115 1351 1154 magicas
1397 1116 1649 1154 superstitiones.
1722 1115 1759 1146 In
1805 1115 1909 1146 verbis
1950 1115 2062 1146 etiam:

1108 1157 1301 1196 Respexerit
1324 1158 1362 1188 ad
1387 1158 1602 1193 scm-tandum,
1633 1158 1822 1197 exprimitur
1856 1158 1972 1188 iterum
2003 1157 2063 1188 cri—

1107 1201 1202 1229 minis
1235 1201 1400 1235 atrocitas,
1442 1200 1538 1231 <lucta
1577 1200 1787 1230 similitudine
1822 1200 1860 1231 ab
1894 1200 2062 1240 impudicis

1107 1243 1310 1279 mulieribus,
1341 1253 1422 1282 quae
1453 1253 1533 1283 vago
1564 1249 1694 1282 aspectu
1722 1242 1871 1273 feruntur
1901 1243 1939 1273 ad
1971 1253 2061 1273 suam

1106 1284 1281 1316 libidinem.
1329 1284 1498 1325 Significat
1519 1296 1594 1325 ergo
1618 1285 1733 1322 Moses,
1756 1285 1850 1316 simul
1875 1295 1910 1316 ac
1933 1284 2062 1316 coniici-

1107 1337 1179 1357 mus
1202 1327 1308 1359 oeulos
1332 1328 1393 1359 hue
1417 1328 1466 1358 vel
1490 1328 1573 1364 illue,
1599 1338 1655 1358 nee
1684 1338 1736 1358 eos
1766 1332 1912 1358 tenemus
1942 1327 2064 1359 defixos

1107 1370 1139 1400 in
1164 1381 1229 1400 uno
1253 1371 1322 1401 Deo
1347 1376 1379 1400 ut
1408 1371 1507 1401 simus
1538 1381 1574 1401 eo
1604 1371 1763 1407 contenti,
1794 1370 1908 1401 violari
1937 1380 2063 1401 sacrum

1107 1413 1290 1450 coniugium
1315 1424 1376 1451 (1110
1400 1424 1455 1444 nos
1475 1413 1535 1444 sibi
1553 1412 1708 1443 devinxit.

1193 1455 1289 1486 Num.
1322 1456 1369 1492 15,
1401 1456 1449 1486 30.
1496 1456 1614 1486 Anima
1647 1465 1724 1493 quae
1754 1455 1859 1494 fecerit
1891 1455 1925 1485 iu
1957 1465 2062 1486 maizu.

1109 1497 1207 1528 Varie
1231 1499 1423 1529 transfertur
1446 1498 1497 1529 hic
1521 1508 1648 1533 versus,
1679 1497 1808 1537 quidam
1836 1499 1921 1528 enim
1952 1497 1997 1528 sic
2018 1497 2062 1528 10-

1109 1546 1206 1579 gunt:
1238 1541 1355 1571 Anima
1387 1552 1467 1580 quae
1498 1540 1614 1579 aliquid
1646 1540 1757 1571 feeerit
1787 1550 1883 1570 manu
1915 1540 2061 1579 superba,

1081 1584 1301 1614 -eontumelia
1333 1584 1435 1614 Deum
1467 1583 1586 1619 affecit,
1619 1583 1751 1622 ideoque
1780 1583 2061 1613 exterminabitur:

1109 1627 1154 1656 ita
1184 1632 1290 1656 essent
1321 1626 1401 1656 duae
1424 1626 1664 1665 propositiones,
1710 1625 1775 1655 Nos
1803 1625 1964 1656 diversam
1990 1636 2062 1656 sen-

1109 1669 1241 1699 tentiam
1266 1669 1390 1708 sequuti
1414 1679 1532 1705 51101115,
1557 1678 1620 1698 1100
1633 1671 1785 1699 contextu
1801 1668 1957 1707 legentes:
1982 1667 2062 1698 Ani-

1109 1722 1159 1741 ma
1183 1722 1263 1751 quae
1287 1722 1418 1741 manum
1433 1711 1601 1750 superbam
1615 1711 1768 1740 extulerit
1790 1710 1823 1740 in
1835 1709 2062 1741 contumeliam

1110 1754 1178 1790 Dei,
1203 1753 1484 1784 exterminabitur:
1513 1753 1552 1783 ad
1584 1753 1717 1783 verbum
1746 1756 1809 1783 est:
1841 1752 1958 1782 Anima
1981 1763 2062 1792 quae

1108 1797 1218 1827 feeerit
1240 1797 1273 1826 in
1299 1807 1396 1827 manu
1420 1796 1560 1833 excelsa7
1591 1807 1628 1825 ex
1662 1795 1813 1835 indigena
1844 1801 1874 1825 et
1901 1805 1939 1825 ex
1970 1805 2061 1835 pere·

1107 1840 1210 1879 grino,
1235 1839 1387 1869 Iehovam
1412 1839 1479 1878 ipse
1502 1837 1737 1877 blasphemans,
1759 1842 1791 1868 et
1814 1837 1970 1869 evelletur
1993 1837 2061 1868 ani-

1107 1893 1155 1912 11111
1182 1881 1236 1911 illa
1259 1892 1276 1912 e
1300 1881 1403 1912 medio
1426 1881 1531 1921 populi
1556 1881 1614 1911 sui.
1655 1879 1716 1910 Sed
1741 1880 1814 1919 quia
1834 1885 1970 1919 utraque
1989 1890 2061 1909 ver-

1107 1925 1152 1955 sio
1176 1924 1349 1964 probabilis
1372 1928 1429 1961 est,
1452 1934 1510 1954 1100
1538 1923 1709 1963 quidquam
1741 1927 1844 1952 mutat
1872 1923 1904 1952 in
1935 1932 2062 1953 summa.

1107 1968 1162 2001 101,
1188 1967 1285 1997 libere
1309 1966 1386 1997 mihi
1411 1967 1540 2005 permisi
1565 1966 1681 2005 eligere
1701 1964 1782 2004 quod
1795 1975 1924 1995 sonsum
1944 1965 2062 1996 clarius

1106 2010 1296 2049 explicabat.
1342 2010 1459 2040 Porro:
1488 2009 1608 2039 Facere
1632 2008 1664 2037 111
1690 2018 1786 2037 manu
1809 2006 1950 2044 excelsa,
1980 2007 2061 2038 nihil

1107 2052 1193 2083 aliud
1218 2058 1263 2082 est
1288 2062 1381 2091 (1111101
1407 2056 1529 2082 tentare
1553 2051 1602 2081 vel
1634 2049 1764 2090 aggredi
1795 2060 1850 2089 per
1878 2050 2061 2089 superbiam

1107 2095 1189 2135 qnod
1222 2096 1268 2125 fas
1298 2105 1358 2125 non
1391 2100 1447 2125 est.
1494 2094 1576 2124 Nam
1609 2103 1722 2123 1111111115
1753 2098 1879 2122 nostras
1909 2092 2062 2123 convenit

1107 2139 1173 2177 rogi
1198 2138 1257 2168 Dei
1283 2136 1394 2172 verbo,
1423 2142 1454 2166 et
1485 2137 1572 2176 quasi
1605 2135 1759 2170 fraenari,
1784 2145 1823 2165 ne
1847 2145 1880 2165 50
1903 2134 2059 2165 attollant.

1107 2181 1176 2211 Etsi
1212 2185 1318 2210 autem
1351 2179 1495 2218 pluribus
1526 2178 1627 2208 modis
1657 2177 1827 2207 lasciviunt
1860 2177 1892 2207 in
1928 2176 2061 2208 audacia

1107 2223 1274 2253 hominum
1300 2232 1422 2257 manus,
1447 2221 1592 2260 specialis
1614 2226 1718 2250 tumen
1743 2219 1793 2249 1110
1824 2229 1928 2249 sermo
1952 2225 2001 2249 est
2023 2219 2061 2250 de

1107 2265 1329 2305 profanatione
1353 2264 1421 2294 veri
1443 2274 1479 2294 ac
1492 2263 1626 2303 legitimi
1650 2262 1754 2293 cultus
1768 2261 1839 2297 Dei,
1866 2261 1919 2292 ubi
1943 2265 2061 2293 temere

1108 2308 1227 2347 aliquid
1251 2307 1451 2347 excogitatur
1474 2306 1513 2336 ab
1535 2306 1603 2336 01115
1631 2305 1770 2344 puritate
1802 2304 1952 2334 alienum.
1998 2304 2060 2334 Ne-

1081 2347 1082 2354 *
1108 2362 1167 2391 que
1191 2351 1275 2381 euim
1301 2350 1348 2380 vel
1375 2350 1476 2384 furtis,
1502 2349 1547 2378 vel
1574 2346 1730 2383 caedibus,
1755 2346 1804 2377 vcl
1835 2346 1905 2376 aliis
1934 2346 2060 2377 sceleri—

1108 2395 1165 2425 bus
1189 2403 1290 2433 poena
1313 2392 1478 2422 statuitur:
1502 2390 1556 2422 scd
1581 2390 1739 2429 perversis
1771 2389 1949 2428 figmentis,
1981 2399 2061 2428 quae

1786 2431 1901 2461 Postea
1934 2431 2062 2462 additur

1108 2521 1208 2551 nihilo
1232 2521 1360 2550 (luxerit
1384 2520 1450 2549 01115
1474 2522 1687 2558 praeceptum.
1732 2516 1843 2555 Neque
1874 2516 1959 2546 enim
1991 2516 2061 2547 leve

1992 2558 2061 2588 Iam

1107 2613 1229 2638 00111110
1257 2611 1305 2635 est
1335 2605 1461 2635 fictitios
1492 2613 1602 2633 omnes
1632 2601 1736 2631 cultus
1765 2600 1898 2640 prodere
1925 2601 2060 2640 impium

1108 2654 1325 2688 contemptum
1350 2657 1385 2677 ac
1416 2647 1442 2676 si
1466 2646 1610 2676 homines
1635 2655 1672 2674 ex
1698 2644 1838 2683 professo
1864 2644 1968 2673 Deum
1989 2643 2061 2674 vili-
