2304 3034
89 210 149 241 357

90 303 226 343 improbi
255 303 372 343 alioqui
404 304 564 339 homines,
598 300 712 341 quibus
742 300 868 331 videtur
892 300 1047 331 absimilis

89 352 198 377 nostra
219 346 360 377 conditio
391 346 448 377 sub
477 344 657 384 evangelio,
688 353 783 382 quam
808 342 905 373 fucrit
929 343 1047 373 veteris

89 388 196 429 populi
219 389 278 419 sub
301 389 387 428 lege:
417 398 481 418 non
511 391 635 417 tantum
666 385 740 425 quia
764 396 899 425 regnum
924 385 1048 416 Christi

89 442 154 462 non
188 436 236 462 est
269 442 309 462 ex
343 431 403 461 hoc
436 429 565 465 mundo,
599 427 653 459 sed
684 428 757 467 quia
791 427 922 458 exordia
956 428 1048 466 regni

90 474 139 504 sui
177 473 325 504 Christus
361 473 464 503 noluit
494 471 599 511 gladio
633 469 787 500 adiuvari.
839 471 938 509 Atqui
973 470 1047 500 dum

89 516 304 556 promovendo
327 514 448 546 Christi
471 523 569 553 regno
592 517 780 544 consecrant
803 523 893 543 suam
918 522 1048 552 operam

91 559 211 589 terreni
234 557 368 593 iudices,
400 566 480 596 nego
510 561 678 595 propterea
710 555 778 585 eius
805 561 953 585 naturam
979 566 1049 585 mu-

90 602 160 632 tari.
214 600 403 639 Quanquam
434 603 542 629 autem
576 597 769 628 adversante
805 599 901 629 totius
935 597 1048 628 mundi

91 644 234 683 potentia
275 641 476 681 evangelium
517 651 609 670 suun]
651 640 756 671 voluit
789 640 941 671 Christus
976 651 1048 680 pro-

90 686 228 726 mulgari
247 695 265 716 a
288 685 352 715 suis
376 683 550 722 discipulis,
575 693 691 722 eosque
715 683 782 713 sola
805 693 883 714 voce
909 689 1048 713 armatos

90 728 236 769 exposuit
259 734 409 766 tanquam
432 735 507 756 oves
530 725 629 764 lupis:
655 736 717 756 uon
744 725 848 764 posuit
867 726 927 756 sibi
946 731 1049 756 aeter-

90 782 164 802 nam
188 770 298 810 legem,
323 768 398 808 quin
423 767 552 798 tandem
577 778 667 807 reges
691 768 779 808 ipsos
802 768 835 798 in
858 768 1048 808 obsequium

90 817 224 853 cogeret,
251 822 287 842 ac
309 811 561 841 mansuefaceret
586 821 697 841 eorum
724 810 925 848 violentiam,
955 816 1050 850 atque

90 867 130 886 ex
160 854 282 886 infestis
310 852 591 893 persequutoribus
621 854 762 884 efficeret
791 853 944 884 ecclesiae
974 864 1050 884 suae

90 904 237 938 patronos
249 901 281 927 et
292 895 447 926 custodes.
478 895 699 935 Tyrannidem
719 901 937 926 exercuerunt
957 896 1051 926 initio

89 941 295 980 magistratus
328 938 484 969 adversus
513 938 694 975 ecclesiam,
724 949 840 978 nempe
869 938 943 978 quia
972 949 1050 969 uon-

90 983 164 1014 dum
194 985 328 1012 venerat
357 986 484 1020 tempus
514 991 576 1019 quo
607 981 709 1011 filium
733 981 793 1011 Dei
818 981 1050 1018 oscularentur,

90 1030 122 1056 et
144 1024 285 1064 deposita
308 1023 469 1057 violentia,
494 1023 646 1054 ecclesiae
670 1034 767 1063 quam
783 1028 1052 1064 oppugnaverant
1076 1041 1078 1061 j

90 1068 204 1098 fierent
226 1066 363 1101 nutritii,
383 1065 559 1096 secundum
580 1067 768 1097 vaticinium
789 1066 893 1097 Isaiae
911 1066 961 1104 49,
976 1067 995 1097 6
1010 1066 1049 1107 ¹):
1076 1072 1078 1104 ξ

90 1109 171 1149 quod
191 1114 274 1140 certe
293 1108 331 1138 ad
351 1108 474 1139 Christi
498 1108 675 1139 adventum
700 1109 845 1139 refertur.
887 1109 954 1140 Nec
974 1120 1050 1139 vero
1076 1111 1078 1133 1

88 1152 206 1183 frustra
218 1151 348 1186 Paulus,
373 1150 449 1181 dum
468 1152 593 1190 precari
608 1151 696 1182 iubet
709 1162 766 1191 pro
780 1152 908 1192 regibus
928 1156 960 1182 et
979 1151 1050 1182 aliis

90 1193 199 1225 mundi
222 1194 392 1229 iudicibus,
425 1204 553 1224 causam
578 1194 675 1230 addit,
708 1201 743 1224 ut
766 1195 824 1225 sub
852 1195 930 1234 ipsis
962 1201 1049 1225 tran-

88 1236 218 1276 quillam
243 1236 341 1266 vitam
365 1246 499 1276 agamus
522 1246 593 1266 cum
619 1237 705 1266 omni
737 1237 855 1276 pietate
879 1242 910 1267 et
934 1237 1049 1268 hones-

88 1285 153 1309 tate
183 1278 224 1319 (l.
248 1279 331 1309 Tim.
349 1278 376 1315 2,
401 1278 442 1319 2).
489 1279 640 1310 Christus
663 1279 801 1319 quidem,
833 1284 867 1310 ut
884 1280 970 1311 mitis
990 1284 1048 1316 est,

88 1322 133 1352 ita
155 1321 327 1361 discipulos
351 1331 427 1351 suos
446 1320 574 1363 (fateor)
599 1321 667 1352 vult
687 1333 755 1353 esse
774 1322 953 1353 imitatores
973 1333 1050 1353 suae

89 1364 244 1395 lenitatis:
277 1375 386 1394 verum
417 1364 447 1394 id
480 1375 545 1395 non
569 1364 674 1395 obstat
697 1366 867 1404 quominus
898 1364 1050 1396 ecclesiae
1076 1365 1077 1368 ’

88 1406 182 1437 saluti
217 1412 248 1436 et
282 1406 510 1446 tranquillitati
546 1407 578 1437 in
610 1408 736 1447 pietatis
768 1407 951 1438 defensione
979 1418 1051 1439 con-

88 1449 199 1480 sulant
221 1449 265 1489 pii
289 1449 514 1489 magistratus:
539 1450 613 1489 quia
637 1450 721 1480 hanc
740 1456 865 1489 partem
886 1450 1051 1491 negligere

88 1502 213 1523 summa
236 1498 321 1523 esset
344 1492 479 1531 perfidia
508 1498 541 1522 et
563 1492 746 1523 crudelitas.
792 1493 836 1524 Et
859 1498 944 1523 certe
968 1492 1051 1523 nihil

88 1534 262 1574 indignius
285 1545 380 1574 quam
405 1535 481 1566 dum
501 1535 649 1566 videmus
674 1536 806 1566 miseras
826 1536 950 1566 animas
964 1536 1050 1566 trahi
1077 1551 1079 1571 t

87 1578 120 1607 in
144 1583 310 1607 aeternum
334 1577 501 1608 interitum
526 1577 565 1608 ab
589 1578 696 1618 impiis
719 1584 749 1608 et
773 1579 936 1609 sceleratis
960 1589 1051 1618 prae-

88 1619 258 1659 fractisque
287 1620 531 1660 impostoribus,
562 1621 755 1660 impunitate
783 1631 949 1658 concessa,
980 1621 1050 1651 illa-

89 1672 161 1693 rum
198 1662 335 1693 salutem
375 1673 433 1703 pro
477 1663 578 1694 nihilo
620 1663 745 1694 ducere.
801 1663 896 1702 Quod
931 1664 958 1694 si
992 1663 1051 1694 hoc

89 1710 259 1744 praetextu
282 1705 419 1745 grassati
442 1712 517 1736 sunt
541 1706 755 1745 superstitiosi
779 1706 818 1737 ad
848 1706 1050 1737 fundendum

89 1748 256 1778 innoxium
290 1749 497 1788 sanguinem:
533 1749 709 1788 respondeo
745 1759 809 1780 non
841 1748 956 1780 debere
985 1749 1050 1779 ullo

89 1789 190 1821 abusu
220 1790 271 1821 vel
301 1791 482 1830 corruptela
512 1791 680 1822 hominum
712 1793 744 1822 in
779 1791 917 1822 nihilum
948 1792 1050 1831 redigi

90 1832 172 1872 quod
206 1833 305 1863 semel
340 1834 428 1864 Deus
463 1834 637 1865 mandavit.
695 1834 777 1865 Nam
813 1835 894 1865 sicut
925 1834 1049 1865 Christi

90 1880 249 1915 martyres
283 1886 301 1906 a
335 1876 488 1908 maleficis
522 1877 554 1907 in
585 1887 706 1917 poenae
741 1877 954 1907 similitudine
983 1877 1050 1907 sola

90 1927 183 1948 causa
217 1918 294 1949 satis
329 1929 488 1959 superque
521 1919 689 1951 discernit:
732 1920 777 1950 ita
811 1930 875 1950 non
909 1920 1051 1951 efficient

90 1970 190 1999 papae
212 1961 376 1992 carnifices
399 1962 519 1993 iniusta.
541 1963 684 1999 saevitia,
708 1963 784 2002 quin
807 1962 893 1993 zelus
924 1963 1049 2002 piorum

91 2002 337 2042 magistratuum
361 2005 392 2034 in
423 2005 596 2044 puniendis
620 2005 707 2036 falsis
731 2011 762 2035 et
786 2006 890 2036 noxiis
914 2005 1051 2036 doctori-

91 2044 149 2076 bus
168 2044 237 2076 Deo
255 2046 388 2086 placeat.
407 2047 508 2087 quue
521 2048 622 2079 Mosis
642 2048 747 2079 verbis
765 2048 885 2087 optime
898 2048 1050 2087 exprimi-

91 2091 151 2124 tur,
175 2087 249 2118 dum
273 2099 312 2119 ex
346 2089 416 2129 lege
440 2089 501 2120 Dei
526 2090 693 2120 ferendum
717 2101 786 2121 esse
818 2090 970 2121 iudicium
995 2090 1050 2121 ad-

93 2136 207 2160 monet.
262 2131 331 2162 Iam
366 2132 433 2163 dixi
466 2134 605 2173 rigorem
643 2133 728 2163 hunc
765 2144 827 2163 non
866 2133 980 2172 debere
1011 2133 1050 2163 ad

92 2172 297 2210 particulares
325 2185 448 2206 errores
477 2175 623 2212 extendi,
659 2175 713 2206 sed
746 2175 798 2206 ubi
834 2176 982 2215 impietas
1011 2176 1050 2206 ad

93 2212 298 2246 defectionem
328 2227 429 2257 usque
457 2220 648 2258 prorumpit.
695 2218 797 2249 Porro
828 2218 881 2249 ubi
905 2218 1049 2249 additur:

93 2254 138 2286 Ut
167 2262 197 2286 te
227 2257 365 2297 depellat
391 2271 408 2290 e
437 2261 488 2291 via.
517 2271 613 2300 quam
644 2266 674 2291 te
705 2261 810 2292 docuit
840 2261 943 2299 Deus,
975 2261 1050 2291 hinc

93 2297 284 2344 col-ligimus,
319 2302 423 2334 nullos
446 2303 485 2334 ad
509 2314 643 2342 poenam
669 2303 845 2334 trahendos
869 2314 955 2341 esse,
988 2304 1051 2334 nisi

94 2349 147 2378 qui
175 2342 341 2374 manifesto
371 2344 432 2375 Dei
465 2345 560 2376 verbo
589 2346 730 2378 convicti
754 2346 890 2382 fuerint,
922 2357 963 2377 ne
993 2357 1050 2377 suo

94 2381 223 2413 arbitrio
247 2385 385 2416 iudicent
404 2387 560 2419 homines.
602 2389 696 2419 Unde
719 2389 816 2420 etiam
841 2389 949 2428 liquet,
980 2399 1051 2429 per-

94 2434 202 2463 peram
222 2426 325 2457 zelum
345 2429 455 2460 ardere
477 2432 509 2461 in
533 2431 710 2462 exserendo
734 2431 848 2471 gladio,
874 2431 935 2463 nisi
959 2442 1050 2472 prae-

94 2467 226 2497 cesserit
248 2468 426 2508 legitimum
449 2483 594 2504 examen.

95 2644 131 2669 ad
150 2610 325 2676 Goplglaryo
351 2614 444 2641 laudat
471 2616 522 2642 Ies.
550 2616 596 2649 49,
623 2618 646 2643 6.
686 2618 816 2651 Respexit
838 2620 930 2651 potius
954 2619 1054 2645 Noster

809 208 993 238 PRIMUM
1020 208 1338 239 PRAEGEPTUM.

1074 516 1076 526 '¹
1101 512 1147 543 bis
1178 513 1294 543 malum
1328 524 1364 543 er
1396 513 1521 545 Israele.

2003 211 2065 242 358

1406 301 1470 332 EX
1495 302 1625 333 DEUT.
1646 302 1758 334 XVII.

1187 385 1234 416 12.
1273 386 1329 416 Vir
1363 389 1463 417 autem
1491 388 1544 425 qui
1578 388 1671 426 eyerit
1700 388 1734 418 irc
1763 387 1909 426 superbia
1939 391 1973 418 ut
2005 398 2065 418 non

1101 428 1211 458 audiat
1233 429 1416 459 sacerdotem
1444 430 1497 468 qui
1526 432 1586 460 stat
1614 432 1647 460 ut
1669 429 1733 460 'illic
1760 431 1913 461 ministret
1935 430 2065 462 Ieleovae

1103 470 1167 501 Deo
1188 473 1246 506 tato,
1267 474 1321 502 aut
1343 472 1481 506 duodicem,
1505 473 1652 503 morietur
1669 473 1718 503 vir
1740 472 1800 509 ille,
1832 475 1858 502 et
1884 473 2066 504 extermina-

1574 514 1622 546 13.
1652 515 1754 554 Atque
1786 525 1889 546 omnes
1918 526 1933 546 e
1952 515 2065 554 populo

1101 556 1239 593 (crudiant,
1261 558 1294 586 ut
1317 557 1451 593 timeant,
1475 567 1571 596 neque
1594 557 1627 587 in
1644 559 1802 596 posterum
1825 558 2013 597 superbiant.

1188 640 1311 671 similis
1334 651 1435 680 poena
1459 641 1490 671 in
1514 652 1567 672 eos
1590 642 1735 679 edicitur,
1759 642 1812 681 qui
1832 644 2065 674 contumaciter

1102 684 1284 721 respuerint
1307 683 1509 714 sacerdotum
1533 684 1696 715 iudicium.
1747 685 1841 715 Prius
1865 685 1969 715 visum
1994 686 2064 723 fuit,

1103 725 1278 756 sacerdotio
1315 726 1520 757 coniunctum
1549 726 1648 758 fuisse
1678 738 1796 758 munus
1827 727 2064 767 propheticum:

1103 768 1230 806 quando
1253 767 1347 808 (teste
1371 768 1532 799 Malachia
1555 770 1589 806 2,
1614 770 1645 810 4)
1677 769 1788 801 foedus
1812 769 1873 800 Dei
1903 770 1962 800 fuit
1991 781 2064 802 cum

1104 810 1196 846 Levi,
1222 816 1255 840 ut
1278 810 1425 841 custodes
1448 811 1599 842 scientiae
1630 818 1736 843 essent
1765 813 1832 843 eius
1866 813 2001 852 posteri,
2033 817 2066 844 et

1104 853 1183 892 legis
1214 853 1421 893 interpretes:
1459 864 1554 894 saepe
1585 860 1691 885 tamen
1721 855 1843 886 inflicta
1872 855 1933 886 fuit
1962 866 2065 896 poena

1103 895 1304 926 sacerdotum
1336 895 1488 932 desidiae,
1518 908 1615 936 quum
1646 898 1726 928 alios
1760 897 1875 937 populo
1904 908 1961 928 suo
1992 898 2065 929 doc-

1076 969 1078 980 ,
1104 944 1188 969 tores
1213 938 1362 977 pracfecit
1384 939 1478 969 Deus.
1503 938 1667 979 Quidquid
1691 940 1741 977 sit,
1766 940 1895 979 utrique
1917 951 1975 980 pro
1995 941 2065 980 ipso

1105 980 1263 1020 legatione
1292 980 1392 1011 functi
1423 986 1507 1011 sunt.
1560 982 1648 1023 Ergo
1679 983 1771 1013 sicuti
1806 993 1909 1022 nuper
1943 984 2067 1014 sancita

1103 1024 1163 1054 fuit
1187 1022 1415 1062 prophetarum
1436 1024 1599 1061 autoritas,
1625 1024 1706 1055 iden]
1728 1036 1814 1056 nuuc
1827 1025 1866 1055 ad
1886 1025 2067 1057 sacerdotes

1104 1066 1153 1096 ius
1173 1067 1380 1096 transfertur:
1406 1076 1463 1096 nec
1486 1067 1613 1104 mirum,
1638 1068 1712 1107 quia
1725 1067 1831 1098 Deum
1856 1068 1923 1098 eius
1946 1068 2067 1100 ordinis

1104 1113 1250 1139 autorem
1280 1119 1447 1147 spernere,
1478 1120 1539 1139 non
1571 1110 1640 1140 leve
1671 1110 1791 1141 crimen
1826 1110 1893 1141 fuit.
1940 1111 2067 1142 Tenen-

1105 1152 1179 1181 dum
1205 1157 1311 1181 tamen
1337 1152 1491 1182 memoria
1514 1151 1596 1191 quod
1620 1152 1695 1183 alibi
1724 1152 1892 1190 admonui,
1921 1163 1986 1183 non
2017 1164 2066 1184 ar-

1104 1194 1185 1224 mari
1217 1194 1388 1233 tyrannica
1418 1199 1573 1232 potestate
1604 1194 1802 1229 sacerdotes,
1837 1200 1873 1226 ut
1911 1195 2066 1236 quidquid

1104 1246 1160 1275 pro
1184 1236 1315 1266 libidine
1337 1247 1394 1267 sua
1417 1236 1625 1274 decreverint,
1650 1238 1778 1268 reiicere
1800 1238 1889 1268 nefas
1912 1238 1962 1268 sit.
2005 1239 2067 1269 Ne-

1103 1290 1164 1318 que
1193 1280 1278 1309 enim
1314 1278 1363 1309 vel
1397 1290 1431 1309 se
1465 1280 1684 1310 exauctoravit
1716 1281 1821 1317 Deus,
1858 1290 1956 1320 quum
1992 1281 2065 1313 illos

1103 1327 1235 1357 crearet,
1268 1321 1318 1351 vel
1344 1321 1537 1361 quibuslibet
1560 1322 1686 1361 placitis
1709 1323 1778 1353 sine
1802 1322 1986 1354 discrimine
2009 1323 2065 1354 ob-

1103 1364 1235 1395 strinxit
1258 1365 1484 1401 conscientias,
1515 1366 1569 1395 sed
1598 1370 1723 1395 tantum
1756 1365 1884 1396 iniicere
1917 1366 2064 1397 fraenum

1104 1407 1208 1437 voluit
1237 1416 1346 1437 eorum
1377 1407 1567 1446 proterviae,
1603 1408 1717 1447 quibus
1751 1407 1840 1438 nulla
1873 1408 1984 1448 religio
2017 1413 2066 1440 est

1106 1449 1303 1489 vilipendere
1327 1450 1504 1489 legitimum
1528 1449 1678 1481 ecclesiae
1706 1451 1859 1490 regimen.
1905 1450 1989 1481 Nam
2020 1452 2065 1483 sic

1105 1492 1288 1522 habendum
1320 1498 1383 1523 est:
1420 1492 1444 1522 si
1479 1493 1658 1531 promiscue
1688 1492 1782 1524 liceat
1812 1492 1943 1524 reiicere
1974 1493 2066 1533 quid-

1105 1535 1181 1574 quid
1205 1535 1375 1565 statuerint
1398 1535 1549 1566 ecclesiae
1573 1535 1732 1575 praefecti,
1757 1535 1882 1565 foedam
1906 1539 1937 1566 et
1960 1536 2066 1567 horri-

1105 1578 1200 1608 bilem
1230 1577 1296 1608 fore
1328 1577 1577 1617 dissipationem.
1630 1579 1679 1608 Ac
1708 1577 1881 1608 ridiculum
1911 1583 1995 1610 esset
2025 1578 2066 1610 ad

1105 1620 1351 1660 gubernandum
1383 1620 1487 1651 vocari
1517 1620 1633 1660 quibus
1664 1620 1752 1651 nulla
1782 1624 1967 1660 suppeteret
1995 1621 2065 1662 dig-

1106 1665 1206 1693 nitas:
1230 1662 1364 1702 ideoque
1387 1663 1602 1693 reverentiam
1626 1673 1706 1703 quae
1730 1662 1782 1694 hic
1805 1663 1960 1703 exigitur,
1988 1663 2065 1705 Iegi-

1105 1706 1193 1736 timis
1215 1705 1363 1736 omnibus
1387 1706 1529 1745 imperiis
1548 1705 1664 1743 deberi,
1689 1704 1828 1736 ostendit
1846 1705 1914 1744 ipse
1928 1711 2065 1739 naturae

1104 1759 1216 1779 sensns
1241 1759 1276 1779 ac
1300 1748 1406 1779 dictat.
1442 1751 1545 1778 Autor
1568 1748 1735 1779 sacerdotii
1758 1752 1828 1778 erat
1850 1748 1954 1780 Deus:
1979 1748 2065 1780 idem

1104 1792 1223 1822 iudices
1267 1792 1404 1821 creabat.
1469 1790 1554 1829 Quid
1602 1791 1705 1830 magis
1753 1790 1927 1821 absurdum
1968 1801 2064 1831 quam

1104 1834 1236 1873 impune
1259 1833 1422 1864 contemni
1445 1844 1481 1864 ac
1504 1833 1601 1864 rideri
1624 1834 1678 1873 qui
1692 1833 1753 1864 Dei
1776 1833 1905 1864 nomine
1924 1838 1955 1864 et
1973 1845 2065 1865 man-

1104 1876 1177 1907 dato
1197 1875 1446 1916 praesidebant?
1493 1876 1615 1907 Verum
1647 1886 1812 1915 nunquam
1842 1886 1981 1915 eousque
2011 1887 2064 1909 ex-

1105 1920 1178 1949 tulit
1213 1919 1380 1949 mortalem
1412 1918 1574 1949 hominem
1599 1923 1633 1949 ut
1657 1929 1690 1949 se
1712 1919 1782 1948 iure
1805 1928 1862 1949 suo
1886 1919 2060 1950 abdicaret:

1104 1963 1168 1992 imo
1191 1972 1284 2000 saepe
1305 1972 1433 1992 necesse
1452 1962 1521 1998 fuit,
1542 1961 1701 2000 intrepide
1720 1961 1851 1991 reiicere
1869 1961 1951 2000 quod
1971 1972 2063 1993 man-

1105 2004 1224 2035 dabant
1252 2003 1440 2035 sacerdotes.
1493 2003 1669 2034 Profanum
1701 2003 1800 2034 altare
1830 2003 1869 2034 ad
1898 2005 2065 2044 exemplar

1105 2047 1307 2083 Damasceni,
1331 2047 1413 2086 quod
1438 2046 1546 2077 Achaz
1570 2047 1710 2085 miserat,
1730 2045 1943 2077 erexitUrias
1961 2057 2065 2078 sacer-

1104 2090 1169 2127 dos,
1194 2094 1224 2119 et
1244 2089 1308 2120 illic
1331 2089 1523 2120 sacrificium
1547 2088 1663 2119 obtulit
1680 2088 1721 2129 (2.
1746 2088 1826 2128 Reg.
1853 2088 1900 2125 16,
1928 2088 1996 2131 12);
2020 2101 2063 2121 an

1106 2142 1234 2163 necesse
1257 2131 1432 2162 fuitIsaiae
1451 2130 1673 2162 subscribere?
1697 2131 1768 2161 Imo
1787 2130 1984 2162 detestabilis
2004 2133 2064 2163 fuit

1104 2176 1247 2206 omnium
1272 2174 1421 2210 adulatio,
1444 2174 1496 2213 qui
1520 2173 1646 2205 decreto
1669 2173 1796 2205 scelesti
1819 2184 1854 2204 36
1877 2173 1991 2213 perfidi
2015 2185 2064 2206 sa-

1105 2218 1240 2249 cerdotis
1259 2217 1380 2248 assensi
1399 2221 1483 2247 sunt.
1508 2216 1596 2255 Quin
1616 2217 1711 2247 etiam
1733 2215 1876 2247 videmus
1889 2217 2063 2256 prophetas

1104 2266 1139 2291 ut
1162 2261 1335 2301 plurimum
1359 2259 1438 2290 adeo
1462 2270 1526 2290 non
1556 2259 1655 2290 fuisse
1676 2259 1868 2298 suffragatos
1891 2259 2064 2291 sacerdoti-

1104 2304 1178 2341 bus,
1213 2308 1247 2333 ut
1277 2307 1422 2343 apertum
1451 2312 1525 2333 cum
1555 2301 1617 2332 illis
1644 2301 1761 2332 bellum
1795 2301 1963 2341 gesserint.
2015 2303 2063 2334 Ac

1105 2351 1170 2377 tota
1198 2345 1275 2376 haec
1299 2356 1395 2376 causa
1417 2344 1576 2375 deciditur
1597 2355 1635 2375 ex
1660 2344 1767 2375 verbis
1791 2344 1905 2375 Mosis:
1932 2345 2062 2383 quando

1104 2400 1166 2419 non
1191 2388 1335 2419 absolute
1358 2387 1490 2418 damnat
1513 2387 1692 2426 quicunque
1716 2397 1777 2417 non
1801 2387 1982 2426 paruerint,
2006 2387 2063 2418 sed

1105 2431 1214 2462 addita
1237 2430 1366 2470 speciali
1390 2435 1465 2460 nota
1491 2429 1592 2469 legem
1618 2440 1708 2460 suam
1733 2429 1915 2469 restringit:
1946 2439 2062 2469 nempe

1104 2475 1130 2505 si
1155 2479 1357 2513 contemptus
1380 2483 1421 2503 ex
1443 2473 1593 2511 superbia
1615 2472 1666 2502 vel
1687 2472 1870 2511 arrogantia
1882 2472 2061 2511 proveniat.

1106 2516 1253 2556 Capitale
1283 2526 1358 2555 ergo
1386 2526 1447 2546 non
1477 2514 1571 2545 aliter
1601 2514 1662 2545 fuit
1691 2514 1848 2545 sacerdoti
1879 2514 1929 2545 vel
1964 2515 2061 2546 iudici

1106 2570 1166 2590 non
1192 2570 1320 2598 parere,
1352 2569 1444 2598 quam
1475 2558 1501 2588 si
1531 2557 1602 2596 quis
1632 2567 1688 2596 per
1716 2557 1836 2587 fastum
1870 2562 1982 2588 contra
2010 2568 2062 2588 or-

1105 2602 1211 2632 dinem
1236 2613 1253 2632 a
1278 2601 1347 2631 Deo
1371 2601 1507 2640 positum
1531 2599 1743 2631 insolesceret.
1790 2599 1917 2639 Alioqui
1940 2599 2063 2631 frustra

1104 2645 1249 2684 exceptio
1274 2644 1351 2674 haec
1374 2643 1485 2674 fuisset
1507 2642 1706 2682 interposita.
1740 2641 1889 2681 Denique
1911 2641 2062 2674 obedien·

1808 2692 1856 2717 ⁶23*
