2304 3034
208 183 268 214 047

208 269 259 305 lis,
284 279 346 308 quo
372 267 474 307 magis
497 270 684 306 portentum
708 275 819 295 omnes
843 264 1048 300 exhorreant,
1080 268 1112 295 et
1135 264 1174 296 ab

209 321 248 342 eo
261 317 404 344 caveant,
425 308 463 339 ad
478 308 646 338 innoxium
661 317 762 347 usque
782 306 901 337 animal
921 307 1036 337 transit
1055 317 1174 347 poena:

211 353 304 385 sicuti
325 359 399 382 ante
420 350 560 381 vidimus
579 350 695 381 bovem
721 353 931 389 cornupetam
956 349 1050 380 morti
1071 349 1175 382 addici

212 396 239 426 si
256 395 414 425 hominem
437 393 596 424 occiderit.
628 393 716 423 Hine
736 397 843 422 autem
871 392 1053 432 colligimus
1072 402 1174 432 quan—

210 444 320 477 topere
344 436 511 475 displiceat
535 435 593 467 hoc
616 446 717 476 genus
741 434 870 466 sceleris
893 435 979 473 Deo,
1008 434 1084 465 dum
1108 436 1174 465 ani-

210 480 341 510 malium
366 489 446 518 quae
470 484 563 509 extra
586 478 713 518 culpam
737 482 814 508 sunt
832 482 934 509 morte
957 478 1110 509 sancitur.

510 630 574 661 EX
598 629 749 661 LEVI'P.
774 629 870 660 XIX.

294 717 344 747 29.
376 716 447 746 Non
470 716 589 754 pollues
615 715 716 754 filiam
743 718 829 746 tuam
854 715 1067 754 prostituendo
1095 725 1174 746 eam:

207 770 303 798 neque
325 761 470 790 scortetur
491 761 582 796 terra,
604 761 631 789 et
652 757 819 798 impleatur
840 758 912 796 ipsa
934 758 1052 789 scelere.

294 844 422 875 Clarius
440 844 642 874 demonstrat
666 843 718 874 hic
741 843 828 874 loeus
844 853 943 883 vagos
966 853 1078 874 omnes
1101 853 1172 874 con-

208 888 334 919 cubitus
353 897 480 926 semper
498 896 604 917 coram
619 887 689 916 Deo
709 886 805 916 fuisse
828 885 965 917 illicitos.
997 886 1177 926 Allegorice

209 931 337 960 trahere
368 929 406 959 ad
439 929 638 968 spiritualem
670 929 915 960 fornicationem
948 928 1031 968 quod
1055 929 1107 959 hio
1130 929 1177 959 di-

209 974 304 1009 citur⁷
340 980 483 1002 coactum
519 977 566 1002 est
599 977 693 1011 atque
726 971 895 1002 insulsum.
942 971 1047 1002 Nimis
1081 972 1177 1002 etiam

210 1016 311 1055 legem
334 1016 535 1053 restringunt
554 1015 607 1054 qui
627 1019 742 1054 putant
761 1014 863 1044 solum
884 1014 1031 1044 interdici
1051 1013 1177 1054 publica

209 1058 382 1096 lenocinia,
412 1068 510 1097 quum
542 1057 645 1096 potius
669 1056 864 1097 generaliter
886 1056 1063 1097 praecipiat
1085 1056 1176 1088 Deus

208 1101 411 1140 parentibus,
442 1107 478 1130 ut
504 1100 563 1130 sub
594 1109 675 1139 pura
705 1104 855 1139 castaque
883 1099 1072 1130 educatione
1095 1100 1177 1131 filias

208 1154 283 1174 suas
307 1143 499 1174 custodiant.
536 1143 658 1173 Verum
686 1148 722 1172 nt
749 1142 862 1173 demus
883 1152 949 1173 non
968 1142 1055 1173 aliud
1074 1143 1177 1174 vetari

209 1196 305 1225 quam
340 1193 376 1216 ut
404 1196 443 1216 ne
472 1191 621 1224 parentes
644 1185 784 1215 filiarum
808 1185 875 1216 sint
898 1185 1046 1222 lenones,
1070 1190 1177 1216 tamen

209 1240 248 1258 cx
268 1229 432 1268 polluendi
452 1228 551 1258 verbo
574 1228 738 1267 colligitur
761 1228 847 1267 ipsas
870 1238 910 1258 ex
934 1234 1047 1268 stupro
1069 1238 1177 1259 macu-

210 1272 272 1302 lam
297 1271 504 1302 contrahere:
536 1270 666 1312 [frigide
689 1271 775 1301 enim
800 1270 930 1309 quidam
954 1271 1088 1302 verbum
1117 1263 1177 1303 5527

209 1320 342 1344 vertunt
373 1313 551 1355 publicare]
589 1320 621 1344 et
656 1313 736 1344 ratio
767 1312 876 1344 addita
912 1314 990 1344 satis
1019 1324 1177 1353 superque

210 1358 389 1391 confirmat,
411 1357 587 1396 quamlibet
606 1357 834 1387 scortationem
854 1367 923 1387 esse
943 1356 1012 1387 Deo
1032 1366 1178 1387 exosam:

210 1400 321 1439 Neque
348 1405 505 1430 scortetur
531 1406 631 1434 terra,
656 1399 770 1438 inquit,
797 1404 830 1429 et
855 1399 1028 1438 impleatur
1050 1399 1176 1430 scelere.

210 1442 273 1473 Hic
301 1448 387 1473 certe
410 1453 473 1472 non
498 1441 536 1472 de
560 1442 728 1472 adulteriis
751 1443 865 1481 agitur.
912 1442 1015 1481 Atqui
1038 1442 1063 1472 si
1087 1447 1178 1473 extra

211 1485 397 1524 coniugium
428 1490 543 1516 cocant
572 1485 622 1515 vir
653 1491 686 1515 et
708 1485 845 1521 femina,
874 1485 978 1516 scelus
1007 1495 1076 1516 esse
1104 1495 1176 1525 pro-

212 1529 344 1558 nunciat
377 1529 474 1558 Deus.
521 1528 615 1559 Unde
652 1528 814 1567 sequitur,
846 1528 982 1567 septimo
1009 1533 1177 1567 praecepto

214 1571 367 1610 populum
385 1571 500 1608 doceri,
525 1576 560 1600 ut
574 1570 633 1601 sibi
657 1571 696 1601 ab
720 1571 808 1601 omni
832 1570 1035 1610 impudicitia
1053 1575 1175 1602 caveat.

501 1715 566 1746 EX
589 1715 721 1747 DEUT.
746 1715 880 1746 XXIII.

300 1801 346 1831 18.
367 1800 437 1831 Nou
457 1801 514 1831 erit
531 1802 676 1832 meretrix
694 1811 709 1831 e
725 1800 852 1839 filiabus
872 1799 983 1840 Israel,
1004 1811 1097 1840 neque
1118 1801 1177 1831 erit

212 1847 343 1875 scortum
366 1844 536 1875 masculum
560 1854 574 1874 e
593 1844 673 1883 filiis
698 1843 808 1875 Israel.

298 1929 361 1960 Hic
398 1929 485 1960 locus
521 1929 679 1969 superiori
715 1933 762 1960 est
794 1930 914 1967 affinis,
952 1929 1057 1969 priore
1090 1928 1176 1959 enim

213 1972 358 2003 membro
381 1972 504 2012 puellas
528 1978 616 2003 vetat
645 1972 795 2012 prostitui
820 1971 860 2002 ad
883 1978 1040 2012 stuprum.
1083 1978 1175 2014 ΠΨἾΡ

212 2015 399 2045 existimant
428 2015 576 2045 hebraice
596 2015 702 2046 vocari
726 2016 938 2052 meretricem,
963 2015 1037 2055 quia
1061 2014 1099 2045 ad
1123 2015 1177 2045 fla-

214 2058 326 2095 gitium
360 2058 506 2097 exposita
535 2058 575 2088 sit
605 2069 639 2089 ac
670 2063 797 2098 parata:
829 2068 1010 2098 quanquam
1042 2068 1099 2097 per
1122 2068 1177 2087 an-

214 2101 372 2140 tiphrasin
394 2100 524 2131 videtur
543 2101 647 2131 notari
667 2100 804 2140 pollutio
824 2101 987 2131 sanctitati
1006 2100 1176 2132 contraria.

211 2143 383 2183 Utcunque
407 2144 463 2178 sit,
489 2148 694 2183 praeceptum
718 2144 874 2174 castitatis
897 2143 1006 2181 datur,
1029 2153 1069 2173 ne
1093 2142 1178 2183 puel-

216 2186 252 2215 lis
284 2186 378 2217 liccat
409 2193 501 2217 extra
525 2187 709 2225 coniugium
733 2187 820 2217 viros
845 2185 1023 2217 admittere.
1069 2185 1107 2216 In
1131 2195 1177 2216 se-

214 2229 318 2259 cundo
339 2230 482 2259 membro
502 2229 658 2260 nonnulla
678 2235 725 2260 est
745 2229 949 2269 ambiguitas,
972 2228 1022 2259 Ne
1045 2229 1085 2259 sit
1107 2234 1177 2276 '‘U-[P

217 2272 246 2300 iu
279 2272 356 2301 filiis
385 2272 503 2302 Isracl:
535 2274 607 2311 quia
639 2272 710 2302 aliis
733 2272 811 2302 locis
834 2276 957 2302 eertum
983 2275 1031 2302 est
1053 2281 1109 2310 pro
1135 2280 1178 2301 ci—

218 2315 325 2344 naedis
358 2315 406 2344 v‹·l
432 2316 544 2345 scortis
567 2315 719 2345 masculis
742 2315 857 2354 accipi:
882 2315 970 2345 nulla
995 2321 1100 2344 tamen
1125 2314 1178 2344 ob-

217 2364 278 2386 stat
301 2358 380 2387 ratio
400 2359 569 2396 quominus
588 2365 714 2388 vertere
735 2358 837 2393 liccat,
864 2358 1074 2388 scortatores.
1105 2356 1179 2394 Quo
1204 2357 1206 2380 l

217 2411 311 2429 svnsu
326 2400 465 2439 positum
482 2400 609 2430 videtur
633 2400 692 2431 hoc
715 2411 833 2430 nomen
857 2402 889 2430 in
914 2399 993 2430 libro
1007 2398 1101 2440 Iob')y
1125 2398 1180 2428 ubi

218 2442 349 2474 «licitur.
383 2443 583 2482 hypocritam
616 2444 807 2473 moriturum
839 2444 868 2473 in
893 2443 1103 2473 adolescentia
1128 2441 1177 2470 vel

219 2486 296 2513 flor-c
328 2487 454 2516 amnis.
485 2487 581 2516 vitam
615 2492 722 2516 autem
754 2487 820 2516 cius
849 2486 916 2516 fore
946 2486 1030 2515 inter
1058 2490 1178 2527 [ww-ep:
1206 2487 1207 2492 ¹

294 2587 496 2645 (1)}{.111{Z1?‹1r1‹r
522 2587 557 2612 ad
582 2589 727 2617 mammem
755 2588 816 2620 ‘'ap.
841 2587 879 2613 19.

218 2624 271 2643 8911?
311 2622 320 2646 ¹,
340 2622 345 2643 ,¹
367 2622 381 2644 i.
436 2643 439 2645 .

907 179 1147 212 SEPTIMUM
1171 179 1490 213 PRAECEPTUM.

924 2587 1017 2612 Verum
1042 2586 1114 2611 locus
1139 2593 1182 2609 αι’-

2128 179 2190 211 648

1227 264 1312 305 quod
1343 264 1533 296 tantundem
1564 265 1651 297 valet
1682 268 1776 305 atque
1806 264 1958 295 infamem
1987 265 2191 305 probrosam-

1228 319 1288 348 que
1318 307 1386 339 fore
1420 308 1452 338 in
1482 307 1559 339 vita.
1611 307 1785 339 Caeterum
1816 306 1843 337 si
1873 306 1911 337 de
1941 307 2080 339 cinaedis
2110 308 2192 339 acci-

1227 361 1303 391 pere
1325 351 1459 391 placeat,
1484 360 1542 390 per
1566 349 1793 391 synecdochen
1814 348 1987 381 damnatur
2009 350 2113 382 omnis
2131 351 2192 382 im-

1227 394 1362 434 puritas.

1538 537 1601 568 EX
1626 536 1775 567 LEVIT.
1799 536 1878 568 XX.

1315 623 1363 655 10.
1403 623 1460 654 Vir
1493 623 1548 662 qui
1576 621 1765 653 adulterium
1795 621 1979 653 commiserit
2003 631 2071 653 cum
2096 632 2193 654 uxore

1229 666 1368 703 alterius,
1395 666 1449 705 qui
1477 665 1664 697 adulterium
1694 664 1878 695 commiserit
1904 674 1973 695 cum
1999 674 2094 696 uxore
2118 675 2193 705 pro-

1228 709 1308 740 ximi
1330 709 1392 746 sui,
1415 707 1569 739 moriendo
1591 707 1759 738 morientur
1777 706 1897 738 adulter
1918 709 1944 738 et
1966 707 2116 739 adultera.

1528 860 1593 892 EX
1618 859 1751 891 DEUT.
1776 859 1892 891 XXII.

1314 948 1363 978 22.
1387 947 1422 978 Si
1440 947 1510 986 quis
1529 945 1733 985 deprehensus
1752 945 1849 985 fuerit
1865 945 1972 976 coiisse
1982 955 2050 977 cum
2068 945 2194 977 muliere

1229 991 1391 1031 coniuyata
1420 990 1540 1026 marito,
1562 989 1730 1019 morientur
1751 988 1844 1019 etiam
1867 988 1953 1019 ambo
1975 989 2048 1028 ipsi,
2069 988 2120 1019 vir
2141 989 2195 1028 qui

1229 1034 1332 1065 coierit
1350 1043 1416 1063 eum
1434 1032 1569 1067 muliere,
1594 1034 1621 1062 et
1638 1031 1751 1062 mulier
1768 1031 1855 1070 ipsa:
1874 1034 1961 1070 atque
1984 1031 2106 1071 auferes
2126 1041 2194 1062 ma-

1229 1076 1292 1107 lum
1310 1086 1347 1107 ex
1366 1075 1492 1107 Israeli.
1527 1075 1576 1105 23.
1600 1074 1701 1113 Quum
1718 1074 1814 1113 fuerit
1830 1074 1941 1112 puella
1962 1074 2047 1114 viryo
2068 1074 2195 1113 despon-

1230 1121 1298 1150 sata
1319 1119 1402 1156 viro⁷
1426 1120 1452 1148 et
1474 1117 1622 1148 imwuvrit
1645 1126 1711 1147 eam
1734 1116 1851 1156 aliquis
1873 1117 1907 1147 in
1928 1116 2010 1153 urbe,
2033 1117 2195 1156 coieritque

1230 1171 1298 1193 cum
1334 1171 1386 1192 ea:
1428 1160 1478 1192 24.
1504 1160 1674 1191 Adducetis
1703 1161 1866 1198 utrumque
1894 1160 1936 1191 ad
1960 1162 2084 1199 portam
2106 1159 2194 1190 urbis

1230 1205 1311 1241 eius,
1336 1206 1361 1234 et
1384 1203 1564 1243 lapidabitis
1586 1212 1636 1233 eos
1658 1202 1823 1241 lapidibus,
1846 1212 1881 1233 ac
1903 1203 2088 1234 morientur.-
2104 1202 2195 1242 puel-

1230 1247 1292 1278 lam
1321 1247 1459 1286 quidem,
1490 1246 1569 1285 quod
1591 1256 1651 1275 uon
1673 1245 1851 1276 clamaverit
1874 1245 1906 1275 iu
1925 1245 2012 1276 urbe:
2034 1247 2060 1276 et
2083 1246 2194 1282 virum,

1224 1292 1389 1329 proptvrea
1407 1289 1489 1328 quod
1506 1288 1622 1328 afflixit
1644 1298 1770 1319 uxorem
1787 1288 1928 1327 proximi
1950 1289 2017 1319 sui:
2039 1290 2127 1327 atque
2149 1288 2194 1319 ita

1230 1332 1352 1371 auferes
1378 1332 1494 1362 malum
1524 1341 1539 1362 e
1561 1331 1660 1362 medio
1677 1331 1732 1361 tui.
1778 1330 1827 1361 25.
1851 1331 1895 1361 At
1916 1331 1945 1361 si
1966 1331 1999 1361 iu
2021 1340 2096 1370 ayro
2113 1331 2195 1362 inve-

1230 1375 1309 1406 nerit
1330 1375 1379 1405 'vir
1404 1374 1541 1413 puellam
1569 1374 1794 1412 desponsatam,
1820 1376 1846 1404 et
1874 1373 2106 1413 apprehenderit
2126 1383 2195 1404 eam

1229 1418 1278 1448 vir
1296 1418 1356 1455 ille,
1375 1420 1402 1448 et
1419 1417 1521 1448 coierit
1544 1427 1610 1447 eum
1633 1426 1669 1447 ea
1691 1417 1839 1447 morietur
1856 1417 1906 1447 vir
1928 1416 1982 1456 qui
2002 1416 2105 1448 coierit
2126 1426 2194 1447 cum

1230 1470 1273 1498 ea,
1296 1460 1389 1491 solus.
1422 1460 1471 1490 26.
1495 1459 1620 1491 Puellae
1641 1469 1709 1490 vero
1732 1469 1791 1490 uon
1809 1459 1908 1499 facies
1928 1459 2111 1499 quidquam.-
2132 1469 2195 1490 uon

1230 1505 1273 1534 est
1297 1503 1420 1542 puellae
1437 1505 1593 1542 peecatum
1622 1503 1743 1539 mortis,
1774 1511 1848 1533 uam
1870 1502 2124 1540 quemadmodum
2145 1502 2194 1533 iu—

1230 1546 1329 1586 surgyit
1348 1546 1418 1585 quis
1440 1546 1473 1576 in
1491 1545 1671 1584 proximum
1694 1555 1794 1583 suum,
1819 1546 1845 1574 et
1868 1544 1976 1575 occidit
1988 1554 2058 1576 eum
2077 1545 2192 1582 anima,

1230 1589 1275 1619 sic
1303 1598 1334 1619 se
1357 1588 1441 1618 habet
1461 1598 1510 1619 res
1538 1589 1607 1618 ista.
1650 1587 1699 1618 27.
1726 1588 1766 1618 Iu
1790 1597 1864 1628 ayro
1891 1587 2007 1618 invenit
2036 1597 2112 1626 eam,
2134 1587 2194 1619 cla-

1229 1631 1323 1661 mavit
1347 1631 1455 1670 puella
1483 1631 1681 1670 desponsata,
1705 1633 1732 1661 et
1753 1640 1839 1661 nemo
1861 1629 1964 1669 adfuit
1985 1631 2038 1670 qui*
2060 1631 2194 1662 servaret

1228 1684 1303 1705 cam.

1314 1758 1364 1789 22.
1390 1758 1427 1790 Si
1448 1759 1519 1798 quis
1541 1758 1752 1798 deprehensus.
1798 1758 1971 1799 Appendix
1989 1758 2129 1800 politica,
2152 1770 2193 1790 ex

1228 1812 1292 1842 qua
1322 1805 1410 1841 patet
1441 1805 1641 1841 quantopere
1671 1801 1876 1833 abominetur
1904 1802 1993 1834 Deus
2024 1801 2192 1840 adulteria,

1229 1844 1306 1875 dum
1337 1844 1476 1875 moechis
1506 1845 1673 1884 capitalem
1706 1855 1841 1885 poenam
1866 1845 1996 1885 irrogat.
2041 1845 2085 1875 Et
2107 1848 2194 1875 certe

1229 1897 1325 1927 quum
1347 1896 1473 1917 sacrum
1493 1888 1535 1917 sit
1554 1887 1616 1918 Dei
1635 1886 1747 1918 foedus
1768 1888 1963 1928 coniugium,
1987 1887 2078 1918 nullo
2098 1887 2193 1918 modo

1230 1929 1406 1960 tolerabilis
1425 1935 1474 1960 est
1494 1930 1564 1960 eius
1582 1930 1780 1970 profanatio:
1801 1941 1837 1962 ac
1856 1931 1996 1962 sanctior
2011 1941 2081 1962 esse
2099 1930 2194 1962 debet

1229 1972 1405 2012 coniugalis
1424 1972 1504 2003 fides
1522 1983 1618 2013 quam
1637 1978 1673 2004 ut
1696 1973 1828 2013 impune
1848 1973 1999 2004 violetur:
2023 1977 2056 2004 et
2077 1973 2192 2004 imma-

1230 2015 1280 2046 nis
1310 2020 1358 2045 est
1386 2015 1519 2054 perfidia
1550 2016 1674 2055 eripere
1704 2027 1721 2046 e
1753 2016 1826 2047 sinu
1856 2015 1920 2046 viri
1948 2026 2081 2047 uxorem
2111 2025 2193 2055 quae

1230 2058 1332 2088 instar
1344 2058 1430 2088 vitae
1450 2064 1507 2094 est,
1532 2059 1579 2089 vel
1602 2058 1716 2089 saltem
1741 2069 1816 2098 pars
1833 2059 1903 2089 cius
1922 2057 2062 2089 dimidia.
2097 2057 2193 2090 Unde

1230 2100 1325 2131 ctiam
1364 2100 1527 2132 adulteros
1562 2101 1777 2142 ignominiose
1810 2102 1967 2141 propheta
1994 2100 2068 2143 (Ier.
2100 2100 2129 2139 5,
2158 2100 2193 2143 8)

1230 2143 1319 2182 equis
1343 2142 1608 2174 adhinnientibus
1632 2152 1810 2183 comparat:
1832 2145 1907 2183 quia
1922 2143 1975 2174 ubi
1994 2144 2068 2175 talis
2087 2144 2194 2175 exsul-

1203 2196 1205 2216 t
1231 2190 1277 2215 tat
1305 2185 1445 2223 lascivia,
1470 2186 1617 2217 homines
1640 2187 1673 2217 in
1697 2186 1819 2217 belluas
1841 2185 2074 2226 quodammodo
2097 2186 2192 2227 dege-

1231 2234 1355 2258 nerant.
1402 2228 1595 2268 Quanquam
1622 2230 1672 2260 hic
1699 2235 1861 2269 spectatur
1884 2230 1946 2260 alia
1970 2230 2064 2260 ratio:
2089 2239 2193 2269 neque

1231 2271 1316 2301 enim
1348 2271 1372 2300 si
1402 2272 1471 2310 quis
1501 2283 1574 2303 cum
1604 2272 1719 2312 pellice
1750 2271 1919 2303 scortando
1942 2282 2077 2302 uxorem
2101 2282 2191 2303 suam

1231 2313 1418 2349 fraudasset,
1440 2315 1556 2345 lethale
1576 2317 1636 2345 fuit
1654 2316 1794 2346 crimen:
1815 2325 1926 2345 verum
1952 2315 1978 2344 si
2001 2315 2072 2354 quis
2095 2315 2192 2345 etiam

1232 2356 1366 2393 caelebs,
1390 2358 1575 2388 moechatus
1599 2364 1683 2388 esset
1706 2368 1777 2388 cum
1802 2357 1907 2388 aliena
1930 2368 2044 2393 uxore,
2066 2358 2140 2397 quia
2161 2362 2194 2388 et

1234 2399 1368 2429 maritus
1389 2401 1478 2438 gravi
1494 2401 1688 2431 contumelia
1701 2401 1847 2436 afficitur,
1872 2405 1903 2431 et
1916 2400 2052 2431 dedecus
2075 2401 2193 2431 transit

1234 2441 1273 2471 ad
1314 2447 1469 2480 posteros,
1522 2449 1554 2473 et
1601 2443 1801 2474 adulterinus
1848 2448 1960 2483 partus
2001 2443 2194 2483 supponitur

1235 2494 1290 2523 pro
1323 2484 1478 2523 legitime,
1508 2491 1538 2516 et
1572 2487 1765 2517 transfertur
1795 2485 1833 2516 ad
1857 2486 1979 2516 alienos
2001 2486 2192 2523 haereditas,

1233 2526 1374 2565 adeoque
1398 2528 1536 2559 familiae
1560 2539 1675 2559 nomen
1700 2529 1850 2560 furantur
1872 2529 1984 2568 spurii.
2028 2529 2118 2560 Haec
2141 2538 2192 2559 ra-

1207 2579 1208 2583 *
1234 2571 1278 2599 tio
1309 2575 1421 2607 gentes
1451 2571 1545 2601 etiam
1571 2578 1645 2602 ante
1669 2573 1771 2611 legem
1796 2572 1942 2611 impulit,
1966 2576 2001 2602 ut
2024 2581 2136 2602 severe
2159 2571 2191 2601 in

1234 2611 1395 2642 adulteria,
1424 2613 1735 2645 animadverterent:
1766 2614 1858 2646 sicuti
1885 2618 1974 2654 patet
1996 2624 2036 2645 ex
2060 2614 2194 2645 historia
