2304 3034
192 214 257 246 489

194 307 340 338 naculum
369 305 570 337 conventionis
591 305 617 334 et
644 303 758 340 altare,
786 301 962 332 Aharowem
986 311 1102 340 quoque
1125 303 1152 331 et

193 350 276 389 filios
297 350 373 385 eius,
396 351 424 379 et
444 346 604 385 sacrificia,
628 347 661 375 ut
682 344 849 375 sacerdotio
870 344 1042 383 funyaizlur
1063 342 1150 374 milei.

195 392 246 423 45.
272 391 478 429 Habitaboque
499 390 533 420 in
554 388 650 418 medio
670 386 809 425 filiorum
828 386 938 423 Israel,
962 388 988 416 et
1006 395 1055 416 ero
1074 385 1154 424 ipsis
1178 389 1179 392 ’

196 435 229 465 in
259 433 377 464 Deum:
425 432 475 463 46.
509 430 551 461 Et
581 430 674 460 scient
707 429 786 468 quod
818 438 887 459 sum
922 428 1033 458 lehem
1066 427 1154 459 Deus

197 486 317 511 eorum,
346 475 399 514 qui
428 474 519 505 eduxi
540 482 588 503 eos
606 482 621 502 e
642 473 725 502 terra
747 471 895 511 Aeyypti:
923 473 956 501 ut
983 470 1153 500 habitarem
1178 474 1179 503 j

196 520 231 550 in
253 519 351 550 medio
373 526 482 548 eorum.
525 514 591 554 qu
612 513 726 544 Ielzova
748 513 838 545 Deus
857 523 969 544 eorum.

282 603 354 634 Mos
366 598 563 633 sacrificandi
576 608 704 638 semper
724 598 758 628 in
777 608 838 629 11611
861 598 921 628 fuit
940 597 1024 637 apud
1043 606 1154 627 omnes

198 649 324 686 gentes,
353 644 442 675 cuius
469 642 624 682 originem
649 652 667 672 a
690 641 808 671 sanctis
838 640 983 680 patribus
1007 649 1154 670 manasse

197 699 263 719 non
285 692 333 718 est
362 685 506 716 dubium:
536 683 592 714 sed
614 693 654 714 ex
677 693 739 722 quo
763 687 849 713 totus
870 682 956 713 orbis
979 682 1018 713 ad
1042 692 1153 721 super-

198 730 343 762 stitiones
362 728 547 763 defluxerat,
570 726 712 765 primum
732 726 812 756 ritus
831 725 891 764 ipsi
910 726 1040 756 fuerunt
1059 724 1152 764 dege-

198 783 305 809 neres,
334 770 409 801 dum
439 769 498 800 sibi
521 769 656 808 quisque
680 779 800 798 novum
829 767 950 807 aliquid
980 767 1152 806 excogitat,

198 820 230 847 et
252 813 333 854 quod
355 811 457 843 simile
481 811 629 847 restabat,
654 815 865 850 praepostera
883 810 946 840 fuit
965 809 1150 841 aemulatio:

198 857 271 897 quia
292 860 413 886 rectum
437 854 533 884 finem
557 858 588 884 et
614 863 706 884 usum
739 863 803 883 non
833 852 995 883 tenebant.
1040 852 1151 883 Nesci-

197 900 247 931 vit
268 902 333 929 tota
355 896 518 937 gentilitas
541 905 598 926 cur
614 896 720 926 Deum
745 895 904 935 sanguine
927 895 1048 934 placari
1071 904 1152 934 opus

197 945 287 974 esset.
338 939 425 979 Ergo
453 944 573 969 temere
604 938 806 969 victimarum
839 939 1029 977 sanguinem
1059 936 1151 973 fudit,

197 984 270 1024 quia
292 992 393 1021 neque
416 982 579 1021 reputavit
602 991 635 1011 se
655 981 716 1011 Dei
740 980 855 1011 iudicio
878 980 1049 1011 obnoxiam
1073 989 1151 1015 esse,

196 1030 232 1057 ut
252 1024 436 1064 suppliciter
457 1024 584 1054 veniam
604 1023 844 1063 deprecaretur:
870 1033 905 1053 ac
924 1023 1024 1053 multo
1044 1022 1151 1052 minus

197 1068 319 1100 animos
342 1066 456 1097 adiecit
478 1065 518 1096 ad
541 1065 757 1105 expiationem
781 1064 1048 1105 amplexandam,
1070 1074 1152 1104 quae

195 1121 259 1142 non
281 1114 407 1140 tantum
429 1118 545 1139 arcano
570 1108 631 1138 Dei
653 1108 786 1139 consilio
815 1108 1055 1148 praedestinata
1082 1107 1150 1137 fue-

195 1159 259 1189 rat,
288 1151 342 1182 sed
366 1150 551 1182 hominibus
579 1160 705 1190 quoque
736 1151 901 1190 promissa.
946 1150 1040 1181 Unde
1063 1149 1151 1180 colli-

195 1196 314 1236 gimus,
350 1193 534 1233 reprobatos
574 1193 673 1224 fuisse
713 1204 822 1224 omnes
856 1193 1001 1233 gentium
1035 1192 1151 1226 cultus,

193 1237 340 1277 quoniam
364 1236 398 1266 in
425 1236 483 1266 Dei
508 1236 605 1267 verbo
628 1236 753 1266 fundati
777 1247 841 1266 non
865 1240 967 1266 erant.
1009 1236 1150 1265 Tantum

191 1280 251 1311 hoc
274 1280 376 1309 fixum
400 1283 538 1315 maneat,
561 1278 631 1318 ipso
650 1289 738 1309 more
758 1278 978 1314 sacrificandi,
1003 1278 1150 1318 quamvis

192 1321 380 1359 adulterino,
405 1322 567 1352 convictas
590 1321 687 1352 fuisse
711 1322 857 1361 propriae
880 1321 1095 1360 indignitatis,
1116 1326 1151 1350 ut

192 1374 364 1405 agnoscere
388 1363 550 1399 deberent,
575 1363 716 1394 humano
740 1364 851 1404 generi
874 1374 938 1393 non
962 1363 1054 1394 aliter
1078 1373 1150 1402 pro-

191 1407 306 1448 pitium
330 1417 398 1437 esse
419 1406 524 1437 Deum
548 1417 643 1445 quam
667 1407 926 1438 reconciliatione
949 1406 1150 1445 interposita.

193 1449 302 1481 Stulta
324 1449 425 1490 igitur
444 1449 648 1489 Pythagorae
671 1449 882 1489 philosophia,
907 1458 988 1489 quae
1010 1448 1152 1480 victimis

192 1492 253 1523 Dei
276 1501 394 1522 nomen
417 1491 631 1523 contaminari
654 1490 802 1522 tradidit:
837 1492 882 1523 616
913 1492 999 1522 6111111
1020 1491 1151 1531 loquen-

194 1539 258 1565 tem
288 1534 410 1565 inducit
443 1539 538 1574 poeta
568 1534 645 1565 dum
675 1535 717 1569 εἰς
746 1534 797 1572 τήν
829 1539 1027 1575 σαρκοφαγίαν
1060 1534 1152 1564 inve-

193 1577 290 1608 hitur.

295 1653 351 1678 Nec
369 1653 434 1678 satis
454 1656 494 1678 est
514 1653 585 1686 quod
603 1653 657 1678 tale
676 1653 749 1678 nefas
768 1653 959 1678 committitur:
979 1654 1051 1686 ipsos

296 1688 458 1720 Inscripsere
477 1687 540 1712 deos
559 1688 662 1718 sceleri,
682 1696 833 1720 numenque
852 1696 996 1720 supernum

295 1722 382 1746 Caede
401 1722 537 1746 laboriferi
557 1721 670 1746 credunt
687 1722 804 1754 gaudere
822 1722 934 1747 iuvenci.

295 1756 409 1780 Victima
428 1757 487 1781 labe
507 1764 608 1786 careus,
628 1761 655 1781 et
674 1756 904 1789 praestantissima
923 1756 1016 1787 forma,

293 1790 373 1823 (Nam
392 1790 523 1823 placuisse
541 1790 632 1821 nocet)
650 1791 726 1815 vittis
745 1791 892 1823 praesignis
912 1794 938 1815 et
957 1799 1021 1815 auro

296 1825 405 1849 sistitur
423 1828 485 1849 ante
503 1833 570 1855 aras,
590 1824 718 1857 auditque
736 1825 828 1855 ignara
846 1828 1008 1858 precantem.

296 1859 454 1891 Imponique
473 1867 535 1883 suae
554 1859 628 1883 videt
646 1859 718 1884 inter
736 1867 835 1883 cornua
854 1859 935 1883 fronti

298 1893 367 1923 Quas
386 1894 468 1918 coluit
486 1893 587 1926 fruges:
607 1901 786 1925 percussaque
805 1893 932 1926 sanguine
952 1893 1052 1917 cultros

295 1927 383 1952 Inficit
400 1928 427 1952 in
447 1927 548 1959 liquida
566 1928 702 1960 praevisos
721 1928 833 1952 forsitan
855 1927 961 1959 unda¹).

280 2003 457 2043 Displicuit
501 2004 672 2034 innoxium
718 2004 839 2035 animal
883 2004 1021 2034 hominis
1061 2003 1155 2043 culpa

197 2047 343 2077 mactari:
379 2047 433 2077 sed
469 2046 578 2077 debuit
610 2047 792 2087 expendere
826 2047 910 2086 quod
942 2058 1004 2077 non
1035 2047 1155 2077 sentire

199 2089 301 2129 turpis
319 2089 481 2120 socordiae
500 2090 569 2125 fuit,
593 2090 689 2120 nimis
707 2088 912 2130 impudenter
930 2089 1067 2120 audaces
1086 2099 1155 2120 esse

200 2141 236 2162 ac
258 2132 442 2163 temerarios
472 2132 632 2168 homines,
664 2132 691 2163 si
714 2133 747 2162 in
772 2131 833 2162 Dei
857 2137 1063 2172 conspectum
1086 2142 1155 2172 pro—

201 2173 305 2211 deant,
327 2175 455 2205 veniam
476 2175 515 2205 ab
539 2185 575 2205 eo
598 2175 818 2214 impetraturi,
838 2175 891 2214 qui
916 2174 1063 2205 omnibus
1086 2176 1155 2205 iure

200 2220 249 2246 est
269 2217 419 2247 infensus.
461 2217 550 2247 Nihil
578 2228 653 2257 ergo
681 2217 856 2248 absurdum
879 2218 905 2247 si
935 2217 1155 2257 peccatoribus

201 2257 351 2289 iudicium
375 2260 501 2296 mortis,
524 2260 575 2290 cui
597 2261 727 2290 obnoxii
750 2265 842 2297 sunt,
866 2260 1055 2291 subiiciatur
1079 2265 1154 2290 aute

201 2300 322 2337 oculos,
352 2311 412 2340 quo
433 2303 467 2332 in
490 2313 523 2333 se
545 2303 630 2342 ipsos
653 2302 896 2339 descendentes,
927 2308 1093 2342 peccatum
1121 2303 1153 2332 in

202 2352 263 2381 quo
293 2342 351 2373 sibi
379 2343 642 2382 blandiebantur,
673 2346 755 2375 serio
783 2345 961 2375 abominari
990 2345 1153 2384 incipiant.

201 2384 325 2415 Verum
357 2385 430 2417 hinc
463 2388 633 2427 praecipua
662 2387 790 2418 errandi
818 2398 913 2418 causa
941 2387 1154 2427 Pythagorae,

203 2427 286 2466 quod
316 2428 449 2459 nescivit
479 2430 583 2460 Deum
613 2431 683 2461 sine
713 2431 896 2470 expiatione
929 2441 992 2461 non
1026 2431 1155 2470 placari.

202 2469 269 2499 Nos
292 2480 365 2500 vero
388 2472 536 2509 quoniam
559 2483 596 2503 ea
619 2484 668 2503 res
693 2473 854 2503 humanae
881 2474 997 2504 mentis
1026 2478 1155 2512 captum

202 2511 430 2549 transscendit,
455 2513 626 2552 discamus,
651 2517 810 2555 scriptura
830 2516 908 2546 duce
932 2526 968 2547 ac
992 2516 1156 2556 magistra,

290 2613 316 2644 1)
341 2613 430 2637 Veram
453 2614 548 2643 qallz'ca
572 2616 619 2642 hos
641 2625 735 2643 versus
753 2618 855 2643 ominit.
896 2617 965 2643 Sunt
983 2625 1046 2643 vero
1067 2617 1159 2643 Ovidii

202 2646 232 2671 in
254 2646 360 2672 Melam.
379 2647 435 2672 XV.
454 2647 501 2672 127
519 2657 553 2674 ss.

884 207 1135 239 SECUNDUM
1158 208 1476 240 PRAECEPTUM.

2105 210 2170 240 490

1203 301 1383 341 quicunque
1418 312 1560 341 unquam
1592 302 1697 332 Deum
1730 310 1808 331 vere
1841 301 2062 340 quaesierunt,
2091 301 2164 332 lita.-

1204 343 1323 374 tionem
1347 345 1378 374 in
1404 346 1560 384 sanguine
1583 344 1746 374 attulisse:
1775 344 1820 373 ita
1842 349 1916 374 ante
1938 344 2042 384 legem
2066 343 2164 375 latam

1204 396 1330 425 semper
1357 387 1497 418 victimis
1528 387 1651 418 sancita
1680 386 1739 416 fuit
1767 385 1889 426 religio.
1934 386 2001 417 Nec
2030 385 2163 418 dubium

1204 432 1253 458 est
1275 429 1352 468 quin
1376 439 1493 460 arcano
1516 430 1650 469 spiritus
1672 428 1828 459 instinctu
1852 429 1954 459 sancti
1985 433 2092 468 patres
2116 429 2162 460 di-

1205 471 1282 501 recti
1305 472 1423 501 fuerint
1453 472 1492 502 ad
1521 471 1749 508 mediatorem,
1779 470 1869 501 cuius
1899 476 2002 501 morte
2033 471 2162 502 tandem

1205 512 1379 551 placandus
1412 518 1481 544 erat
1514 515 1612 545 Deus.
1668 513 1712 543 Et
1744 518 1844 550 certe,
1884 513 1990 543 oblato
2024 513 2163 551 Christo,

1204 565 1411 595 quaecunque
1435 557 1517 587 fiunt
1539 556 1748 586 mactationes
1771 555 1854 585 nihil
1877 554 2029 585 differunt
2051 566 2070 586 a
2092 567 2163 596 pro-

1205 597 1279 627 fana
1301 599 1496 629 carnificina.
1541 599 1665 629 Verum
1689 602 1800 638 postea
1822 598 1856 627 in
1880 597 1950 636 lege
1973 597 2080 628 addita
2103 599 2165 629 fuit

1204 639 1329 679 plenior
1351 641 1531 679 explicatio.
1578 642 1620 672 Et
1648 641 1798 680 quoniam
1821 639 2014 679 multiplices
2044 640 2164 671 formae

1205 683 1404 713 sacrificandi
1423 693 1441 713 a
1460 683 1610 723 gentibus
1633 684 1761 714 fuerant
1784 686 2015 720 coarcervatae,
2039 683 2161 714 nullam

1204 724 1335 755 omnino
1372 730 1494 764 partem
1529 726 1637 757 omisit
1671 726 1774 762 Deus,
1808 725 1842 755 in
1876 735 1938 764 qua
1971 735 2005 755 se
2039 725 2164 756 utiliter

1205 774 1394 798 exercerent
1407 768 1532 798 fideles:
1550 769 1618 799 sive
1637 767 1785 799 testanda
1803 768 1912 807 pietas,
1934 767 2000 798 sive
2020 767 2162 807 agendae

1204 810 1341 849 gratiae,
1374 811 1441 841 sive
1470 811 1687 841 adiuvandum
1718 809 1867 849 precandi
1902 809 2062 846 studium,
2097 810 2165 841 sive

1204 852 1406 890 quaerendae
1447 853 1668 892 purgationes,
1711 853 1780 883 sive
1823 852 1983 892 expianda
2025 857 2163 891 peecata.

1204 894 1401 925 Bimembris
1429 899 1536 925 tamen
1567 896 1695 934 partitio
1724 895 1850 935 integra
1879 899 1927 925 est
1950 904 1984 926 ac
2009 894 2161 926 dilucida:

1203 936 1257 967 ubi
1278 937 1412 967 dicimus
1431 937 1493 968 alia
1512 948 1581 968 esse
1600 938 1785 977 expiatoria,
1810 937 1873 968 alia
1891 947 1968 967 vero
1987 947 2056 968 6666
2076 938 2164 968 testi-

1204 979 1312 1010 monia
1335 980 1552 1019 gratitudinis.
1598 980 1648 1010 Ita
1671 985 1777 1010 autem
1802 979 1861 1010 sub
1890 980 1997 1019 priore
2019 979 2163 1010 membro

1203 1023 1396 1061 complector
1436 1023 1517 1053 ritus
1557 1022 1846 1059 consecrationum,
1887 1022 2002 1061 quibus
2042 1022 2163 1052 initiari

1204 1065 1293 1095 Deus
1317 1065 1497 1095 sacerdotes
1523 1065 1639 1095 voluit:
1672 1066 1745 1104 quia
1774 1065 1924 1105 purgatio
1954 1064 2074 1104 primas
2098 1064 2164 1096 11116

1203 1114 1310 1146 partes
1334 1108 1474 1138 tenebat.
1518 1107 1587 1137 Iam
1612 1108 1686 1147 quia
1716 1108 1833 1146 absque
1857 1107 1979 1137 Christi
2010 1107 2163 1139 interces-

1203 1150 1294 1180 sione
1317 1150 1416 1181 nullis
1440 1149 1586 1189 precibus
1600 1150 1704 1180 Deum
1728 1160 1796 1180 csse
1820 1149 2015 1180 exorabilem
2039 1154 2163 1180 certum

1200 1199 1267 1229 est,
1302 1193 1376 1232 iuge
1410 1193 1602 1224 sacrificium
1636 1202 1730 1222 mane
1761 1196 1793 1223 et
1823 1193 1947 1232 vesperi
1976 1192 2162 1222 institutum

1204 1236 1264 1265 fuit
1287 1235 1327 1265 ad
1351 1235 1583 1266 consecrandas
1615 1234 1766 1266 ecclcsiae
1796 1245 1914 1274 preces.
1960 1233 2031 1264 Imo
2064 1244 2162 1274 quum

1204 1282 1329 1308 tantum
1362 1279 1562 1309 celebrarent
1590 1278 1649 1308 Dei
1680 1277 1848 1314 beneficia,
1876 1277 1966 1307 fusus
1996 1276 2059 1307 fuit
2089 1287 2162 1307 san-

1205 1321 1284 1360 guis,
1310 1326 1347 1350 ut
1369 1326 1595 1361 cognoscerent
1616 1331 1655 1350 ne
1674 1330 1763 1350 suam
1782 1319 1911 1359 quidem
1931 1319 2161 1359 gratitudinem

1206 1364 1276 1394 Deo
1300 1363 1434 1402 placere,
1459 1363 1520 1393 nisi
1543 1362 1758 1393 intercedente
1782 1362 1967 1392 mediatoris
1990 1362 2162 1392 sacrificio:

1206 1406 1342 1444 denique
1367 1406 1447 1437 nihil
1471 1416 1586 1445 purum
1610 1406 1649 1436 ab
1681 1404 1864 1435 hominibus
1894 1404 2069 1444 proficisci,
2100 1404 2163 1434 nisi

1205 1449 1362 1489 sauguine
1387 1453 1568 1488 purgatum.

1291 1491 1340 1522 38.
1366 1491 1430 1522 Hoc
1446 1494 1489 1522 est
1507 1491 1586 1529 quod
1602 1491 1706 1529 facies
1742 1490 1830 1520 Inter
1848 1489 2004 1520 sacrificia
2022 1489 2162 1528 primum

1206 1534 1309 1564 locum
1334 1534 1409 1564 dare
1433 1534 1553 1573 placuit
1575 1532 1759 1573 quotidiano
1788 1531 1870 1571 quod
1893 1533 1967 1572 iuge
1989 1531 2162 1571 appellant.

1207 1577 1305 1607 Mane
1328 1578 1413 1607 euim
1438 1582 1470 1607 et
1494 1577 1617 1615 vesperi
1646 1575 1723 1605 duos
1754 1585 1853 1614 agnos
1883 1574 2021 1614 singulis
2052 1574 2164 1604 diebus

1207 1620 1314 1650 offerri
1345 1619 1404 1650 sibi
1440 1618 1543 1649 voluit
1572 1618 1675 1655 Deus,
1710 1623 1745 1648 ut
1777 1628 1810 1648 66
1843 1616 1968 1648 assidue
2001 1620 2165 1647 exerceret

1207 1663 1343 1702 populus
1368 1663 1400 1692 in
1431 1662 1584 1691 memoria
1613 1662 1737 1691 futurae
1767 1659 2045 1690 reconciliationis.
2091 1659 2164 1689 Etsi

1206 1712 1314 1736 autem
1338 1705 1397 1735 sub
1421 1704 1490 1743 lege
1514 1704 1641 1743 saepius
1670 1703 1818 1734 victimae
1846 1702 2059 1737 iterabantur,
2090 1701 2164 1740 quia

1206 1748 1245 1779 ad
1265 1747 1426 1787 expianda
1446 1752 1575 1786 peccata
1594 1747 1707 1777 efficax
1727 1756 1792 1776 non
1815 1751 1883 1775 erat
1901 1754 2011 1775 earum
2029 1744 2161 1774 oblatio:

1206 1790 1383 1821 notandum
1407 1795 1514 1820 tamen
1534 1794 1590 1825 est,
1615 1788 1708 1819 sicuti
1731 1787 1824 1819 annis
1847 1787 1982 1827 singulis
2004 1785 2163 1826 ingredie-

1206 1834 1299 1864 batur
1333 1833 1430 1863 semel
1466 1831 1613 1863 sacerdos
1647 1831 1781 1871 adytum
1810 1840 1883 1860 cum
1913 1830 2086 1869 sanguine:
2118 1829 2160 1859 ita

1206 1876 1284 1907 utile
1315 1876 1430 1912 fuisse,
1460 1874 1599 1914 quotidie
1629 1874 1676 1904 bis
1707 1874 1844 1904 alterum
1879 1883 1979 1913 genus
2012 1871 2163 1902 victimae

1206 1918 1341 1959 proponi
1365 1922 1439 1948 ante
1463 1917 1571 1957 populi
1595 1917 1716 1953 oculos,
1745 1921 1780 1946 ut
1810 1919 1973 1955 reputaret
1996 1913 2055 1944 sibi
2082 1924 2163 1953 opus

1206 1972 1275 1992 esse
1298 1960 1473 1991 identidem
1497 1960 1692 1990 reconciliari
1706 1959 1784 1989 Deo.
1820 1958 1953 1988 Duobus
1973 1967 2048 1997 ergo
2071 1956 2163 1996 agnis

1205 2005 1239 2034 in
1263 2003 1406 2043 singulos
1427 2003 1495 2033 dies
1512 2003 1637 2033 litatum
1658 2002 1729 2038 fuit,
1753 2006 1789 2031 ut
1801 2000 1966 2030 Israelitae
1985 1999 2034 2030 6111
2054 2004 2162 2029 reatus

1206 2052 1237 2078 et
1256 2046 1472 2077 damnationis
1491 2045 1655 2080 admoniti,
1676 2055 1693 2074 a
1712 2043 1869 2083 principio
1889 2052 1988 2081 usque
2006 2041 2046 2071 ad
2065 2042 2163 2071 finem

1207 2089 1287 2125 diei,
1328 2088 1367 2119 ad
1404 2089 1463 2118 Dei
1500 2086 1748 2118 misericordiam
1789 2085 1962 2124 confugere
1993 2084 2161 2114 discerent.

1207 2132 1359 2163 Delectus
1383 2136 1489 2162 autem
1514 2130 1573 2160 fuit
1596 2140 1698 2169 agnus
1720 2129 1759 2159 ad
1783 2128 1842 2158 1106
1869 2127 2076 2163 sacrificium,
2107 2125 2163 2165 qui

1206 2185 1307 2214 purus
1330 2179 1414 2205 esset
1437 2184 1472 2204 ac
1495 2174 1635 2212 integer:
1672 2182 1746 2202 nam
1775 2171 1807 2200 in
1838 2175 1941 2201 aetate
1969 2173 2080 2200 notata
2103 2168 2163 2199 fuit

1206 2217 1358 2257 perfectio
1378 2216 1427 2246 vel
1447 2216 1624 2255 integritas.
1650 2213 1769 2244 Addita
1789 2213 1850 2243 fuit
1868 2212 1984 2243 oblatio
1997 2212 2163 2251 placentae

1206 2260 1274 2290 oleo
1298 2258 1451 2294 conditae,
1476 2263 1507 2289 et
1530 2258 1666 2288 libamen
1691 2256 1768 2286 vini.
1816 2255 1956 2286 Dubium
1980 2264 2075 2293 porro
2098 2263 2163 2284 non

1207 2310 1255 2333 est
1278 2302 1355 2341 quin
1379 2301 1429 2331 his
1452 2300 1606 2341 symbolis
1629 2299 1732 2330 edocti
1763 2298 1882 2328 fuerint
1910 2302 2050 2334 veteres,
2081 2296 2161 2327 nihil

1206 2344 1381 2384 insipidum
1404 2344 1518 2374 offerre
1542 2342 1611 2372 Deo
1641 2342 1688 2372 fas
1719 2351 1796 2371 esse.
1843 2341 1931 2371 Deus
1961 2339 2089 2379 quidem
2112 2349 2163 2370 sa-

1207 2389 1292 2427 poris
1323 2386 1492 2417 dulcedine
1525 2385 1702 2416 oblcctatus
1736 2394 1799 2413 non
1830 2383 1903 2418 fuit,
1933 2392 2037 2421 neque
2067 2382 2162 2412 etiam

1207 2429 1387 2461 sacerdotes
1410 2429 1512 2459 voluit
1535 2437 1715 2457 assuescere
1737 2426 1881 2462 lautitiis,
1904 2429 1940 2455 ut
1959 2425 2017 2455 sub
2037 2424 2163 2464 religio-

1208 2474 1258 2503 nis
1289 2472 1391 2503 colore
1418 2471 1601 2511 liguritores
1629 2472 1750 2499 essent:
1786 2468 1853 2499 vini
1880 2468 1977 2498 etiam
2008 2467 2085 2497 odor
2107 2477 2164 2506 per

1209 2526 1243 2546 se
1267 2519 1379 2555 gratus
1402 2525 1471 2545 6666
1494 2513 1563 2543 Deo
1586 2523 1649 2542 non
1673 2511 1790 2551 potuit:
1826 2521 1936 2541 verum
1968 2510 2031 2540 huc
2054 2509 2163 2540 tende-

1210 2557 1288 2588 bant
1311 2556 1505 2592 conditurae,
1531 2566 1571 2585 ne
1594 2554 1729 2594 populus
1753 2553 1939 2584 subsisteret
1964 2553 1996 2583 in
2020 2551 2114 2582 nudis
2133 2557 2164 2581 et

1210 2600 1359 2631 inanibus
1387 2599 1513 2638 figuris,
1543 2597 1597 2627 sed
1628 2600 1816 2636 agnosceret
1844 2595 1965 2635 aliquid
1996 2595 2109 2625 melius
2133 2598 2164 2624 et

1211 2643 1428 2682 praestantius
1450 2640 1586 2672 subesse.
1629 2639 1752 2670 Gustus
1774 2649 1850 2679 ergo
1872 2638 1927 2669 ille
1951 2638 2018 2669 vini
2041 2642 2073 2668 et
2094 2637 2163 2674 olei,
