2304 3034
234 201 295 231 547

234 306 326 335 perv,
363 298 455 331 atque
484 291 562 322 adeo
593 292 697 330 ipsum
732 292 977 330 transfigurare.
1029 290 1201 322 Caeterum

235 337 348 367 fusiles
363 335 512 371 voi-ando,
534 345 597 364 non
620 333 760 364 admittit
781 333 965 372 sculpturas
978 333 1029 363 vel
1043 333 1200 373 picturas:

234 379 287 411 sed
320 378 392 417 quia
425 383 456 407 ut
488 377 662 417 plurimum
694 377 877 407 conflantur
907 387 945 406 ex
971 376 1111 416 pretiosa
1133 386 1201 406 ma-

234 422 332 456 teria,
368 419 485 450 diserte
519 419 699 450 cavendum
736 419 796 449 fuit
832 430 871 449 ne
901 417 975 449 deos
1006 429 1120 450 aureos
1150 419 1199 450 vel

234 468 403 503 argenteos
427 462 563 502 populus·
587 468 728 492 servaret
753 462 785 491 in
810 466 1047 492 oruamentum.

322 506 495 536 Deuteron.
525 505 580 541 16,
609 505 659 535 21.
694 504 762 535 Non
788 503 959 543 plantabis.
1005 504 1099 535 Hanc
1123 514 1200 543 quo-

233 560 293 588 qne
324 554 447 588 partem
480 558 548 578 esse
579 547 713 578 secundi
742 547 907 586 praecepti
938 558 976 577 ex
1001 547 1065 577 fine
1088 546 1199 586 liquet.

234 592 363 623 §einins
396 591 539 630 profanis
573 590 725 630 gentibus
760 600 866 620 saeros
900 590 996 619 fuisse
1026 589 1130 626 lucos⁷
1166 594 1198 620 ut

234 634 322 665 nulla
361 633 425 664 fere
460 633 574 673 religio
605 634 724 663 iustam
757 632 843 672 apud
874 642 927 662 eos
958 632 1198 663 venerationem

233 677 365 708 haberet
396 676 514 715 alisque
538 676 653 706 umbra
678 676 836 706 arborum.
884 675 997 714 Itaque
1023 685 1063 705 ne
1087 675 1199 705 simili-

233 719 311 750 tudo
345 729 417 750 cum
450 719 505 749 illo
539 719 701 749 communi
739 729 796 749 usu
829 718 961 748 vitiaret
990 728 1106 757 purum
1139 718 1201 748 Dei

233 763 371 795 cultum,
395 762 585 800 interposita
607 761 667 791 fuit
692 761 855 791 distantia.
902 760 977 791 Huc
1000 771 1076 801 ergo
1100 760 1201 791 tendit

233 805 414 845 prohibitio,
436 810 471 834 ut
491 805 618 842 fugiant
631 804 742 834 Iudaei
762 814 874 834 omnes
894 802 1088 834 adventitios
1104 804 1200 834 ritus:

234 859 274 879 ne
297 848 321 878 si
347 848 478 887 propius
503 847 542 878 ad
567 853 679 887 gentes
703 846 871 882 accedant,
899 847 956 876 fiat
978 846 1094 877 vitiosa
1117 855 1201 876 com-

233 891 349 921 mistio.
392 891 494 921 Porro
519 901 613 929 quam
639 890 818 921 necessaria
842 889 938 920 fuerit
960 888 1142 928 prohibitio,
1163 899 1201 920 ex

234 933 359 964 fervida
383 933 598 963 aemulatione
623 937 771 972 apparet,
797 933 887 963 cuius
911 932 1031 971 passim
1056 932 1088 962 in
1113 942 1204 963 sacra

236 977 369 1007 historia
400 976 435 1006 tit
465 977 595 1006 mentio.
642 975 707 1006 Vix
739 975 824 1006 enin]
855 975 955 1005 ullum
988 975 1049 1005 fuit
1078 980 1203 1014 tempus

234 1030 294 1058 quo
309 1019 525 1049 abstinuerint
545 1019 583 1049 ab
603 1018 748 1049 excelsis.
781 1018 846 1049 Nec
867 1024 987 1048 temere
1007 1017 1204 1057 exprobrant

234 1062 336 1092 Isaias
367 1069 396 1092 et
423 1061 576 1092 Ieremias
606 1061 665 1092 sub
697 1061 783 1092 omni
809 1061 923 1091 arbore
948 1059 1099 1091 frondosa
1123 1071 1205 1092 scor-

236 1110 320 1135 tatos
345 1115 422 1135 esse.
469 1104 544 1145 (Isa.
570 1105 620 1141 57,
645 1105 673 1135 5.
719 1104 835 1134 Ierem.
861 1104 889 1142 ⁴2,
914 1103 955 1134 20
979 1109 1009 1133 et
1033 1102 1061 1141 3,
1085 1102 1126 1144 6).

501 1273 565 1305 EX
597 1273 746 1305 EXODI
768 1273 834 1304 XX
843 1273 935 1305 XIV.

322 1361 370 1391 11.
398 1360 523 1391 Custodi
554 1360 633 1399 quod
656 1370 706 1400 eyo
724 1359 884 1399 praecipio
907 1358 961 1389 tibi
984 1358 1080 1390 hodie.
1126 1358 1203 1390 Ecce

234 1414 285 1443 690
315 1403 437 1434 eiiciam
467 1414 484 1433 a
515 1403 595 1442 facie
618 1405 672 1433 tua
696 1402 941 1438 Amorrlzaeum,
972 1401 1202 1439 Clzananaeum,

233 1446 409 1483 Hittaeum,
457 1445 678 1483 Phcrcsaeum,
726 1445 895 1483 Hiracum,
940 1447 966 1475 ct
1010 1444 1201 1476 Iebusaeum.

235 1490 283 1520 12.
306 1488 385 1522 Cane
415 1488 470 1519 tibi
501 1499 537 1518 ue
564 1489 642 1528 forti:
658 1488 820 1526 percutias
842 1488 950 1527 foedus
970 1497 1036 1518 cum
1059 1487 1204 1518 habitato-

232 1533 319 1563 ribus
350 1532 418 1562 eius
447 1534 546 1562 terrae
575 1532 617 1562 ad
645 1541 738 1570 quam
767 1531 966 1571 iuqrcsszmm
995 1540 1039 1568 63,
1069 1540 1105 1561 ne
1126 1530 1204 1570 forte

232 1575 296 1606 sint
316 1576 348 1605 in
366 1575 510 1614 laqueum
532 1574 577 1604 vel
599 1573 816 1613 offendiculum
839 1574 872 1604 in
895 1573 993 1604 medio
1014 1573 1069 1604 tui.
1105 1573 1202 1606 Item:

235 1618 283 1649 15.
303 1618 351 1648 Nc
361 1619 437 1657 forte
446 1618 605 1656 percutias
621 1617 729 1656 foedus
747 1626 815 1647 cum
827 1615 1049 1647 habitatoribus
1068 1616 1135 1646 eius
1148 1618 1203 1647 ter-

233 1672 296 1695 ras,
310 1663 341 1691 nt
359 1662 531 1691 scortentur
544 1662 617 1698 post
636 1660 707 1690 deos
725 1669 806 1695 suos,
820 1661 846 1689 ct
857 1659 1027 1698 sacrificent
1045 1659 1108 1690 diis
1119 1659 1202 1690 suis:

232 1707 311 1734 vocet
336 1706 436 1734 (uatem
460 1705 487 1733 te
510 1703 683 1742 quispiam,
707 1704 733 1732 et
756 1702 893 1733 comedas
915 1712 929 1732 e
951 1702 1104 1741 sacrificio
1126 1702 1200 1732 eius.

235 1747 283 1777 16.
298 1746 340 1777 Et
357 1746 434 1785 forte
452 1746 591 1784 accipias
608 1756 623 1776 e
643 1745 769 1783 filiabus
793 1745 859 1775 eius
880 1744 959 1784 filiis
981 1746 1052 1781 tuis,
1076 1747 1102 1775 et
1124 1754 1202 1775 scor-

230 1793 332 1820 tentur
346 1789 431 1828 filiae
450 1789 517 1818 cius
533 1790 603 1827 past
625 1788 695 1818 deos
714 1788 865 1826 ipsarum,
890 1790 916 1818 ct
939 1788 1067 1818 scortari
1084 1787 1203 1827 faciant

229 1833 312 1872 filios
334 1835 401 1862 tuos
419 1834 491 1870 post
513 1831 583 1861 deos
606 1841 722 1861 earum.

553 2011 617 2042 EX
643 2010 774 2042 DEUT.
801 2010 877 2041 VII.

318 2097 344 2127 1.
381 2100 479 2136 (guum
516 2097 720 2127 iatrodmrcrit
752 2099 778 2126 te
808 2095 923 2126 Iehova
951 2095 1040 2126 Deus
1070 2097 1141 2124 tuus
1170 2094 1201 2124 iu

231 2143 346 2171 terram
380 2140 411 2170 iu
435 2150 527 2179 quam
548 2140 732 2179 iizgsrcdicris
750 2138 988 2178 possidendam,
1019 2140 1046 2167 ct
1069 2136 1202 2167 evellerit

230 2186 331 2223 yentcs
364 2183 477 2213 multos
506 2194 524 2213 (ι
554 2182 635 2221 faeie
666 2184 736 2212 tua.-
768 2182 944 2217 Ilittacum,
982 2180 1200 2220 Geryosaeum,

233 2225 475 2260 itmurrlmenm,
504 2225 739 2262 mammaeam,
766 2224 964 2260 Perisaeum,
990 2223 1150 2258 Hivaeum,
1176 2224 1202 2252 et

234 2268 430 2299 Iclmsacum.
459 2271 569 2308 scptcm
598 2270 699 2307 ycntcs
734 2278 862 2307 nzayuas
889 2268 916 2297 et
946 2265 1130 2297 robustiores
1159 2266 1203 2294 te:

234 2314 262 2342 2.
288 2311 328 2341 Et
355 2312 519 2342 tradiderit
549 2321 601 2340 eus
626 2310 737 2341 [estora
761 2310 850 2341 Deus
879 2312 950 2339 tuus
979 2318 1082 2340 coram
1105 2310 1145 2343 te,
1176 2309 1201 2337 et

228 2355 421 2393 percusseris
443 2365 510 2384 eas:
535 2354 691 2393 lim-dendo
710 2353 822 2392 perdes
845 2363 912 2383 eas:
934 2361 993 2381 uon
1016 2351 1111 2381 inibis·
1133 2359 1200 2381 cum

237 2397 298 2427 illis
314 2400 447 2435 pactum,
473 2407 566 2435 neqzw
590 2396 781 2426 misereberis·
804 2404 920 2426 czerum.
956 2394 984 2424 3.
1000 2393 1069 2424 Xon
1096 2393 1201 2431 mizyes

234 2442 260 2469 tc
278 2441 428 2477 affinitate
451 2450 516 2470 cum
541 2440 593 2471 cis,
616 2439 713 2477 silium
739 2442 824 2469 tuam
847 2448 906 2468 non
930 2437 1018 2467 dabis
1039 2436 1104 2474 filio
1126 2435 1201 2471 cius,

234 2483 376 2520 etlilium
402 2483 469 2513 ‘sius
492 2493 548 2512 noa
573 2482 705 2520 accipies
726 2481 791 2519 filio
814 2484 871 2511 luo.
908 2479 936 2510 4.
951 2479 1098 2510 Arocahit
1120 2477 1201 2508 enim

233 2524 334 2563 silium
359 2528 445 2555 tuum
468 2536 485 2554 a
511 2536 570 2562 mc,
593 2527 619 2555 ct
642 2524 732 2555 colvm
757 2524 839 2555 Deos
862 2523 993 2554 alienos:
1016 2521 1094 2551 undu
1117 2521 1200 2550 iras-

235 2570 317 2597 crtus
339 2569 429 2605 s'uror
457 2567 583 2598 [elmi-ae
610 2568 639 2597 in
667 2578 725 2604 cos,
752 2569 781 2597 ut
804 2566 963 2605 disperdat
986 2567 1011 2595 te
1033 2564 1097 2595 cito.

923 196 1176 229 SECUNDUM
1211 198 1534 231 PRAEOEPTUM.

2158 200 2219 232 548

1548 293 1604 324 EX
1628 292 1777 324 EXODI
1801 293 1932 324 XXIII.

1338 379 1387 410 31.
1413 379 1503 410 Dabo
1536 379 1567 410 iu
1596 389 1723 409 manum
1752 381 1885 409 vestram
1904 379 2091 411 habitatores
2111 382 2218 418 terrae,

1252 424 1279 452 ct
1308 421 1437 461 expelles
1468 432 1515 453 cos
1542 432 1562 452 α
1591 421 1670 461 facie
1701 424 1763 452 tua.
1810 421 1860 452 32.
1887 422 1958 453 Nou
1977 423 2130 461 percuties
2151 433 2219 455 cum

1255 464 1333 503 ipsis
1350 465 1467 504 foedus,
1491 475 1543 496 uec
1561 475 1628 495 cum
1647 465 1711 495 diis
1733 474 1846 495 eorum.
1882 464 1931 495 33.
1948 465 2019 496 Non
2042 465 2221 497 habitabunt

1251 507 1284 537 in
1314 510 1398 538 terra
1428 511 1495 538 tua:
1526 518 1562 538 ue
1592 508 1673 546 forte
1697 517 1824 546 peccare
1850 507 1970 546 faciant
2000 510 2026 538 te
2048 510 2151 540 contra
2173 518 2220 540 me

1251 550 1373 589 quando
1396 550 1525 581 colueris
1548 551 1619 581 deos
1642 560 1754 588 corum,
1777 550 1858 589 quod
1881 551 1938 581 erit
1960 550 2015 581 tibi
2039 551 2071 581 iu
2094 551 2220 591 offendi-

1250 593 1362 624 culum.

1338 677 1445 709 Exodi
1469 678 1519 715 34,
1546 678 1594 709 11.
1620 677 1747 709 Custodi
1770 678 1850 717 quod
1872 688 1923 718 eqo
1940 679 2110 718 praecipio.
2145 679 2218 710 Hae

1253 731 1379 761 quoque
1410 720 1603 761 appendices
1625 721 1754 751 tametsi
1775 721 1990 752 communiter
2013 721 2052 752 ad
2075 722 2218 761 primum

1253 770 1285 794 et
1307 764 1485 795 secundum
1511 768 1716 803 praeceptum
1741 762 1922 803 pertinent,
1946 764 1978 794 in
2003 764 2089 795 hunc
2112 764 2218 796 locum

1254 807 1448 837 differendae
1468 808 1606 841 fuerunt,
1632 807 1705 846 quia
1724 806 1757 836 in
1781 806 1845 837 illis
1869 806 2046 837 remedium
2071 806 2220 838 adhibuit

1253 849 1343 880 Deus
1374 850 1517 880 externis
1546 857 1577 879 et
1606 849 1786 879 manifestis
1809 849 1958 880 omnibus
1982 850 2217 889 superstitioni-

1254 892 1329 929 bus,
1360 903 1439 931 quae
1463 893 1554 922 facile
1576 891 1730 931 obrepere
1754 897 1904 931 poterant
1927 892 1987 922 nisi
2012 897 2140 923 mature
2163 893 2218 924 ob-

1256 935 1340 965 viam
1361 936 1440 965 itum
1463 936 1582 965 fuisset.
1613 935 1657 966 Ut
1681 945 1775 965 nemo
1798 934 1930 965 aliunde
1953 935 2107 975 impellat,
2131 936 2217 975 quis-

1256 989 1316 1017 que
1349 979 1385 1008 ad
1422 977 1635 1008 idololatriam
1669 977 1784 1017 cupide
1818 977 1979 1017 prosiliet:
2019 978 2072 1008 ubi
2107 984 2217 1010 autem

1255 1021 1345 1060 impii
1366 1021 1523 1052 accedunt
1541 1020 1631 1060 quasi
1654 1020 1781 1051 flabella
1805 1020 1901 1061 (quod
1926 1020 1996 1051 fieri
2020 1031 2149 1052 necesse
2172 1025 2222 1052 est

1256 1063 1330 1094 dum
1351 1074 1384 1094 se
1403 1074 1512 1094 eorum
1537 1063 1689 1094 societate
1708 1063 1851 1102 implicat
1864 1062 1925 1094 Dei
1946 1062 2096 1105 populus)
2115 1065 2220 1105 magis

1255 1117 1292 1137 ac
1322 1107 1424 1146 magis
1448 1106 1635 1137 accenditur
1658 1106 1791 1137 morbus
1814 1106 1876 1136 ille.
1923 1105 2018 1137 Certe
2042 1117 2123 1146 quae
2146 1118 2219 1139 cum

1256 1149 1320 1180 illis
1339 1149 1509 1180 intercedit
1534 1150 1661 1188 propior
1684 1148 1896 1188 necessitudo,
1921 1150 2010 1189 quasi
2035 1149 2147 1190 iugum
2171 1154 2220 1181 est

1255 1203 1316 1232 quo
1347 1202 1453 1223 secum
1479 1192 1555 1222 alios
1580 1191 1722 1222 trahunt.
1770 1192 1857 1232 Ergo
1881 1196 1916 1222 ut
1938 1191 2074 1232 populus
2097 1197 2218 1224 terram

1255 1236 1421 1276 ingressus
1446 1246 1559 1274 purum
1585 1245 1618 1265 se
1642 1240 1673 1264 et
1696 1235 1860 1275 integrum
1885 1234 1955 1265 Deo
1979 1240 2141 1272 servaret,
2166 1245 2218 1267 ca-

1258 1278 1395 1308 vendum
1427 1278 1489 1308 fuit?
1519 1289 1558 1308 ne
1582 1287 1660 1317 quas
1683 1277 1793 1308 sordes
1816 1278 2022 1308 contraheret
2044 1287 2062 1308 a
2085 1278 2218 1318 reliquis

1255 1320 1421 1362 gentibus:
1456 1320 1527 1351 ideo
1563 1321 1660 1351 voluit
1693 1321 1782 1351 Deus
1815 1331 1925 1351 omnes
1959 1320 2078 1352 incolas
2113 1326 2218 1352 terrae

1256 1364 1412 1395 Ubanaan
1448 1364 1575 1403 penitus
1606 1363 1720 1398 deleri,
1757 1373 1796 1393 ne
1825 1363 1963 1393 electum
1992 1364 2146 1403 populum
2177 1364 2217 1394 ad

1255 1417 1328 1437 suos
1352 1417 1484 1441 errores,
1509 1412 1540 1436 et
1562 1406 1715 1437 falsorum
1740 1405 1871 1436 deorum
1895 1406 2015 1437 cultum
2040 1406 2216 1439 allicerent.

1256 1449 1346 1480 Duas
1370 1456 1475 1480 autem
1501 1449 1636 1479 foederis
1660 1449 1781 1488 species
1804 1449 1856 1480 hic
1879 1448 2043 1480 interdicit
2056 1449 2154 1488 Deus,
2176 1460 2218 1480 ne

1256 1491 1308 1523 vel
1345 1491 1470 1531 publice
1506 1491 1556 1522 vel
1588 1492 1737 1531 privatim
1772 1502 1805 1522 se
1835 1492 2048 1531 coniungant:
2086 1491 2217 1523 tandem

1255 1546 1365 1566 omnes
1389 1535 1508 1574 absque
1533 1535 1626 1565 venia
1649 1535 1786 1565 interfici
1811 1534 1907 1565 iubet*
1949 1534 2119 1573 Quantum
2143 1535 2216 1566 atti-

1256 1582 1310 1608 net
1341 1577 1379 1608 ad
1409 1577 1521 1608 foedus
1550 1577 1730 1617 publicum,
1764 1577 1895 1617 speciali
1923 1578 2048 1608 ratione
2078 1579 2217 1609 vetitum

1254 1621 1316 1651 fuit
1347 1631 1386 1651 ne
1416 1631 1449 1650 se
1479 1621 1622 1659 reprobis
1654 1621 1826 1651 miscerent
1854 1620 1912 1650 filii
1942 1619 2110 1652 Abrahae:
2141 1620 2217 1660 quia

1255 1663 1313 1694 hoc
1344 1663 1438 1693 modo
1469 1674 1502 1693 se
1530 1662 1714 1703 privassent
1741 1663 1885 1702 legitima
1914 1662 2113 1694 haereditate
2135 1673 2216 1703 quae

1255 1705 1410 1737 divinitus
1439 1706 1516 1745 ipsis
1546 1705 1706 1736 destinata,
1732 1711 1813 1736 erat:
1846 1717 1904 1737 nee
1927 1710 2083 1736 renovata
2105 1706 2218 1738 fuisset

1253 1754 1359 1780 terrae
1378 1749 1474 1779 facies
1492 1748 1639 1788 purgatis
1658 1749 1805 1778 omnibus
1829 1749 2092 1788 inquinamentis.
2127 1748 2215 1788 Quo-

1253 1793 1338 1822 niam
1364 1802 1441 1831 ergo
1462 1791 1544 1821 iusto
1568 1791 1684 1822 iudicio
1709 1791 1831 1830 pridem
1855 1796 2015 1822 statuerat
2028 1792 2117 1822 Deus
2140 1802 2217 1831 gen-

1255 1842 1301 1865 tes
1321 1835 1391 1865 illas
1413 1834 1556 1873 perdere,
1577 1834 1664 1864 nefas
1689 1835 1749 1864 fuit
1773 1834 1847 1864 filiis
1862 1834 2012 1864 Abrahae
2035 1834 2217 1866 rescindere

1254 1877 1389 1908 coeleste
1424 1877 1604 1912 decretum,
1644 1876 1693 1906 vel
1728 1875 1899 1916 quidquam
1936 1887 1975 1907 ex
2009 1887 2045 1907 eo
2079 1883 2216 1909 mutare.

1254 1920 1367 1959 Itaque
1401 1920 1426 1950 si
1458 1920 1528 1959 quis
1559 1919 1701 1958 praecise
1731 1925 1861 1958 urgeat,
1893 1930 1956 1950 non
1987 1919 2083 1950 licere
2112 1920 2216 1951 ullum

1255 1974 1324 1994 cum
1353 1963 1459 2002 impiis
1486 1962 1596 1992 foedus
1621 1967 1786 2001 percutere
1810 1963 1883 2001 quia
1907 1962 1937 1992 id
1962 1962 2038 1992 olim
2053 1962 2144 1993 Deus
2163 1973 2217 1994 ve-

1254 2007 1329 2036 tuit,
1353 2015 1417 2035 non
1443 2005 1522 2035 bene
1546 2004 1799 2041 ratiocinabitur,
1824 2006 1897 2044 quia
1919 2004 2010 2035 nobis
2034 2005 2129 2036 hodie
2151 2015 2216 2036 non

1254 2048 1410 2088 praecipit
1434 2048 1522 2078 Deus
1550 2047 1724 2078 vindictam
1748 2048 1895 2086 exsequi,
1927 2048 2041 2087 impios
2064 2058 2176 2078 omnes
2200 2058 2217 2078 e

1254 2092 1319 2122 vita
1338 2090 1491 2121 tollendo:
1517 2090 1609 2121 sicuti
1631 2099 1687 2120 nec
1707 2089 1860 2120 ecclesiae
1879 2090 2043 2129 assignata
2064 2096 2112 2121 est
2130 2095 2217 2122 certa

1253 2135 1340 2175 regio
1364 2134 1395 2164 in
1420 2144 1480 2172 qua
1504 2143 1646 2163 seorsum
1672 2131 1794 2162 habitet
1817 2142 1853 2162 ac
1877 2132 2069 2164 dominetur.
2105 2132 2216 2173 Neque

1252 2182 1361 2207 tamen
1381 2175 1512 2213 infitior,
1535 2175 1642 2214 aliqua
1661 2186 1699 2206 ex
1721 2180 1810 2214 parte
1830 2175 1869 2205 ad
1889 2185 1948 2205 nos
1968 2180 2114 2214 spectare
2133 2175 2217 2216 quod

1252 2219 1352 2250 veteri
1385 2218 1501 2258 populo
1531 2218 1718 2248 mandatum
1751 2222 1805 2247 est.
1860 2217 1928 2247 Imo
1958 2217 2130 2257 diligenter
2160 2229 2217 2250 no-

1252 2262 1385 2293 tandum
1407 2267 1453 2292 est
1477 2260 1560 2300 quod
1586 2271 1688 2300 nuper
1712 2261 1815 2299 attigi,
1839 2260 1892 2299 qui
1915 2265 2029 2300 sponte
2051 2261 2159 2301 impiis
2183 2272 2216 2293 se

1251 2305 1452 2344 coniungunt.
1471 2304 1559 2343 quasi
1584 2303 1694 2343 iugum
1719 2303 1825 2334 subire
1849 2314 1911 2342 quo
1934 2304 1967 2332 in
1991 2303 2126 2334 exitium
2151 2308 2216 2334 tra-

1252 2348 1381 2378 hantur.
1437 2347 1477 2377 Et
1507 2351 1591 2377 certe
1622 2346 1679 2376 hac
1711 2345 1920 2376 similitudine
1949 2346 2139 2385 complexus
2169 2353 2218 2378 est

1255 2390 1373 2420 Paulus=
1396 2389 1438 2430 (2.
1463 2390 1535 2419 (lor.
1561 2389 1588 2423 6,
1618 2388 1670 2430 14)
1696 2389 1833 2418 rationes
1856 2399 1968 2419 omnes
1990 2389 2104 2428 quibus
2128 2400 2160 2421 se
2183 2390 2216 2420 in

1251 2433 1505 2463 familiaritatem
1530 2437 1672 2461 nostram
1697 2431 1863 2462 insinuant
1886 2431 2060 2469 increduli,
2092 2438 2127 2463 ut
2150 2432 2217 2463 suis

1251 2476 1439 2514 corruptelis
1460 2485 1518 2504 nos
1542 2474 1724 2513 illaqueent.
1760 2473 1871 2513 Itaque
1895 2473 1998 2513 quoad
2021 2475 2090 2505 fieri
2113 2479 2219 2515 potest

1252 2517 1407 2549 solvenda
1437 2523 1512 2547 sunt
1545 2518 1648 2556 potius
1679 2517 1785 2547 omnia
1816 2517 2052 2548 coniunctionis
2080 2517 2216 2555 vincula,

1253 2572 1347 2600 quam
1385 2568 1416 2590 ut
1452 2559 1490 2590 ad
1525 2560 1582 2590 Dei
1619 2559 1725 2590 hostes
1756 2559 1950 2597 accedendo,
1982 2560 2125 2591 sinamus
2158 2569 2217 2591 nos

1253 2614 1361 2633 eorum
1395 2602 1552 2633 illecebris
1576 2602 1614 2633 ab
1639 2603 1705 2641 ipso
1729 2601 1856 2632 abduci:
1887 2613 2014 2643 semper
2038 2602 2122 2633 enim
2147 2603 2215 2642 qui-

1255 2646 1440 2685 buscunque
1459 2650 1607 2685 poterunt
1633 2645 1775 2677 artificiis
1799 2644 1972 2676 divortium
1997 2645 2083 2677 inter
2106 2656 2162 2677 nos
2185 2649 2218 2676 et
