2304 3034
68 196 129 227 577

69 287 201 327 reliquis
225 287 335 318 diebus
357 286 455 317 festis.
501 284 542 315 Et
565 292 750 323 quanquam
775 292 826 312 res
849 286 925 312 sunt
948 292 1023 312 con·
1048 302 1050 317 ,

69 331 196 362 iunctae
233 328 471 360 tabernaculum
499 336 570 357 cum
601 325 667 355 suis
695 325 862 355 sacrificiis
892 325 1023 363 ipsoque
1048 335 1050 366 2

69 371 259 409 sacerdotio,
289 376 320 402 et
347 368 524 402 observatio
551 367 712 398 sabbathi:
743 377 806 397 non
832 372 951 397 temere
974 377 1023 397 se-

67 425 176 446 orsum
200 414 340 445 instituti
362 416 437 444 sunt
460 411 525 441 dies
546 410 628 446 festi,
653 414 688 439 ut
710 409 771 439 hoc
792 408 932 439 subsidio
956 418 1023 438 ma-

70 458 119 499 gis
138 457 333 488 animaretur
351 453 483 494 populus
502 452 541 483 ad
561 451 733 483 fovendam
756 451 915 481 unitatem
939 451 1022 488 fidei,

69 504 102 531 et
130 498 332 530 retinendum
362 496 512 528 ecclesiae
541 504 742 525 consensum.
788 494 923 524 Interim
953 504 1023 523 mu-

72 548 128 573 tua
157 540 329 572 sanctuarii
356 544 388 570 et
409 537 555 569 sabbathi
578 536 759 568 coniunctio
783 547 822 566 ex
847 536 1022 575 superiori-
1048 550 1050 559 ι

70 584 129 616 bus
173 584 281 623 liquet.
346 581 417 612 Hoc
461 579 588 619 quiden]
633 578 760 609 illustre
805 588 873 609 esse
921 578 1023 608 voluit

70 627 161 658 Deus
190 624 379 657 discriminis
409 621 588 663 symbolum
618 621 703 652 inter
726 621 860 652 Iudaeos
889 625 920 650 et
949 630 1022 660 pro-

70 669 162 700 fanas
200 672 319 708 gentes.
373 664 465 697 Unde
496 670 527 695 et
560 663 723 699 diabolus,
757 674 819 703 quo
854 663 1049 699 1111011110111,1

71 715 251 751 aspergeret
270 718 367 748 purae
385 712 574 746 sanctaeque
593 706 751 746 religioni,
775 716 831 745 per
854 711 1022 744 protervas

69 753 196 793 linguas
214 751 336 783 iudaica
356 749 511 781 sabbatha
534 759 627 788 saepe
651 748 804 779 traduxit.
837 748 937 779 Porro
960 758 1022 787 quo

70 795 185 826 melius
207 798 312 834 pateat
334 792 409 832 quid
433 791 507 822 huic
530 796 700 831 praecepto
723 791 766 822 sit
788 791 963 831 proprium,
992 794 1022 820 et

70 837 145 878 quid
169 848 187 868 a
208 837 308 876 primo
329 838 511 874 separatum
536 834 666 871 habeat,
696 833 833 864 tenenda
857 838 905 863 est
928 833 1021 872 spiri-

70 880 166 911 tualis
189 879 307 919 figurae
329 877 463 908 veritas:
495 877 568 916 quia
591 887 654 907 non
679 880 803 906 tantum
829 875 896 906 dies
919 881 1022 906 certos

70 920 274 962 praescripsit
296 920 383 950 Deus
413 919 451 949 ad
485 919 647 949 habendos
670 924 865 954 conventus,
890 917 943 948 ubi
967 928 1021 957 po·
1046 945 1048 960 ,

69 965 163 1005 pulus
185 962 352 999 sacrificiis
377 961 532 1001 precibus,
556 966 586 991 et
609 962 678 992 eius
700 960 900 992 celebrandis
924 960 1023 990 laudi—

69 1007 128 1039 bus
149 1015 275 1046 operam
298 1004 405 1035 daret:
436 1004 492 1035 sed
515 1010 589 1034 ante
612 1003 720 1034 0011100
743 1004 849 1043 posuit
870 1004 1021 1034 sanctita·

69 1049 111 1080 tis
128 1057 293 1084 summam,
316 1052 353 1077 ut
370 1047 489 1086 singuli
508 1047 546 1077 ab
565 1046 713 1086 operibus
731 1047 797 1077 suis
821 1046 1020 1076 desisterent.

70 1091 166 1124 Certe
191 1090 253 1121 otio
275 1094 305 1120 et
328 1089 447 1120 desidia
471 1100 535 1119 non
558 1089 735 1119 oblectatur
760 1089 863 1126 Deus,
887 1088 1021 1127 ideoque

68 1133 252 1173 simpliciter
279 1132 312 1162 in
343 1132 519 1163 cessatione
549 1142 703 1162 manuum
734 1137 763 1161 et
794 1131 910 1170 pedum
940 1130 1021 1160 nihil

67 1176 128 1208 fuit
149 1175 311 1206 momenti.
356 1174 426 1204 Imo
448 1174 557 1204 feriari
581 1184 646 1204 non
670 1174 731 1204 alio
756 1180 901 1213 respectu
925 1182 1020 1212 quam

65 1222 102 1250 ut
119 1218 256 1258 quietem
277 1227 368 1248 suam
392 1222 549 1256 ponerent
571 1216 604 1247 in
628 1217 689 1247 Dei
712 1216 810 1254 cultu,
834 1216 947 1246 frivola
970 1215 1021 1245 fu-

63 1261 140 1292 isset
159 1260 348 1300 superstitio.
386 1259 495 1297 Quare
519 1269 559 1289 ne
583 1269 727 1290 erremus
750 1259 782 1289 in
806 1269 902 1289 sensu
925 1258 1020 1288 huius

63 1303 239 1344 praecepti,
268 1308 377 1333 tenere
406 1302 557 1333 convenit
587 1302 633 1332 rei
663 1303 810 1342 signatae
837 1301 1019 1341 analogiam

64 1349 96 1378 et
124 1355 330 1376 consensum:
361 1349 397 1375 ut
420 1344 540 1375 scilicet
563 1343 675 1375 Iudaei
695 1345 815 1376 scirent
838 1354 900 1374 non
925 1343 1020 1374 aliter

63 1389 163 1420 vitam
183 1398 271 1419 suam
291 1397 381 1426 posse
396 1386 463 1417 Deo
483 1387 619 1426 probari,
644 1387 706 1417 nisi
729 1386 882 1418 cessando
906 1396 925 1416 a
947 1396 1019 1425 pro-

64 1432 141 1471 priis
170 1431 333 1470 operibus,
372 1430 543 1463 rationem,
579 1429 727 1466 consilia,
762 1439 876 1460 sensus
910 1439 1020 1459 omnes

62 1474 169 1504 carnis
186 1479 217 1504 et
235 1471 365 1503 aflectus
388 1479 554 1503 exuerent.
588 1472 700 1511 Neque
724 1473 808 1502 enim
833 1472 922 1502 vetiti
945 1476 1019 1502 sunt

64 1516 132 1547 sine
161 1516 345 1555 exceptione
375 1515 545 1555 quidquam
576 1516 682 1555 operis
711 1514 860 1554 aggredi,
892 1514 966 1553 quia
990 1519 1021 1544 et

64 1558 212 1598 parvulos
224 1558 461 1594 circumcidere,
485 1562 516 1588 et
540 1557 685 1588 victimas
709 1557 866 1588 adducere
888 1557 920 1586 in
944 1557 1020 1587 atri-

63 1611 133 1638 um,
163 1606 195 1632 et
216 1601 372 1632 sacrificia
394 1601 510 1631 offerre
533 1600 587 1630 illo
611 1600 661 1630 die
684 1601 842 1640 oportuit:
874 1599 929 1630 sed
950 1605 1020 1629 tan-

63 1647 131 1674 tum
153 1644 290 1674 revocati
312 1647 387 1674 sunt
410 1653 428 1673 a
451 1643 516 1673 suis
536 1642 701 1682 operibus,
725 1648 761 1673 ut
784 1648 937 1682 tanquam
961 1642 1020 1673 sibi

63 1691 94 1717 et
112 1686 230 1716 mundo
250 1686 376 1721 mortui,
400 1686 528 1725 penitus
547 1696 579 1716 se
593 1685 662 1715 Deo
685 1684 879 1715 addicerent.
911 1684 1021 1723 Quare

62 1727 137 1759 dum
166 1728 239 1758 alibi
269 1728 384 1768 (Exod.
413 1728 470 1765 31,
510 1728 562 1768 13)
590 1738 645 1767 per
676 1728 790 1758 Mosen
821 1728 1020 1767 pronunciat,

62 1770 176 1802 deinde
199 1782 255 1810 per
267 1770 468 1801 Ezechielem
493 1770 556 1811 (20,
581 1770 642 1811 12),
667 1770 726 1801 hoe
749 1771 833 1801 inter
856 1781 889 1801 se
912 1776 943 1800 et
966 1769 1019 1800 Iu-

61 1813 155 1844 daeos
182 1814 309 1854 signum
340 1824 409 1844 esse
439 1813 522 1853 quod
546 1824 600 1844 eos
624 1814 815 1850 sanctificet,
844 1812 1018 1843 videndum

60 1860 110 1887 est
137 1866 218 1895 quae
245 1856 286 1886 sit
315 1855 410 1887 huius
440 1856 702 1887 sanctificationis
730 1864 872 1886 summa:
905 1865 1019 1895 nempe

61 1900 165 1930 carnis
183 1899 341 1935 interitus,
361 1899 437 1929 dum
456 1909 489 1929 se
508 1899 594 1938 ipsos
613 1899 776 1938 abnegant
795 1898 950 1935 homines,
971 1908 1018 1929 se-

61 1951 122 1980 que
159 1947 285 1972 terreno
315 1942 445 1981 ingenio
474 1941 637 1979 abdicant,
673 1947 710 1971 ut
740 1946 895 1981 regantur
922 1946 1019 1980 atque

61 1988 200 2024 agantur
222 1984 336 2024 spiritu
360 1984 430 2014 Dei.
466 1983 660 2023 Quanquam
684 1994 734 2015 res
758 1984 820 2014 iam
845 1983 924 2014 satis
948 1994 1019 2023 per-

61 2026 171 2065 spicua
193 2032 248 2063 est,
270 2037 384 2066 operae
399 2027 538 2066 pretium
563 2027 623 2057 erit
646 2036 716 2057 eam
739 2025 881 2065 pluribus
904 2027 1019 2056 confir-

61 2079 157 2099 mare.
202 2070 250 2099 Ac
277 2069 380 2109 primo
410 2069 536 2108 quidem
567 2069 800 2100 caeremoniale
831 2068 891 2099 hoc
921 2069 1019 2100 fuisse
1045 2104 1046 2107 Ἰ

62 2115 264 2151 praeceptum
278 2112 398 2142 Paulus
417 2112 501 2142 clare
521 2111 613 2142 docet
624 2111 707 2152 (Col.
731 2112 759 2148 2,
785 2110 846 2152 17),
872 2112 1018 2142 umbram

62 2163 172 2184 earum
191 2164 297 2185 rerum
322 2164 438 2185 vocans
461 2165 595 2194 quarum
619 2154 755 2184 solidum
778 2164 893 2193 corpus
915 2159 964 2185 est
987 2155 1019 2184 in

63 2194 201 2227 Christo.
235 2196 328 2235 Quod
348 2197 374 2227 si
397 2197 596 2228 caeremonia
621 2197 779 2227 duntaxat
802 2197 861 2226 fuit
884 2201 1020 2228 externa

63 2237 167 2276 quies,
202 2238 289 2269 cuius
319 2239 350 2269 in
382 2239 512 2270 Christo
544 2239 728 2279 quaerenda
758 2240 799 2270 sit
829 2239 1018 2277 substantia,

63 2279 145 2310 scire
167 2290 253 2312 nunc
276 2286 374 2312 restat
398 2281 557 2321 quomodo
581 2293 614 2312 re
634 2283 703 2322 ipsa
726 2281 910 2312 exhibuerit
923 2282 1019 2313 Chri-

64 2326 134 2352 stus
156 2323 237 2361 quod
267 2330 343 2355 tunc
373 2325 546 2364 figuratum
579 2325 647 2355 fuit.
693 2324 764 2354 Hoc
788 2335 881 2363 porro
905 2324 1019 2355 definit

64 2363 148 2394 idem
178 2366 338 2404 apostolus
366 2377 464 2406 quum
495 2367 594 2398 tradit
623 2366 729 2407 (Rom.
755 2367 790 2403 6,
820 2366 852 2407 6)
878 2373 1018 2399 veterem

65 2411 209 2437 nostrum
232 2407 391 2440 hominem
414 2410 604 2441 crucifixum
628 2420 697 2441 csse
720 2421 792 2440 011111
819 2410 963 2447 Christo,
987 2416 1019 2442 et

65 2459 124 2479 nos
147 2449 175 2479 ei
197 2451 406 2490 consepultos,
429 2458 465 2482 ut
489 2452 580 2483 nobis
604 2453 672 2483 eius
697 2452 888 2483 resurrectio
912 2453 954 2484 sit
970 2454 1018 2484 vi-

65 2494 116 2521 tae
153 2492 287 2523 novitas.
338 2494 385 2525 Ac
421 2499 507 2525 certe
540 2506 579 2526 ex
614 2495 723 2526 multis
754 2495 830 2526 loeis
855 2495 1019 2536 colligitur

66 2543 134 2563 rem
146 2533 243 2564 fuisse
261 2536 397 2567 maxime
415 2538 530 2568 seriam
550 2538 740 2569 sabbathum
759 2547 901 2568 servare:
922 2550 1020 2578 quan-

767 189 992 228 QUARTUM
1016 189 1335 222 PRAECEPTUM.

67 2574 106 2606 do
128 2575 251 2606 nullum
273 2577 357 2608 aliud
380 2585 583 2619 praeceptum
607 2581 734 2620 saepius
757 2580 896 2611 inculcat
919 2581 1018 2619 Deus,

67 2628 125 2648 nec
153 2618 321 2658 quidquam
350 2622 489 2653 severius
518 2623 637 2663 exigit:
667 2622 781 2654 deinde
804 2622 858 2654 ubi
880 2634 1019 2664 conque-

167 2667 276 2694 Calvimi
291 2677 382 2702 opera.
420 2671 476 2698 Vol.
497 2672 610 2700 XXIV.

1979 196 2041 226 578

1077 283 1159 313 ritur
1179 294 1212 314 se
1231 288 1415 323 contempto
1428 284 1564 315 Iudaeos
1582 284 1621 315 ad
1642 290 1820 317 extremam
1840 287 2039 327 impietatem

1075 325 1241 365 prolapsos
1261 337 1340 363 esse,
1364 331 1490 357 tantum
1511 327 1587 358 dicit
1610 327 1729 358 violata
1753 329 1849 360 fuisse
1873 331 2040 368 sabbatha,

1076 377 1111 398 ac
1141 368 1168 398 si
1196 369 1228 399 in
1260 379 1369 400 eorum
1401 369 1623 400 observatione
1654 372 1824 409 praecipue
1848 373 2039 404 consisteret

1076 409 1187 450 religio
1210 410 1305 452 (Iere.
1331 411 1387 449 17,
1410 412 1459 442 24.
1495 412 1568 442 Eze.
1592 411 1641 449 20,
1666 412 1714 443 21.
1747 414 1802 451 223
1833 415 1868 450 8,
1892 415 1941 446 23.
1972 416 2037 458 38).

1076 451 1170 490 Quod
1201 454 1263 484 nisi
1294 455 1449 485 eximium
1481 454 1601 494 aliquid
1625 459 1656 485 01
1679 455 1842 495 singulare
1866 457 1980 489 fuisset
2003 460 2037 490 in

1075 494 1244 532 sabbatho,
1276 496 1379 527 videri
1410 501 1518 536 posset
1539 507 1640 537 aequo
1663 499 1816 536 atrocius,
1848 499 1958 531 iubere
1982 501 2038 532 ho-

1077 537 1197 568 minem
1235 539 1375 569 interfici
1412 544 1538 569 tantum
1573 540 1724 579 quoniam
1756 541 1843 581 ligna
1881 542 2039 574 ceciderat

1074 578 1184 619 (Num.
1210 580 1259 618 15,
1284 580 1346 622 32).
1390 581 1498 619 Quare
1521 582 1729 613 statuendum
1753 588 1801 614 est
1823 583 2037 616 substantiam

1075 622 1237 661 sabbathi,
1273 634 1370 663 quam
1400 624 1522 655 Paulus
1557 624 1591 654 in
1621 624 1753 656 Christo
1781 627 1915 665 reperiri
1947 627 2038 659 docet

1075 675 1138 694 11011
1162 665 1260 696 fuisse
1284 666 1417 706 vulgare
1447 666 1575 706 aliquod
1598 666 1727 698 bonum.
1770 668 1837 700 Nec
1862 679 1938 699 vero
1969 671 2037 702 eius

1074 709 1269 746 praestantia
1303 709 1414 739 multis
1444 709 1556 748 elogiis
1585 709 1717 750 indiget,
1753 711 1827 750 quia
1860 711 2036 751 spiritualis

1074 749 1163 788 quies
1193 750 1272 780 nihil
1303 750 1391 781 aliud
1421 755 1467 781 est
1498 762 1593 790 quam
1624 762 1710 784 mors
1733 752 1872 784 hominis
1896 755 2036 786 maxime

1073 792 1214 831 optanda
1237 797 1268 823 et
1291 804 1365 824 vere
1389 793 1497 827 beata,
1528 804 1608 833 quae
1631 795 1691 825 Dei
1715 796 1815 826 vitam
1839 797 1871 826 in
1897 807 1930 827 se
1960 808 2036 828 con-

1074 835 1166 865 tinet:
1192 836 1287 866 sicuti
1306 836 1463 875 gloriatur
1481 836 1601 867 Paulus
1623 836 1744 878 (Galat.
1768 838 1803 875 2,
1827 838 1890 880 20),
1914 850 1948 870 se
1969 839 2034 870 iam

1074 888 1142 908 esse
1171 878 1261 917 quasi
1290 884 1470 915 mortuum,
1500 879 1574 917 quia
1604 879 1637 910 in
1666 880 1735 919 ipso
1758 880 1908 912 Christus
1938 882 2030 913 vivit.

1073 919 1184 959 Apost.
1215 921 1247 950 in
1271 920 1375 960 Epist.
1404 919 1442 951 ad
1468 920 1566 951 Hebr.
1590 920 1639 962 (4,
1668 922 1700 963 3)
1724 923 1872 955 subtilius
1895 923 2030 963 disserit,

1074 972 1180 994 veram
1216 964 1355 1002 requiem
1391 963 1483 994 nobis
1516 963 1624 994 afferri
1658 975 1715 1004 per
1749 966 1970 1005 evangelium,
2002 973 2034 998 et

1073 1016 1143 1035 eam
1174 1005 1335 1045 repudiari
1365 1004 1404 1036 ab
1434 1005 1614 1037 incredulis.
1658 1007 1729 1038 Etsi
1752 1004 1860 1039 autem
1884 1009 2033 1050 allegori-

1073 1058 1144 1078 cum
1177 1047 1328 1087 quiddam
1362 1048 1489 1083 miscet,
1523 1049 1694 1087 genuinam
1728 1054 1836 1081 tamen
1871 1053 2032 1092 praecepti

1073 1100 1202 1121 causam
1233 1091 1366 1127 retinet,
1397 1101 1457 1129 quo
1481 1091 1574 1121 nobis
1597 1092 1786 1123 cessandum
1810 1094 1852 1124 sit
1875 1104 1893 1124 a
1916 1095 2033 1126 nostris

1073 1133 1231 1171 operibus,
1254 1133 1347 1164 sicuti
1371 1133 1459 1163 Deus
1482 1144 1500 1163 a
1524 1133 1590 1164 suis
1613 1134 1780 1173 requievit.
1816 1136 1887 1167 Hac
1910 1137 2033 1168 ratione

1074 1175 1186 1205 Esaias
1216 1175 1286 1215 (58,
1320 1174 1370 1216 13)
1398 1174 1474 1205 dum
1502 1175 1688 1215 hypocritas
1718 1177 1865 1218 obiurgat
1893 1179 1975 1218 quod
1999 1180 2031 1210 in

1073 1224 1207 1248 externo
1228 1223 1353 1248 tantum
1373 1218 1519 1248 cessandi
1545 1218 1609 1248 ritu
1633 1219 1830 1257 insisterent,
1858 1221 2033 1260 exprobrat

1073 1261 1213 1290 inveniri
1248 1262 1278 1290 in
1314 1261 1381 1300 ipso
1415 1260 1569 1291 sabbatho
1598 1272 1708 1291 eorum
1744 1263 1960 1293 voluntatem:
1997 1274 2032 1295 ac

1073 1303 1099 1332 si
1140 1302 1259 1334 diceret
1291 1302 1471 1343 legitimum
1508 1302 1657 1334 sabbathi
1697 1315 1791 1335 usum
1834 1305 1943 1336 referri
1978 1306 2030 1338 de-

1072 1345 1146 1375 bere
1171 1345 1209 1375 ad
1236 1347 1339 1376 nostri
1370 1345 1634 1385 abnegationem,
1663 1346 1737 1386 quia
1759 1347 1786 1378 is
1810 1346 1938 1378 demum
1968 1358 2034 1380 ces—

1073 1398 1143 1419 sare
1167 1387 1205 1418 ab
1228 1388 1377 1427 operibus
1401 1389 1467 1418 suis
1490 1393 1639 1419 censetur
1662 1390 1715 1427 qui
1745 1400 1808 1420 non
1839 1391 1947 1430 agitur
1976 1402 2032 1422 suo

1073 1430 1217 1466 arbitrio,
1249 1441 1306 1462 nee
1335 1431 1476 1462 consiliis
1505 1431 1570 1461 suis
1600 1430 1760 1471 indulget,
1788 1432 1842 1463 sed
1872 1443 1890 1463 a
1920 1434 2032 1473 spiritu

1073 1472 1135 1503 Dei
1159 1483 1192 1503 sc
1219 1473 1312 1513 dirigi
1337 1473 1466 1512 patitur.
1512 1473 1613 1504 Porro
1643 1485 1743 1514 usque
1772 1485 1808 1505 eo
1837 1480 1926 1514 patet
1955 1475 2033 1507 haec

1073 1515 1211 1546 hominis
1241 1516 1433 1552 exinanitio,
1471 1520 1508 1546 ut
1537 1516 1569 1546 111
1601 1515 1690 1547 bonis
1724 1527 1850 1557 quoque
1883 1519 2033 1557 operibus

1074 1558 1211 1588 violetur
1244 1558 1454 1595 sabbathum,
1485 1559 1638 1598 quamdiu
1672 1570 1709 1590 00
1743 1559 1888 1591 ducimus
1923 1567 2033 1592 nostra

1073 1612 1151 1631 esse.
1197 1601 1297 1631 Recte
1320 1601 1407 1630 enim
1431 1601 1634 1641 Augustinus
1662 1601 1790 1642 (ultimo
1814 1604 1916 1642 capite
1941 1603 1961 1634 l.
1981 1604 2031 1634 22.

1072 1643 1122 1673 De
1145 1644 1273 1673 civitate
1298 1642 1385 1684 Dei):
1431 1643 1514 1674 Nam
1540 1648 1571 1674 et
1597 1644 1667 1684 ipsa
1693 1645 1775 1675 bona
1801 1655 1897 1684 opera
1924 1652 2031 1676 nostra

1071 1685 1197 1725 quando
1216 1686 1314 1725 ipsius
1334 1686 1439 1725 potius
1458 1686 1688 1726 intelliguntur
1708 1697 1777 1718 esse
1796 1698 1890 1727 quam
1916 1695 2032 1726 nostra,

1072 1735 1148 1759 tune
1172 1728 1262 1759 nobis
1286 1728 1325 1758 ad
1349 1728 1408 1759 hoc
1437 1728 1627 1759 sabbathum
1659 1728 1898 1769 adipiscendum
1927 1731 2032 1770 impu-

1072 1776 1198 1808 tantur,
1228 1771 1303 1801 dum
1334 1781 1486 1802 vacamus
1508 1770 1548 1801 ad
1571 1771 1746 1803 videndum
1777 1772 1861 1812 quod
1891 1773 1958 1813 ipse
1984 1778 2035 1804 est

1072 1814 1175 1844 Deus:
1200 1814 1274 1853 quia
1299 1813 1326 1843 si
1351 1814 1444 1844 nobis
1467 1824 1504 1844 ea
1526 1814 1748 1852 tribuerimus,
1771 1815 1899 1845 servilia
1928 1822 2031 1852 erunt,

1070 1867 1167 1896 quum
1192 1856 1230 1887 de
1245 1856 1400 1887 sabbatho
1422 1855 1559 1887 dicatur:
1583 1856 1688 1888 Omne
1709 1867 1789 1897 opus
1809 1857 1925 1889 servile
1948 1858 1980 1888 in
1996 1869 2033 1889 eo

1070 1910 1133 1929 non
1157 1899 1287 1930 facietis.
1333 1897 1509 1937 Quaeritur
1535 1909 1621 1930 nunc
1643 1910 1700 1930 cur
1723 1900 1895 1939 septimum
1918 1911 2030 1940 quem-

1070 1953 1131 1981 que
1155 1942 1239 1972 diem
1262 1941 1367 1981 potius
1393 1941 1607 1981 assignaverit
1630 1942 1719 1973 Deus
1743 1942 1912 1980 sabbatho,
1935 1953 2030 1982 quam

1070 1989 1197 2015 sextum
1228 1984 1279 2014 vel
1313 1984 1482 2015 decimum.
1528 1984 1613 2023 Quia
1647 1985 1845 2024 septenarius
1877 1995 2031 2017 numerus

1070 2037 1165 2067 saepe
1189 2028 1220 2057 in
1243 2026 1402 2066 scriptura
1424 2027 1651 2066 perfectionem
1682 2027 1845 2067 designat,
1876 2031 2033 2067 putarunt

1071 2070 1198 2110 qnidam
1224 2069 1282 2100 hoc
1304 2068 1399 2099 modo
1423 2069 1602 2101 admonitos
1621 2070 1717 2101 fuisse
1743 2069 1866 2105 fideles,
1891 2074 1957 2100 toto
1980 2080 2031 2101 co-

1072 2117 1150 2143 natu
1174 2111 1212 2143 ad
1236 2111 1409 2151 perfectam
1432 2113 1635 2143 sanctitatem
1658 2112 1844 2143 enitendum
1876 2122 1960 2150 esse,
1990 2124 2031 2143 110

1072 2155 1202 2185 dimidia
1226 2158 1352 2185 tantum
1376 2165 1416 2184 ex
1447 2159 1536 2194 parte
1565 2165 1598 2186 00
1628 2155 1696 2186 1300
1727 2153 1919 2185 addicerent.
1966 2156 2031 2186 Alii

1071 2197 1230 2228 diversam
1254 2197 1447 2227 sententiam
1471 2198 1617 2235 eliciunt,
1645 2197 1791 2237 quamvis
1814 2207 1877 2227 non
1902 2203 2030 2229 contra-

1071 2241 1167 2278 riam,
1197 2239 1305 2270 fideles
1335 2240 1432 2270 fuisse
1460 2239 1602 2277 edoctos,
1637 2244 1801 2279 utcunque
1827 2239 1890 2269 iam
1914 2241 2031 2272 sancti-

1070 2284 1155 2314 ficati
1184 2286 1307 2319 essent,
1331 2282 1517 2322 sinceroque
1540 2283 1646 2313 animo
1671 2281 1837 2312 studerent
1860 2292 1878 2312 a
1900 2284 2030 2322 propria

1069 2326 1137 2357 vita
1155 2335 1288 2363 cessare,
1308 2335 1438 2355 manere
1458 2330 1564 2356 tamen
1585 2324 1705 2364 aliquid
1724 2324 1828 2355 carnis
1848 2324 2028 2356 residuum:

1068 2368 1201 2408 ideoque
1229 2371 1293 2398 toto
1327 2367 1411 2398 vitae
1440 2378 1535 2398 cursu
1565 2367 1784 2398 meditandam
1815 2377 1883 2397 esse
1914 2368 2031 2399 sancti-

1069 2416 1167 2442 tatem
1187 2420 1280 2450 quam
1298 2409 1408 2440 nullus
1430 2410 1613 2440 mortalium
1638 2409 1827 2449 assequitur.
1863 2409 1933 2449 Ego
1953 2421 2030 2442 vero

1069 2464 1133 2484 non
1157 2453 1265 2483 dubito
1289 2453 1364 2491 quin
1390 2452 1477 2483 Deus
1502 2463 1558 2483 sex
1584 2446 1905 2483 diebus‘oondiderit
1934 2463 2029 2484 mun-

1070 2496 1145 2527 dum
1175 2506 1210 2527 ac
1238 2495 1373 2534 septimo
1403 2495 1574 2534 quieverit,
1605 2500 1640 2525 ut
1669 2494 1896 2525 documentum
1921 2495 2031 2526 ederet

1069 2549 1213 2570 summae
1234 2548 1365 2577 operum
1384 2547 1515 2568 suorum
1535 2537 1752 2577 perfectionis:
1773 2542 1867 2576 atque
1889 2537 1933 2567 ita
1952 2537 2030 2569 dum

1069 2593 1101 2613 se
1126 2586 1238 2621 typum
1263 2580 1410 2619 proponit
1432 2579 1471 2610 ad
1494 2580 1724 2617 imitationem,
1748 2579 1909 2619 signifieat
1932 2591 1965 2611 se
1989 2581 2029 2612 ad

1070 2634 1178 2656 veram
1209 2622 1367 2653 felicitatis
1401 2628 1518 2653 metam
1548 2633 1622 2653 suos
1652 2632 1774 2653 vocare.
1821 2622 1891 2652 Etsi
1921 2629 2030 2654 autem

1790 2672 1822 2697 37
