2304 3034
145 168 206 199 709

230 261 278 292 14.
315 260 351 291 Si
370 270 429 290 non
445 257 606 298 placuerit.
636 256 732 287 Hane
751 256 944 287 sententiam
969 265 988 286 a
1010 266 1103 295 supe-

143 304 222 335 riori
244 307 397 335 contextu
420 311 513 341 quem
535 299 609 330 alibi
631 298 780 338 exposui,
810 298 952 329 dividere
975 303 1104 329 coactus

144 357 224 378 sum.
269 345 340 376 Illic
362 345 446 376 enim
469 342 590 378 docuit,
614 342 640 372 si
663 342 765 372 forma
788 341 933 372 mulieris
956 340 1105 380 captivae

143 390 213 420 viro
235 388 353 419 Iudaeo
376 387 527 426 placeret,
557 383 714 424 quomodo
737 383 883 415 ducenda
908 388 990 414 esset
1015 393 1104 413 uxor.

144 432 216 463 Lex
246 441 321 470 ergo
350 429 405 460 illa
432 428 471 458 ad
500 427 680 457 castitatem
711 430 743 456 et
772 426 973 466 coniugalem
1008 425 1104 456 fidem

144 473 320 514 spectabat,
350 470 537 511 praesertim
567 479 642 500 vero
677 468 784 500 cultus
818 469 879 499 Dei
913 468 1104 508 puritatem:

143 527 230 547 nunc
252 519 357 546 autem
380 512 534 552 praecipit
557 512 677 549 Moses,
706 511 732 542 si
764 511 836 551 quis
865 511 1001 541 muliere
1031 521 1104 550 cap-

144 559 211 590 tiva
234 557 327 589 fuerit
348 555 481 592 abusus,
505 565 545 584 ne
568 564 636 585 eam
662 553 797 590 vendat,
821 553 876 584 sed
900 553 1005 593 potius
1027 552 1105 583 libe-

143 611 212 632 ram
236 599 388 635 dimittat,
412 607 448 628 ac
471 596 690 628 satisfactione
714 596 839 627 aboleat
860 597 1029 633 iniuriam,
1054 595 1104 626 vel

143 643 255 675 saltem
278 644 438 672 extenuet.
467 638 563 671 Unde
585 639 777 679 colligimus,
802 639 885 670 hane
909 639 1105 678 aequitatem

142 684 280 726 pendere
300 694 339 714 ex
361 688 473 713 octavo
496 686 676 721 praecepto:
701 681 750 712 Ne
773 682 843 721 quis
867 681 1004 712 alterum
1023 681 1106 711 frau-

143 727 204 758 det.
247 726 325 757 Fuit
355 730 462 756 autem
493 724 570 756 haec
605 724 745 755 conditio
779 724 926 763 captivae
959 723 1105 754 mulieris

141 770 253 802 saltem
277 767 466 798 tolerabilis:
499 767 574 807 quia
597 767 657 798 etsi
680 767 834 807 pudicitia
857 766 1033 806 singularis
1056 771 1105 796 est

141 813 324 847 thesaurus,
360 810 493 841 libertas
527 814 635 841 tamen
686 808 781 850 (quae
815 809 928 840 merito
970 814 1105 840 vocatur

140 852 371 886 inaestimabile
400 852 532 893 bonnm)
563 852 666 883 solatii
687 862 750 882 non
771 851 918 891 vulgaris
941 851 1009 882 loco
1033 851 1103 881 fuit.

139 897 228 928 Haec
251 900 357 926 autem
381 894 444 925 fuit
467 905 570 934 poena
593 893 744 931 libidinis,
769 899 806 925 ut
829 893 981 934 praedam
1003 894 1105 925 victor

140 939 309 971 amitteret.

224 980 271 1012 15.
310 981 411 1019 Quum
439 980 556 1019 fuerint
585 979 661 1010 viro.
707 979 793 1017 Quia
822 979 874 1010 hic
905 984 1039 1010 cavetur
1064 989 1104 1009 ue

137 1028 228 1064 pater
250 1023 335 1063 quod
359 1023 454 1054 unius
477 1022 535 1053 filii
559 1028 608 1053 est
632 1021 671 1052 ad
695 1022 832 1052 alterum
855 1022 973 1052 iniuste
999 1027 1105 1052 trans-

137 1067 233 1103 ferat,
268 1076 343 1105 pars
365 1070 398 1096 et
427 1065 566 1096 accessio
596 1070 646 1095 est
675 1065 779 1096 octavi
803 1065 979 1105 praecepti:
1013 1065 1104 1095 cuius

137 1119 263 1140 summa
290 1113 354 1146 est,
388 1113 423 1138 ut
457 1119 549 1139 suum
580 1107 694 1147 cuique
724 1107 774 1138 ius
807 1107 931 1137 salvum
958 1112 1102 1137 maneat:

136 1162 212 1182 nam
235 1152 261 1182 si
285 1156 376 1190 pater
398 1151 432 1181 in
456 1150 561 1182 locum
584 1150 791 1190 primogeniti
811 1150 909 1180 alium
933 1149 1103 1189 subrogas-

135 1198 199 1231 set,
234 1204 300 1224 non
333 1194 468 1224 obscura
498 1198 568 1224 erat
597 1193 673 1223 furti
700 1193 832 1231 species.
879 1192 965 1231 Quia
995 1198 1101 1223 autem

135 1247 209 1267 raro
232 1236 391 1276 contingit
413 1240 449 1266 ut
471 1241 563 1275 pater
586 1235 688 1276 gradu
718 1235 847 1266 honoris
870 1241 982 1266 contra
1008 1240 1102 1265 natu·
1129 1247 1130 1255 ¹

135 1289 204 1310 ram
239 1278 368 1310 deiiciat
401 1278 670 1318 primogenitum,
711 1278 738 1308 si
771 1287 884 1308 omnes
917 1288 957 1308 ex
991 1277 1103 1308 cadem

135 1327 239 1353 matre
258 1321 324 1352 sint
342 1321 452 1361 geniti,
477 1321 628 1352 admonet
642 1320 739 1357 Deus,
759 1330 793 1351 se
813 1331 876 1350 non
896 1320 980 1350 ferre
999 1320 1102 1360 legem

135 1364 219 1395 hanc
245 1363 283 1395 de
309 1364 424 1394 nihilo:
455 1364 529 1403 quia
558 1363 611 1394 ubi
637 1362 822 1403 polygamia
845 1363 1001 1402 permissa
1032 1363 1102 1399 suit,

134 1407 321 1447 propensior
351 1411 387 1437 ut
416 1406 590 1446 plurimum
620 1406 679 1436 fuit
710 1406 837 1436 animus
867 1406 973 1436 mariti
997 1406 1029 1436 in
1053 1416 1102 1436 se-

134 1448 272 1481 cundam
296 1459 448 1480 uxorem:
478 1449 552 1488 quia
575 1448 603 1479 si
622 1448 760 1488 primam
785 1458 862 1478 vero
886 1458 994 1478 amore
1017 1459 1102 1479 eom-

134 1492 249 1533 plexus
271 1497 370 1528 esset,
395 1502 432 1522 ea
456 1492 540 1522 vitae
561 1497 592 1521 et
615 1490 700 1521 thori
724 1491 809 1521 socia
828 1495 1014 1528 contentus,
1038 1502 1100 1521 non

133 1535 306 1575 cogitasset
329 1534 367 1565 de
391 1533 541 1565 secunda.
588 1533 698 1572 Quum
722 1544 799 1573 ergo
823 1533 951 1564 fastidio
980 1534 1101 1573 primae

134 1577 247 1609 uxoris
287 1577 423 1608 maritus
461 1576 633 1608 secundam
670 1581 848 1616 appeteret,
890 1577 994 1615 potuit
1034 1577 1101 1607 eius

133 1619 297 1651 blanditiis
321 1620 463 1656 deliniri,
491 1624 527 1650 ut
550 1630 568 1650 a
591 1619 700 1649 liberis
721 1619 816 1658 primi
843 1619 984 1658 coniugii
1008 1630 1099 1650 aver-

134 1667 218 1693 teret
252 1662 334 1703 quod
366 1662 558 1693 naturaliter
591 1662 624 1692 in
667 1672 719 1692 eos
760 1661 969 1700 competebat.

133 1715 210 1745 ergo
232 1704 365 1736 remedii
391 1704 580 1741 necessitas,
608 1704 684 1734 dum
708 1704 791 1743 patri
816 1703 984 1734 arbitrium
1016 1704 1101 1735 tolli-

134 1753 186 1779 tur
204 1747 351 1778 mutandi
370 1747 450 1778 iuris
465 1747 748 1787 primogeniturae.
780 1746 973 1785 Quanquam
994 1752 1100 1778 autem

133 1790 306 1822 obtendere
326 1796 493 1830 poterant,
524 1800 557 1820 se
586 1790 714 1820 nonnisi
739 1789 777 1819 de
801 1800 858 1819 suo
881 1789 1009 1829 largiri,
1041 1790 1103 1820 fuit

134 1838 242 1864 tamen
271 1833 332 1863 hoc
362 1833 480 1872 impiae
510 1832 695 1872 superbiae,
729 1842 823 1872 quem
856 1832 944 1863 Deus
979 1832 1101 1863 honore

133 1874 286 1916 dignatus
310 1880 396 1913 erat,
420 1875 562 1906 reiicere.
608 1874 689 1905 Nam
714 1875 766 1914 qui
791 1874 851 1905 sibi
875 1881 1005 1914 arrogat
1029 1880 1100 1905 tan—

132 1921 201 1949 tum
224 1918 374 1950 licentiae
398 1923 433 1948 ut
460 1918 748 1958 primogenituram
778 1917 921 1957 assignet
943 1919 995 1948 cui
1019 1918 1099 1948 libu-

134 1961 210 1998 erit,
234 1971 348 2001 parum
373 1960 464 1991 abest
487 1961 565 2000 quin
589 1960 628 1990 ad
652 1971 686 1991 se
709 1960 816 1999 rapiat
838 1959 967 1990 creandi
992 1964 1099 2000 potes-

135 2007 245 2035 tatem.
271 2004 328 2034 Ius
342 2008 451 2034 autem
470 2003 551 2034 illud
570 2003 630 2033 fuit
650 2002 770 2043 duplex
790 2003 893 2042 portio
912 2004 944 2033 in
964 2008 1100 2042 paterna

134 2045 348 2084 haereditate,
383 2045 653 2085 quemadmodum
679 2056 777 2076 versu
812 2044 934 2075 decimo
964 2046 1099 2085 septimo

135 2089 337 2129 exprimitur.
382 2089 479 2119 Ratio
508 2099 589 2128 quae
619 2087 764 2125 additur,
795 2087 986 2118 tantundem
1016 2089 1101 2119 valet

136 2140 172 2162 ac
194 2131 220 2162 si
243 2131 363 2162 dictum
386 2135 486 2167 esset,
516 2131 767 2171 primogenitum
797 2140 866 2161 esse
888 2131 1099 2171 praecipuum

137 2172 231 2204 decus
253 2183 289 2205 ac
312 2178 539 2205 ornamentum
571 2174 680 2213 patrie.
727 2173 829 2204 Porro
860 2173 885 2204 si
912 2174 993 2204 ratio
1016 2174 1100 2205 iusta

137 2220 205 2246 erat
231 2216 468 2247 exhaeredandi
498 2216 722 2256 primogeniti,
752 2215 858 2255 potuit
886 2216 1037 2247 substitui
1067 2217 1099 2247 in

138 2257 207 2288 eius
228 2257 334 2289 locum
357 2259 439 2290 alter
461 2268 638 2290 successor:
670 2258 765 2289 sicuti
788 2258 936 2298 exemplo
962 2269 1019 2289 suo
1043 2259 1098 2290 do-

137 2300 204 2331 cuit
234 2300 341 2337 Iacob,
376 2312 474 2341 quum
498 2301 613 2332 Ruben
647 2301 808 2332 abdicavit
841 2300 937 2341 (Gen.
971 2302 1021 2339 49,
1055 2302 1097 2343 4).

138 2340 232 2380 Quod
255 2341 382 2375 dicitur:
408 2345 494 2375 Ante
504 2344 606 2375 filium
618 2354 744 2381 exosae,
769 2343 898 2382 quidam
922 2351 1098 2383 exponunt,

138 2383 207 2423 ipso
240 2386 426 2424 superstite:
461 2386 515 2417 alii
555 2387 695 2417 retinent
725 2385 907 2416 hebraicam
936 2387 1096 2426 phrasim:

139 2426 256 2457 Coram
290 2427 371 2459 facie
410 2429 486 2460 eius.
531 2429 711 2460 Probabilis
745 2434 853 2459 autem
894 2434 943 2459 est
986 2439 1098 2460 eorum

138 2469 300 2500 sententia
326 2471 380 2509 qui
408 2472 626 2511 comparative
656 2471 819 2510 accipiunt
848 2470 931 2502 hane
961 2473 1098 2511 particu-

138 2511 211 2549 lam,
235 2521 271 2542 ac
288 2517 432 2545 vertunt:
458 2514 541 2545 Prae
553 2514 628 2545 filio.
663 2513 733 2544 Iam
754 2523 851 2544 exosa
870 2513 987 2545 dicitur
1006 2525 1098 2551 uxor,

138 2563 203 2584 non
226 2554 276 2585 cui
298 2555 432 2587 maritus
454 2556 558 2596 palam
582 2557 626 2588 sit
647 2556 761 2588 hostis:
792 2556 847 2587 sed
872 2567 968 2596 quam
991 2558 1098 2588 minus

138 2595 258 2637 diligit:
287 2596 360 2636 quia
388 2598 450 2629 odii
478 2599 546 2631 loeo
574 2599 702 2631 ducitur
731 2602 951 2640 contemptus,
981 2604 1013 2631 et
1035 2600 1097 2630 ini-

852 162 1075 194 OOTAVUM
1098 161 1420 196 PRAECEPTUM.

1014 1662 1101 1693 Hinc
1127 1666 1129 1673 '

2068 165 2133 196 710

1156 256 1258 287 micus
1289 260 1427 288 vocatur
1459 257 1514 297 qui
1544 256 1746 297 coniugalem
1778 257 2036 289 benevolentiam
2063 269 2130 290 non

1156 303 1307 338 praestat.

1481 469 1545 500 EX
1568 469 1700 500 DEUT.
1724 468 1802 500 XX.

1244 554 1271 585 5.
1321 554 1421 593 Quum
1451 553 1626 585 bellandum
1655 554 1727 590 crit,
1758 554 1951 592 alloquantur
1974 555 2126 595 praefecti

1154 597 1313 636 populum,
1336 597 1478 628 dicendo:
1504 596 1581 635 Quis
1599 599 1642 627 est
1662 597 1711 627 vir
1730 597 1783 635 qui
1805 597 1980 635 aedificavit
2002 598 2127 629 domum

1158 650 1282 675 novam,
1313 641 1341 670 et
1366 649 1426 670 non
1456 639 1610 670 dedicavit
1638 640 1732 670 eam?
1765 639 1867 675 abeat,
1897 642 1924 670 et
1956 643 2128 672 revertatur

1158 683 1198 713 ad
1227 683 1350 713 domam
1379 691 1484 719 suam,
1517 691 1553 711 nc
1580 681 1659 720 forte
1689 682 1841 712 moriatur
1873 682 1906 712 in
1932 683 2064 720 proelio.
2100 686 2128 714 et

1157 725 1241 755 azias
1270 724 1385 756 dedicet
1406 734 1482 755 eam.
1527 724 1556 754 6.
1591 723 1634 754 Et
1656 724 1727 763 quis
1756 726 1800 754 est
1827 725 1876 755 vir
1898 725 1952 762 qm·
1969 725 2129 763 plantavit

1159 768 1293 804 vincam,
1321 769 1347 798 et
1369 777 1429 797 ozon
1449 766 1520 805 fecit
1542 776 1609 796 eam
1630 766 1841 797 communem?
1870 766 1958 798 abeat
1980 770 2006 798 et
2028 778 2128 799 recer-

1157 813 1239 840 latur
1261 809 1302 840 ad
1324 810 1449 840 domam
1471 818 1577 839 suam:
1608 819 1644 839 nc
1664 809 1743 847 forte
1764 809 1918 840 aboriatur
1940 810 1973 840 in
1995 811 2126 849 proelio,

1157 855 1184 882 et
1213 852 1297 883 alias
1324 861 1510 882 communem
1540 860 1608 881 eam
1627 851 1735 890 faciat.
1783 852 1811 882 7.
1847 851 1890 882 Et
1910 852 1982 891 qais
2006 855 2050 883 est
2076 853 2128 884 vir

1156 895 1208 933 qai
1227 894 1387 933 despondit
1408 893 1574 930 mulierem,
1598 896 1623 923 et
1646 904 1704 924 11011
1728 895 1841 932 accepit
1863 894 1956 925 eam?
1996 895 2083 926 abeat
2101 898 2129 926 ct

1156 940 1327 968 revertatur
1343 936 1384 967 ad
1395 937 1519 967 domam
1532 946 1622 966 sacam
1640 946 1675 966 ne
1692 936 1769 975 forte
1780 937 1934 967 moriatur
1952 937 1984 967 in
1996 938 2128 976 proelio,

1157 983 1183 1010 et
1213 980 1296 1010 alius
1323 989 1390 1010 eam
1422 979 1562 1017 accipiat.
1607 978 1636 1009 8.
1679 979 1803 1009 Aczdent
1826 979 1977 1018 praefecti
2009 980 2128 1019 alloqui

1150 1022 1316 1061 populum,
1357 1021 1497 1053 diccfflo:
1533 1021 1610 1059 Quis
1642 1023 1684 1052 est
1718 1021 1767 1052 vir
1800 1022 1929 1052 timidus
1967 1025 1994 1052 et
2026 1023 2128 1054 mollis

1157 1065 1266 1095 corde?
1289 1065 1382 1101 abeat,
1405 1066 1430 1094 et
1452 1066 1621 1094 revertatur
1643 1064 1684 1094 ad
1701 1064 1824 1094 domum
1845 1074 1943 1102 suam,
1963 1075 2000 1095 ne
2017 1065 2128 1096 dissol-

1156 1110 1246 1138 vatur
1269 1117 1318 1138 cor
1338 1107 1473 1146 fratrum
1495 1106 1569 1143 eius,
1592 1106 1672 1137 sicut
1693 1116 1743 1136 cor
1767 1106 1860 1137 illius.

1241 1193 1270 1223 5.
1308 1192 1407 1231 Quam
1440 1190 1614 1222 bellandum
1647 1191 1713 1222 erit.
1758 1191 1830 1222 Hoc
1853 1191 2047 1231 principium
2072 1192 2127 1223 ad-

1157 1235 1231 1272 didi,
1256 1241 1291 1265 ut
1315 1235 1434 1265 scirent
1458 1234 1592 1264 lectores
1616 1244 1678 1273 qua
1702 1233 1741 1263 de
1764 1244 1798 1264 re
1817 1233 1881 1264 illic
1901 1240 2025 1274 agatur.
2050 1235 2126 1266 Etsi

1156 1282 1263 1308 autem
1292 1276 1422 1309 videtur
1450 1276 1529 1307 haec
1560 1276 1705 1307 doctrina
1735 1276 1898 1316 aliquanto
1930 1277 2085 1308 remotior
2107 1288 2127 1308 a

1156 1319 1285 1351 furandi
1308 1319 1538 1359 prohibitione,
1561 1323 1634 1358 apte
1658 1324 1764 1349 tamen
1790 1319 1954 1355 cohaeret,
1974 1329 2010 1350 ae
2033 1330 2125 1359 pror-

1156 1374 1210 1394 sus
1231 1372 1361 1393 annexa
1379 1368 1436 1393 est.
1471 1362 1554 1392 Nam
1577 1361 1637 1392 hac
1655 1361 1859 1401 indulgentia
1875 1361 2015 1392 ostendit
2035 1363 2126 1394 Deus

1156 1416 1251 1445 quam
1275 1409 1400 1435 rectum
1432 1404 1474 1435 sit
1503 1414 1768 1444 unumquemque
1794 1404 1862 1435 suis
1890 1404 1981 1434 bonis
2013 1409 2125 1444 pacate

1156 1449 1228 1479 frui.
1275 1447 1360 1486 Quia
1384 1448 1409 1478 si
1433 1447 1551 1477 durum
1574 1452 1639 1485 est,
1663 1447 1760 1477 etiam
1784 1446 1823 1477 ob
1848 1446 1996 1477 militiam
2021 1447 2124 1478 homi-

1156 1501 1212 1522 nes
1228 1491 1347 1530 privari
1361 1500 1519 1521 novarum
1535 1489 1661 1520 aedium
1677 1499 1747 1526 usu,
1768 1499 1804 1519 ac
1818 1494 1977 1529 proventu
1998 1489 2124 1527 vineae,

1156 1538 1276 1573 quanto
1307 1532 1518 1563 inhumanius
1548 1543 1584 1563 ac
1614 1532 1722 1562 minus
1752 1531 1921 1562 ferendum
1944 1532 2022 1571 erit,
2052 1543 2125 1572 spo-

1156 1576 1225 1606 liari
1261 1576 1415 1612 fortunis,
1451 1574 1501 1606 vel
1535 1586 1574 1605 ex
1609 1575 1695 1614 agris
1730 1585 1808 1614 quos
1841 1575 1924 1605 iuste
1957 1574 2126 1613 possident

1156 1618 1306 1649 extrudi?
1352 1618 1440 1657 Ergo
1459 1618 1609 1657 quoniam
1630 1617 1824 1656 reipublicae
1847 1618 1989 1654 interest,
2012 1617 2124 1648 vineas

1156 1662 1217 1692 scri
1247 1662 1296 1692 vel
1321 1660 1469 1700 plantari,
1494 1659 1668 1700 domosque
1691 1660 1831 1691 exstrui:
1856 1659 1895 1690 ad
1912 1659 1991 1690 haec
2015 1665 2124 1690 autem

1155 1704 1258 1735 officia
1288 1714 1381 1734 nemo
1409 1703 1486 1734 satis
1517 1703 1666 1733 alacriter
1691 1712 1725 1733 se
1754 1702 1952 1742 accingeret,
1982 1702 2042 1732 uisi
2066 1713 2124 1742 spe

1155 1746 1281 1777 fruendi
1322 1747 1532 1776 animaretur:
1576 1745 1745 1785 privilegio
1782 1744 1873 1775 Deus
1914 1755 1932 1774 a
1971 1745 2123 1776 conflictu

1155 1789 1269 1820 eximit
1292 1799 1449 1819 novarum
1474 1787 1601 1818 aedium
1628 1787 1791 1824 dominos,
1816 1798 1979 1827 quousque
2002 1787 2034 1817 in
2059 1787 2123 1826 illis

1156 1831 1382 1863 habitaverint.
1427 1830 1519 1861 Idem
1549 1836 1581 1861 et
1610 1829 1648 1861 de
1680 1830 1869 1861 vinitoribus
1900 1830 2033 1867 statuit,
2068 1831 2123 1869 qui

1155 1874 1297 1905 nondum
1337 1877 1511 1913 gustarunt
1551 1873 1670 1904 laboris
1705 1873 1755 1903 sui
1792 1873 1946 1908 fructum,
1987 1882 2122 1912 sponsos

1155 1918 1252 1948 etiam
1284 1927 1347 1947 non
1378 1916 1449 1947 vult
1478 1926 1496 1946 a
1529 1915 1649 1946 futuris
1683 1915 1838 1946 uxoribus
1873 1914 1983 1951 avelli,
2019 1914 2121 1946 donee

1155 1970 1264 1991 earum
1288 1958 1456 1998 complexu
1480 1958 1572 1998 potiti
1597 1959 1671 1989 sint.
1708 1958 1823 1996 Quarti
1848 1956 1969 1988 ordinis
1992 1956 2121 1989 diversa

1154 2003 1249 2040 ratio,
1279 2002 1353 2041 quia
1383 2000 1509 2041 indigni
1538 2006 1614 2032 sunt
1643 2000 1755 2031 molles
1783 2006 1815 2030 et
1843 2000 1953 2039 ignavi
1983 2010 2119 2039 quorum

1154 2044 1319 2076 timiditati
1342 2044 1515 2075 subveniat
1538 2043 1643 2080 Deus,
1668 2042 1721 2073 ubi
1746 2042 1917 2073 discrimen
1941 2052 1998 2081 pro
2017 2043 2121 2073 salute

1154 2087 1316 2119 communi
1329 2086 1502 2127 refugiunt.
1533 2086 1657 2117 Verum
1674 2085 1748 2125 quia
1771 2086 1868 2115 totius
1892 2085 1999 2124 populi
2023 2085 2122 2115 inter-

1154 2135 1218 2167 est,
1258 2129 1376 2160 milites
1413 2139 1524 2159 omnes
1553 2135 1702 2168 prompto
1733 2128 1839 2159 animo
1866 2127 1905 2157 ad
1934 2126 2119 2158 bellandum

1154 2172 1360 2209 descendere,
1391 2182 1453 2202 non
1482 2171 1554 2202 vult
1584 2171 1676 2201 Deus
1706 2170 1777 2210 plus
1808 2181 1825 2200 a
1848 2180 2008 2209 quoquam
2032 2170 2121 2211 exigi

1153 2226 1248 2255 quam
1277 2216 1318 2245 sit
1347 2213 1487 2245 ferendo.
1533 2213 1628 2245 Nunc
1659 2220 1805 2244 tenemus
1831 2222 1989 2243 summam
2024 2212 2120 2244 huius

1152 2258 1229 2295 loci,
1261 2266 1377 2296 nempe
1411 2257 1465 2287 ubi
1496 2256 1632 2295 siugulis
1660 2256 1815 2287 asseritur
1838 2254 1921 2294 quod
1947 2254 2119 2294 possident,

1153 2311 1290 2340 eousque
1318 2304 1428 2339 patere
1451 2303 1486 2329 ut
1513 2300 1567 2338 qui
1591 2299 1723 2329 domum
1754 2297 1937 2328 aedificavit
1963 2308 2026 2327 non
2054 2302 2118 2328 tra-

1154 2344 1249 2374 hatur
1282 2342 1404 2373 invitus
1441 2341 1481 2371 ad
1515 2341 1687 2381 proelium,
1730 2340 1830 2371 donec
1864 2350 1904 2370 ex
1938 2340 2120 2379 sumptibus

1152 2385 1305 2425 impensis
1346 2384 1491 2415 fructum
1532 2384 1671 2423 aliquem
1712 2382 1888 2413 habitando
1929 2383 2118 2422 perceperit.

1152 2429 1289 2459 Vineam
1305 2437 1508 2458 communem
1523 2426 1636 2463 facere,
1656 2426 1704 2456 vel
1727 2425 1905 2465 profanare,
1925 2425 2118 2456 tantundem

1152 2471 1238 2502 valet
1278 2480 1314 2501 ac
1355 2469 1536 2500 vindemias
1570 2473 1696 2499 vertere
1725 2469 1759 2498 in
1794 2478 1997 2499 communem
2031 2468 2118 2499 vitae

1151 2524 1259 2549 usum,
1293 2522 1397 2552 neque
1425 2512 1511 2542 enim
1539 2511 1631 2542 licuit
1660 2511 1780 2551 primos
1811 2511 1934 2540 fructus
1957 2510 2117 2550 colligere,

1150 2566 1186 2588 ac
1205 2557 1229 2586 si
1242 2555 1357 2586 fuisset
1374 2553 1480 2585 adhue
1499 2554 1733 2591 incircumcisa,
1751 2557 1788 2583 ut
1800 2552 1940 2584 vidimus
1958 2553 1992 2583 in
2011 2553 2118 2592 primo

1150 2602 1330 2639 praecepto.
1376 2597 1465 2637 Ergo
1504 2606 1625 2627 merces
1665 2595 1843 2626 industriae
1884 2599 1916 2625 et
1951 2595 2120 2626 sedulitati

1859 2645 1909 2671 45*
