<?xml version="1.0" encoding="UTF-8"?>
<!DOCTYPE html PUBLIC "-//W3C//DTD XHTML 1.0 Transitional//EN"
    "http://www.w3.org/TR/xhtml1/DTD/xhtml1-transitional.dtd">
<html xmlns="http://www.w3.org/1999/xhtml" xml:lang="en" lang="en">
 <head>
  <title>
</title>
<meta http-equiv="Content-Type" content="text/html;charset=utf-8" />
  <meta name='ocr-system' content='tesseract 3.04.00' />
  <meta name='ocr-capabilities' content='ocr_page ocr_carea ocr_par ocr_line ocrx_word'/>
</head>
<body>
  <div class='ocr_page' id='page_1' title='image "./ioanniscalviniop24calv_0235.png"; bbox 0 0 2304 3034; ppageno 0'>
   <div class='ocr_carea' id='block_1_1' title="bbox 146 190 208 222">
    <p class='ocr_par' dir='ltr' id='par_1_1' title="bbox 146 190 208 222">
     <span class='ocr_line' id='line_1_1' title="bbox 146 190 208 222; baseline 0.032 -2"><span class='ocrx_word' id='word_1_1' title='bbox 146 190 208 222; x_wconf 81' lang='lat'>449</span> 
     </span>
    </p>
   </div>
   <div class='ocr_carea' id='block_1_2' title="bbox 131 274 1127 2693">
    <p class='ocr_par' dir='ltr' id='par_1_2' title="bbox 131 274 1127 2528">
     <span class='ocr_line' id='line_1_2' title="bbox 146 274 1127 322; baseline -0.011 -8"><span class='ocrx_word' id='word_1_2' title='bbox 146 282 209 313; x_wconf 90' lang='lat' dir='ltr'>Dei</span> <span class='ocrx_word' id='word_1_3' title='bbox 234 281 405 321; x_wconf 72' lang='lat' dir='ltr'>quamlibet</span> <span class='ocrx_word' id='word_1_4' title='bbox 435 279 517 310; x_wconf 91' lang='lat' dir='ltr'>tristi</span> <span class='ocrx_word' id='word_1_5' title='bbox 546 275 756 308; x_wconf 78' lang='lat' dir='ltr'><strong>subscribant.</strong></span> <span class='ocrx_word' id='word_1_6' title='bbox 802 274 884 306; x_wconf 84' lang='lat' dir='ltr'>Nam</span> <span class='ocrx_word' id='word_1_7' title='bbox 916 275 976 322; x_wconf 81' lang='lat' dir='ltr'>hoe</span> <span class='ocrx_word' id='word_1_8' title='bbox 1006 274 1099 321; x_wconf 84' lang='lat' dir='ltr'>modo</span> <span class='ocrx_word' id='word_1_9' title='bbox 1125 303 1127 320; x_wconf 70' lang='lat'>,</span> 
     </span>
     <span class='ocr_line' id='line_1_3' title="bbox 145 317 1099 364; baseline -0.01 -8"><span class='ocrx_word' id='word_1_10' title='bbox 145 324 403 364; x_wconf 78' lang='lat' dir='ltr'>impediebantur</span> <span class='ocrx_word' id='word_1_11' title='bbox 437 332 453 352; x_wconf 87' lang='lat' dir='ltr'>a</span> <span class='ocrx_word' id='word_1_12' title='bbox 483 331 538 352; x_wconf 88' lang='lat' dir='ltr'>suo</span> <span class='ocrx_word' id='word_1_13' title='bbox 566 327 717 349; x_wconf 88' lang='lat' dir='ltr'>munere:</span> <span class='ocrx_word' id='word_1_14' title='bbox 751 317 824 356; x_wconf 81' lang='lat' dir='ltr'>quia</span> <span class='ocrx_word' id='word_1_15' title='bbox 858 328 921 347; x_wconf 90' lang='lat' dir='ltr'>non</span> <span class='ocrx_word' id='word_1_16' title='bbox 957 317 1099 347; x_wconf 80' lang='lat' dir='ltr'>licuisset</span> 
     </span>
     <span class='ocr_line' id='line_1_4' title="bbox 145 359 1100 404; baseline -0.01 -6"><span class='ocrx_word' id='word_1_17' title='bbox 145 367 363 398; x_wconf 77' lang='lat' dir='ltr'>sanctuarium</span> <span class='ocrx_word' id='word_1_18' title='bbox 386 363 517 404; x_wconf 87' lang='lat' dir='ltr'>ingredi.</span> <span class='ocrx_word' id='word_1_19' title='bbox 554 362 663 400; x_wconf 83' lang='lat' dir='ltr'>ltaque</span> <span class='ocrx_word' id='word_1_20' title='bbox 686 366 820 390; x_wconf 90' lang='lat' dir='ltr'>mortem</span> <span class='ocrx_word' id='word_1_21' title='bbox 844 360 907 390; x_wconf 90' lang='lat' dir='ltr'>illis</span> <span class='ocrx_word' id='word_1_22' title='bbox 931 359 1100 389; x_wconf 85' lang='lat' dir='ltr'>minitatur</span> 
     </span>
     <span class='ocr_line' id='line_1_5' title="bbox 145 401 1097 440; baseline -0.009 0"><span class='ocrx_word' id='word_1_23' title='bbox 145 409 234 440; x_wconf 90' lang='lat' dir='ltr'>Deus</span> <span class='ocrx_word' id='word_1_24' title='bbox 268 409 330 439; x_wconf 88' lang='lat' dir='ltr'>nisi</span> <span class='ocrx_word' id='word_1_25' title='bbox 356 408 451 438; x_wconf 87' lang='lat' dir='ltr'>etiam</span> <span class='ocrx_word' id='word_1_26' title='bbox 469 406 502 436; x_wconf 88' lang='lat' dir='ltr'>in</span> <span class='ocrx_word' id='word_1_27' title='bbox 522 403 691 434; x_wconf 88' lang='lat' dir='ltr'>domestico</span> <span class='ocrx_word' id='word_1_28' title='bbox 712 402 822 432; x_wconf 81' lang='lat' dir='ltr'>funere</span> <span class='ocrx_word' id='word_1_29' title='bbox 843 401 983 433; x_wconf 88' lang='lat' dir='ltr'>dolorem</span> <span class='ocrx_word' id='word_1_30' title='bbox 1002 412 1097 432; x_wconf 91' lang='lat' dir='ltr'>suum</span> 
     </span>
     <span class='ocr_line' id='line_1_6' title="bbox 146 435 1097 491; baseline -0.009 -8"><span class='ocrx_word' id='word_1_31' title='bbox 146 435 332 491; x_wconf 72' lang='lat' dir='ltr'>temperent.</span> <span class='ocrx_word' id='word_1_32' title='bbox 384 450 444 480; x_wconf 85' lang='lat' dir='ltr'>Est</span> <span class='ocrx_word' id='word_1_33' title='bbox 473 451 577 478; x_wconf 86' lang='lat' dir='ltr'>autem</span> <span class='ocrx_word' id='word_1_34' title='bbox 607 445 684 475; x_wconf 89' lang='lat' dir='ltr'>haec</span> <span class='ocrx_word' id='word_1_35' title='bbox 713 454 785 475; x_wconf 85' lang='lat' dir='ltr'>rara</span> <span class='ocrx_word' id='word_1_36' title='bbox 816 444 919 475; x_wconf 86' lang='lat' dir='ltr'>virtus</span> <span class='ocrx_word' id='word_1_37' title='bbox 950 444 998 484; x_wconf 85' lang='lat' dir='ltr'>(ut</span> <span class='ocrx_word' id='word_1_38' title='bbox 1021 444 1097 474; x_wconf 88' lang='lat' dir='ltr'>alibi</span> 
     </span>
     <span class='ocr_line' id='line_1_7' title="bbox 146 487 1124 534; baseline -0.007 -9"><span class='ocrx_word' id='word_1_39' title='bbox 146 493 268 525; x_wconf 89' lang='lat' dir='ltr'>dietum</span> <span class='ocrx_word' id='word_1_40' title='bbox 287 492 356 534; x_wconf 87' lang='lat' dir='ltr'>est),</span> <span class='ocrx_word' id='word_1_41' title='bbox 379 497 502 523; x_wconf 89' lang='lat' dir='ltr'>nostros</span> <span class='ocrx_word' id='word_1_42' title='bbox 521 488 651 519; x_wconf 82' lang='lat' dir='ltr'>affectus</span> <span class='ocrx_word' id='word_1_43' title='bbox 670 487 714 517; x_wconf 87' lang='lat' dir='ltr'>sic</span> <span class='ocrx_word' id='word_1_44' title='bbox 733 487 889 523; x_wconf 78' lang='lat' dir='ltr'>fraenare,</span> <span class='ocrx_word' id='word_1_45' title='bbox 914 487 967 517; x_wconf 86' lang='lat' dir='ltr'>ubi</span> <span class='ocrx_word' id='word_1_46' title='bbox 989 487 1094 516; x_wconf 85' lang='lat' dir='ltr'>fratri-</span> <span class='ocrx_word' id='word_1_47' title='bbox 1122 506 1124 518; x_wconf 51' lang='grc' dir='ltr'><em>ι</em></span> 
     </span>
     <span class='ocr_line' id='line_1_8' title="bbox 144 529 1095 568; baseline -0.009 -1"><span class='ocrx_word' id='word_1_48' title='bbox 144 536 204 567; x_wconf 88' lang='lat' dir='ltr'>bus</span> <span class='ocrx_word' id='word_1_49' title='bbox 227 540 258 566; x_wconf 89' lang='lat' dir='ltr'>et</span> <span class='ocrx_word' id='word_1_50' title='bbox 280 535 388 566; x_wconf 86' lang='lat' dir='ltr'>amicis</span> <span class='ocrx_word' id='word_1_51' title='bbox 411 532 567 567; x_wconf 82' lang='lat' dir='ltr'>orbamur,</span> <span class='ocrx_word' id='word_1_52' title='bbox 589 540 627 560; x_wconf 89' lang='lat' dir='ltr'>ne</span> <span class='ocrx_word' id='word_1_53' title='bbox 651 529 768 559; x_wconf 87' lang='lat' dir='ltr'>doloris</span> <span class='ocrx_word' id='word_1_54' title='bbox 791 529 946 560; x_wconf 75' lang='lat' dir='ltr'>acerbitas</span> <span class='ocrx_word' id='word_1_55' title='bbox 973 529 1095 568; x_wconf 91' lang='lat' dir='ltr'>patien-</span> 
     </span>
     <span class='ocr_line' id='line_1_9' title="bbox 145 571 1094 615; baseline -0.007 -7"><span class='ocrx_word' id='word_1_56' title='bbox 145 579 222 609; x_wconf 83' lang='lat' dir='ltr'>tiam</span> <span class='ocrx_word' id='word_1_57' title='bbox 243 583 274 609; x_wconf 89' lang='lat' dir='ltr'>et</span> <span class='ocrx_word' id='word_1_58' title='bbox 303 575 508 615; x_wconf 89' lang='lat' dir='ltr'>tranquillum</span> <span class='ocrx_word' id='word_1_59' title='bbox 537 572 636 603; x_wconf 89' lang='lat' dir='ltr'>animi</span> <span class='ocrx_word' id='word_1_60' title='bbox 666 576 785 602; x_wconf 88' lang='lat' dir='ltr'>statum</span> <span class='ocrx_word' id='word_1_61' title='bbox 817 571 908 602; x_wconf 86' lang='lat' dir='ltr'>nobis</span> <span class='ocrx_word' id='word_1_62' title='bbox 943 572 1094 602; x_wconf 83' lang='lat' dir='ltr'>excutiat.</span> 
     </span>
     <span class='ocr_line' id='line_1_10' title="bbox 144 613 1094 660; baseline -0.007 -9"><span class='ocrx_word' id='word_1_63' title='bbox 144 621 257 660; x_wconf 86' lang='lat' dir='ltr'>Itaque</span> <span class='ocrx_word' id='word_1_64' title='bbox 287 620 344 650; x_wconf 89' lang='lat' dir='ltr'>hoe</span> <span class='ocrx_word' id='word_1_65' title='bbox 375 617 465 648; x_wconf 92' lang='lat' dir='ltr'>modo</span> <span class='ocrx_word' id='word_1_66' title='bbox 488 617 619 655; x_wconf 86' lang='lat' dir='ltr'>probata</span> <span class='ocrx_word' id='word_1_67' title='bbox 643 614 701 644; x_wconf 89' lang='lat' dir='ltr'>fuit</span> <span class='ocrx_word' id='word_1_68' title='bbox 724 613 843 644; x_wconf 80' lang='lat' dir='ltr'>eximia</span> <span class='ocrx_word' id='word_1_69' title='bbox 866 614 897 644; x_wconf 91' lang='lat' dir='ltr'>in</span> <span class='ocrx_word' id='word_1_70' title='bbox 922 613 1094 645; x_wconf 85' lang='lat' dir='ltr'>sacerdoti-</span> 
     </span>
     <span class='ocr_line' id='line_1_11' title="bbox 144 656 1093 702; baseline -0.006 -10"><span class='ocrx_word' id='word_1_71' title='bbox 144 662 204 694; x_wconf 91' lang='lat' dir='ltr'>bus</span> <span class='ocrx_word' id='word_1_72' title='bbox 237 662 345 702; x_wconf 85' lang='lat' dir='ltr'>pietas.</span> <span class='ocrx_word' id='word_1_73' title='bbox 390 658 480 691; x_wconf 88' lang='lat' dir='ltr'><strong>Adde</strong></span> <span class='ocrx_word' id='word_1_74' title='bbox 513 656 595 697; x_wconf 92' lang='lat' dir='ltr'>quod</span> <span class='ocrx_word' id='word_1_75' title='bbox 630 656 825 686; x_wconf 74' lang='lat' dir='ltr'>abstinentia</span> <span class='ocrx_word' id='word_1_76' title='bbox 849 667 866 687; x_wconf 88' lang='lat' dir='ltr'>a</span> <span class='ocrx_word' id='word_1_77' title='bbox 889 656 979 687; x_wconf 89' lang='lat' dir='ltr'>luctu</span> <span class='ocrx_word' id='word_1_78' title='bbox 1003 667 1093 695; x_wconf 87' lang='lat' dir='ltr'>spem</span> 
     </span>
     <span class='ocr_line' id='line_1_12' title="bbox 144 699 1094 738; baseline -0.006 -2"><span class='ocrx_word' id='word_1_79' title='bbox 144 704 285 736; x_wconf 87' lang='lat' dir='ltr'>ostendit</span> <span class='ocrx_word' id='word_1_80' title='bbox 314 703 420 734; x_wconf 82' lang='lat' dir='ltr'>beatae</span> <span class='ocrx_word' id='word_1_81' title='bbox 450 699 698 731; x_wconf 85' lang='lat' dir='ltr'>resurrectionis.</span> <span class='ocrx_word' id='word_1_82' title='bbox 751 699 838 738; x_wconf 84' lang='lat' dir='ltr'>Ergo</span> <span class='ocrx_word' id='word_1_83' title='bbox 872 699 905 729; x_wconf 90' lang='lat' dir='ltr'>in</span> <span class='ocrx_word' id='word_1_84' title='bbox 928 699 1094 730; x_wconf 75' lang='lat' dir='ltr'>funeribus</span> 
     </span>
     <span class='ocr_line' id='line_1_13' title="bbox 143 741 1093 778; baseline -0.006 0"><span class='ocrx_word' id='word_1_85' title='bbox 143 747 321 778; x_wconf 82' lang='lat' dir='ltr'>sacerdotes</span> <span class='ocrx_word' id='word_1_86' title='bbox 355 757 372 775; x_wconf 91' lang='lat' dir='ltr'>a</span> <span class='ocrx_word' id='word_1_87' title='bbox 404 744 491 774; x_wconf 90' lang='lat' dir='ltr'>luctu</span> <span class='ocrx_word' id='word_1_88' title='bbox 521 743 651 772; x_wconf 89' lang='lat' dir='ltr'>fuerunt</span> <span class='ocrx_word' id='word_1_89' title='bbox 674 741 847 772; x_wconf 89' lang='lat' dir='ltr'>immunes:</span> <span class='ocrx_word' id='word_1_90' title='bbox 881 746 915 771; x_wconf 89' lang='lat' dir='ltr'>ut</span> <span class='ocrx_word' id='word_1_91' title='bbox 944 742 1093 772; x_wconf 89' lang='lat' dir='ltr'>solatium</span> 
     </span>
     <span class='ocr_line' id='line_1_14' title="bbox 143 783 1092 824; baseline -0.006 -4"><span class='ocrx_word' id='word_1_92' title='bbox 143 789 292 820; x_wconf 78' lang='lat' dir='ltr'>tristitiae</span> <span class='ocrx_word' id='word_1_93' title='bbox 315 787 352 818; x_wconf 86' lang='lat' dir='ltr'>ab</span> <span class='ocrx_word' id='word_1_94' title='bbox 375 786 437 816; x_wconf 89' lang='lat' dir='ltr'>illis</span> <span class='ocrx_word' id='word_1_95' title='bbox 460 789 580 824; x_wconf 85' lang='lat' dir='ltr'>peteret</span> <span class='ocrx_word' id='word_1_96' title='bbox 602 783 744 822; x_wconf 88' lang='lat' dir='ltr'>reliquus</span> <span class='ocrx_word' id='word_1_97' title='bbox 767 784 914 822; x_wconf 88' lang='lat' dir='ltr'>populus.</span> <span class='ocrx_word' id='word_1_98' title='bbox 964 784 1035 815; x_wconf 88' lang='lat' dir='ltr'>Hoc</span> <span class='ocrx_word' id='word_1_99' title='bbox 1058 784 1092 814; x_wconf 89' lang='lat' dir='ltr'>in</span> 
     </span>
     <span class='ocr_line' id='line_1_15' title="bbox 143 825 1093 866; baseline -0.006 -3"><span class='ocrx_word' id='word_1_100' title='bbox 143 831 271 863; x_wconf 84' lang='lat' dir='ltr'>Christo</span> <span class='ocrx_word' id='word_1_101' title='bbox 305 839 378 861; x_wconf 86' lang='lat' dir='ltr'>vere</span> <span class='ocrx_word' id='word_1_102' title='bbox 411 834 441 859; x_wconf 84' lang='lat' dir='ltr'>et</span> <span class='ocrx_word' id='word_1_103' title='bbox 474 826 572 858; x_wconf 91' lang='lat' dir='ltr'>solide</span> <span class='ocrx_word' id='word_1_104' title='bbox 605 825 801 865; x_wconf 90' lang='lat' dir='ltr'>completum</span> <span class='ocrx_word' id='word_1_105' title='bbox 835 826 908 863; x_wconf 83' lang='lat' dir='ltr'>fuit,</span> <span class='ocrx_word' id='word_1_106' title='bbox 945 827 998 866; x_wconf 87' lang='lat' dir='ltr'>qui</span> <span class='ocrx_word' id='word_1_107' title='bbox 1033 827 1093 857; x_wconf 88' lang='lat' dir='ltr'>etsi</span> 
     </span>
     <span class='ocr_line' id='line_1_16' title="bbox 142 867 1092 908; baseline -0.006 -3"><span class='ocrx_word' id='word_1_108' title='bbox 142 884 205 905; x_wconf 90' lang='lat' dir='ltr'>non</span> <span class='ocrx_word' id='word_1_109' title='bbox 229 881 402 903; x_wconf 88' lang='lat' dir='ltr'>moerorem</span> <span class='ocrx_word' id='word_1_110' title='bbox 421 875 555 904; x_wconf 80' lang='lat' dir='ltr'>tantum,</span> <span class='ocrx_word' id='word_1_111' title='bbox 580 867 635 899; x_wconf 87' lang='lat' dir='ltr'>sed</span> <span class='ocrx_word' id='word_1_112' title='bbox 659 873 841 899; x_wconf 81' lang='lat' dir='ltr'>extremum</span> <span class='ocrx_word' id='word_1_113' title='bbox 865 879 989 908; x_wconf 86' lang='lat' dir='ltr'>qnoque</span> <span class='ocrx_word' id='word_1_114' title='bbox 1009 880 1092 900; x_wconf 88' lang='lat' dir='ltr'>mor-</span> 
     </span>
     <span class='ocr_line' id='line_1_17' title="bbox 141 911 1093 953; baseline -0.005 -6"><span class='ocrx_word' id='word_1_115' title='bbox 141 917 182 947; x_wconf 89' lang='lat' dir='ltr'>tis</span> <span class='ocrx_word' id='word_1_116' title='bbox 204 915 366 946; x_wconf 88' lang='lat' dir='ltr'>horrorem</span> <span class='ocrx_word' id='word_1_117' title='bbox 390 912 527 953; x_wconf 84' lang='lat' dir='ltr'>pertulit,</span> <span class='ocrx_word' id='word_1_118' title='bbox 551 916 718 950; x_wconf 79' lang='lat' dir='ltr'>exemptus</span> <span class='ocrx_word' id='word_1_119' title='bbox 738 916 844 942; x_wconf 86' lang='lat' dir='ltr'>tamen</span> <span class='ocrx_word' id='word_1_120' title='bbox 866 911 928 941; x_wconf 88' lang='lat' dir='ltr'>fuit</span> <span class='ocrx_word' id='word_1_121' title='bbox 947 911 986 941; x_wconf 85' lang='lat' dir='ltr'>ab</span> <span class='ocrx_word' id='word_1_122' title='bbox 1005 911 1093 942; x_wconf 90' lang='lat' dir='ltr'>omni</span> 
     </span>
     <span class='ocr_line' id='line_1_18' title="bbox 141 954 1093 995; baseline -0.006 -5"><span class='ocrx_word' id='word_1_123' title='bbox 141 959 226 995; x_wconf 88' lang='lat' dir='ltr'>labe,</span> <span class='ocrx_word' id='word_1_124' title='bbox 260 962 291 988; x_wconf 88' lang='lat' dir='ltr'>et</span> <span class='ocrx_word' id='word_1_125' title='bbox 321 956 357 987; x_wconf 88' lang='lat' dir='ltr'>de</span> <span class='ocrx_word' id='word_1_126' title='bbox 390 961 491 985; x_wconf 87' lang='lat' dir='ltr'>morte</span> <span class='ocrx_word' id='word_1_127' title='bbox 513 954 581 993; x_wconf 87' lang='lat' dir='ltr'>ipsa</span> <span class='ocrx_word' id='word_1_128' title='bbox 605 954 774 992; x_wconf 84' lang='lat' dir='ltr'>magnifice</span> <span class='ocrx_word' id='word_1_129' title='bbox 799 954 1023 993; x_wconf 84' lang='lat' dir='ltr'>triumphavit:</span> <span class='ocrx_word' id='word_1_130' title='bbox 1057 959 1093 984; x_wconf 91' lang='lat' dir='ltr'>ut</span> 
     </span>
     <span class='ocr_line' id='line_1_19' title="bbox 139 995 1094 1034; baseline -0.004 -3"><span class='ocrx_word' id='word_1_131' title='bbox 139 1001 205 1032; x_wconf 81' lang='lat' dir='ltr'>sola</span> <span class='ocrx_word' id='word_1_132' title='bbox 226 999 328 1031; x_wconf 87' lang='lat' dir='ltr'>crucis</span> <span class='ocrx_word' id='word_1_133' title='bbox 351 999 417 1029; x_wconf 87' lang='lat' dir='ltr'>eius</span> <span class='ocrx_word' id='word_1_134' title='bbox 446 996 614 1031; x_wconf 85' lang='lat' dir='ltr'>memoria,</span> <span class='ocrx_word' id='word_1_135' title='bbox 645 995 732 1027; x_wconf 90' lang='lat' dir='ltr'>luctu</span> <span class='ocrx_word' id='word_1_136' title='bbox 764 996 922 1034; x_wconf 85' lang='lat' dir='ltr'>absterso,</span> <span class='ocrx_word' id='word_1_137' title='bbox 954 1007 1010 1027; x_wconf 88' lang='lat' dir='ltr'>nos</span> <span class='ocrx_word' id='word_1_138' title='bbox 1041 1008 1094 1027; x_wconf 73' lang='lat' dir='ltr'>ex-</span> 
     </span>
     <span class='ocr_line' id='line_1_20' title="bbox 138 1038 1091 1080; baseline -0.005 -6"><span class='ocrx_word' id='word_1_139' title='bbox 138 1043 263 1074; x_wconf 83' lang='lat' dir='ltr'>hilaret.</span> <span class='ocrx_word' id='word_1_140' title='bbox 307 1041 375 1071; x_wconf 89' lang='lat' dir='ltr'>Iam</span> <span class='ocrx_word' id='word_1_141' title='bbox 399 1050 495 1080; x_wconf 86' lang='lat' dir='ltr'>quum</span> <span class='ocrx_word' id='word_1_142' title='bbox 527 1038 657 1068; x_wconf 86' lang='lat' dir='ltr'>dicitur:</span> <span class='ocrx_word' id='word_1_143' title='bbox 692 1038 763 1068; x_wconf 87' lang='lat' dir='ltr'>Non</span> <span class='ocrx_word' id='word_1_144' title='bbox 797 1039 944 1078; x_wconf 83' lang='lat' dir='ltr'>polluent</span> <span class='ocrx_word' id='word_1_145' title='bbox 975 1050 1091 1070; x_wconf 88' lang='lat' dir='ltr'>nomen</span> 
     </span>
     <span class='ocr_line' id='line_1_21' title="bbox 137 1080 1094 1121; baseline -0.004 -5"><span class='ocrx_word' id='word_1_146' title='bbox 137 1085 199 1116; x_wconf 90' lang='lat' dir='ltr'>Dei</span> <span class='ocrx_word' id='word_1_147' title='bbox 228 1085 291 1115; x_wconf 91' lang='lat' dir='ltr'>sui:</span> <span class='ocrx_word' id='word_1_148' title='bbox 321 1087 352 1113; x_wconf 88' lang='lat' dir='ltr'>et</span> <span class='ocrx_word' id='word_1_149' title='bbox 381 1082 418 1113; x_wconf 85' lang='lat' dir='ltr'>de</span> <span class='ocrx_word' id='word_1_150' title='bbox 452 1091 576 1112; x_wconf 86' lang='lat' dir='ltr'>summo</span> <span class='ocrx_word' id='word_1_151' title='bbox 599 1080 776 1112; x_wconf 86' lang='lat' dir='ltr'>sacerdote:</span> <span class='ocrx_word' id='word_1_152' title='bbox 813 1081 884 1112; x_wconf 79' lang='lat' dir='ltr'>Non</span> <span class='ocrx_word' id='word_1_153' title='bbox 908 1081 1094 1121; x_wconf 80' lang='lat' dir='ltr'>egredietur</span> 
     </span>
     <span class='ocr_line' id='line_1_22' title="bbox 137 1123 1092 1163; baseline -0.004 -5"><span class='ocrx_word' id='word_1_154' title='bbox 137 1137 155 1157; x_wconf 87' lang='lat' dir='ltr'>a</span> <span class='ocrx_word' id='word_1_155' title='bbox 178 1125 371 1158; x_wconf 86' lang='lat' dir='ltr'>sanctuario:</span> <span class='ocrx_word' id='word_1_156' title='bbox 395 1125 561 1155; x_wconf 86' lang='lat' dir='ltr'>confirmat</span> <span class='ocrx_word' id='word_1_157' title='bbox 584 1123 660 1155; x_wconf 86' lang='lat' dir='ltr'>haec</span> <span class='ocrx_word' id='word_1_158' title='bbox 683 1124 764 1154; x_wconf 83' lang='lat' dir='ltr'>ratio</span> <span class='ocrx_word' id='word_1_159' title='bbox 788 1124 870 1163; x_wconf 89' lang='lat' dir='ltr'>quod</span> <span class='ocrx_word' id='word_1_160' title='bbox 892 1135 993 1163; x_wconf 89' lang='lat' dir='ltr'>nuper</span> <span class='ocrx_word' id='word_1_161' title='bbox 1016 1124 1092 1161; x_wconf 81' lang='lat' dir='ltr'>dixi,</span> 
     </span>
     <span class='ocr_line' id='line_1_23' title="bbox 136 1166 1092 1205; baseline -0.003 -5"><span class='ocrx_word' id='word_1_162' title='bbox 136 1170 268 1201; x_wconf 88' lang='lat' dir='ltr'>vetitum</span> <span class='ocrx_word' id='word_1_163' title='bbox 301 1167 364 1198; x_wconf 88' lang='lat' dir='ltr'>illis</span> <span class='ocrx_word' id='word_1_164' title='bbox 397 1167 493 1197; x_wconf 87' lang='lat' dir='ltr'>fuisse</span> <span class='ocrx_word' id='word_1_165' title='bbox 523 1166 661 1204; x_wconf 80' lang='lat' dir='ltr'>luctum,</span> <span class='ocrx_word' id='word_1_166' title='bbox 696 1167 771 1205; x_wconf 88' lang='lat' dir='ltr'>quia</span> <span class='ocrx_word' id='word_1_167' title='bbox 801 1177 853 1197; x_wconf 86' lang='lat' dir='ltr'>eos</span> <span class='ocrx_word' id='word_1_168' title='bbox 884 1179 902 1197; x_wconf 89' lang='lat' dir='ltr'>a</span> <span class='ocrx_word' id='word_1_169' title='bbox 931 1168 1092 1198; x_wconf 77' lang='lat' dir='ltr'>functione</span> 
     </span>
     <span class='ocr_line' id='line_1_24' title="bbox 135 1208 1092 1249; baseline -0.001 -7"><span class='ocrx_word' id='word_1_170' title='bbox 135 1211 269 1243; x_wconf 86' lang='lat' dir='ltr'>arcebat.</span> <span class='ocrx_word' id='word_1_171' title='bbox 316 1209 451 1249; x_wconf 80' lang='lat' dir='ltr'>Squalor</span> <span class='ocrx_word' id='word_1_172' title='bbox 474 1209 559 1239; x_wconf 90' lang='lat' dir='ltr'>enim</span> <span class='ocrx_word' id='word_1_173' title='bbox 586 1209 652 1248; x_wconf 89' lang='lat' dir='ltr'>ipse</span> <span class='ocrx_word' id='word_1_174' title='bbox 676 1208 911 1248; x_wconf 88' lang='lat' dir='ltr'>quodammodo</span> <span class='ocrx_word' id='word_1_175' title='bbox 934 1209 1092 1241; x_wconf 78' lang='lat' dir='ltr'>foedasset</span> 
     </span>
     <span class='ocr_line' id='line_1_25' title="bbox 134 1251 1087 1291; baseline -0.003 -6"><span class='ocrx_word' id='word_1_176' title='bbox 134 1253 196 1285; x_wconf 92' lang='lat' dir='ltr'>Dei</span> <span class='ocrx_word' id='word_1_177' title='bbox 218 1253 453 1289; x_wconf 73' lang='lat' dir='ltr'>sanctuarium,</span> <span class='ocrx_word' id='word_1_178' title='bbox 486 1251 539 1282; x_wconf 90' lang='lat' dir='ltr'>ubi</span> <span class='ocrx_word' id='word_1_179' title='bbox 574 1251 653 1281; x_wconf 90' lang='lat' dir='ltr'>nihil</span> <span class='ocrx_word' id='word_1_180' title='bbox 689 1252 829 1282; x_wconf 87' lang='lat' dir='ltr'>deforme</span> <span class='ocrx_word' id='word_1_181' title='bbox 863 1252 1003 1291; x_wconf 81' lang='lat' dir='ltr'>conspici</span> <span class='ocrx_word' id='word_1_182' title='bbox 1038 1252 1087 1283; x_wconf 85' lang='lat' dir='ltr'>de-</span> 
     </span>
     <span class='ocr_line' id='line_1_26' title="bbox 134 1293 1090 1334; baseline -0.003 -7"><span class='ocrx_word' id='word_1_183' title='bbox 134 1296 210 1327; x_wconf 91' lang='lat' dir='ltr'>buit.</span> <span class='ocrx_word' id='word_1_184' title='bbox 255 1295 298 1326; x_wconf 84' lang='lat' dir='ltr'>Et</span> <span class='ocrx_word' id='word_1_185' title='bbox 321 1293 529 1326; x_wconf 83' lang='lat' dir='ltr'>contaminati</span> <span class='ocrx_word' id='word_1_186' title='bbox 552 1304 614 1324; x_wconf 92' lang='lat' dir='ltr'>non</span> <span class='ocrx_word' id='word_1_187' title='bbox 639 1298 786 1333; x_wconf 82' lang='lat' dir='ltr'>poterant</span> <span class='ocrx_word' id='word_1_188' title='bbox 808 1294 967 1334; x_wconf 84' lang='lat' dir='ltr'>supplices</span> <span class='ocrx_word' id='word_1_189' title='bbox 991 1295 1090 1326; x_wconf 87' lang='lat' dir='ltr'>inter-</span> 
     </span>
     <span class='ocr_line' id='line_1_27' title="bbox 135 1336 1091 1377; baseline -0.001 -8"><span class='ocrx_word' id='word_1_190' title='bbox 135 1338 246 1369; x_wconf 85' lang='lat' dir='ltr'>cedere</span> <span class='ocrx_word' id='word_1_191' title='bbox 269 1348 326 1377; x_wconf 89' lang='lat' dir='ltr'>pro</span> <span class='ocrx_word' id='word_1_192' title='bbox 346 1336 469 1377; x_wconf 87' lang='lat' dir='ltr'>populo.</span> <span class='ocrx_word' id='word_1_193' title='bbox 515 1336 618 1367; x_wconf 88' lang='lat' dir='ltr'>Puros</span> <span class='ocrx_word' id='word_1_194' title='bbox 647 1347 738 1377; x_wconf 81' lang='lat' dir='ltr'>ergo,</span> <span class='ocrx_word' id='word_1_195' title='bbox 773 1342 805 1367; x_wconf 89' lang='lat' dir='ltr'>ct</span> <span class='ocrx_word' id='word_1_196' title='bbox 836 1337 874 1368; x_wconf 89' lang='lat' dir='ltr'>ab</span> <span class='ocrx_word' id='word_1_197' title='bbox 905 1337 993 1368; x_wconf 88' lang='lat' dir='ltr'>omni</span> <span class='ocrx_word' id='word_1_198' title='bbox 1025 1348 1091 1368; x_wconf 90' lang='lat' dir='ltr'>ma-</span> 
     </span>
     <span class='ocr_line' id='line_1_28' title="bbox 135 1378 1093 1420; baseline -0.002 -8"><span class='ocrx_word' id='word_1_199' title='bbox 135 1380 206 1412; x_wconf 90' lang='lat' dir='ltr'>cula</span> <span class='ocrx_word' id='word_1_200' title='bbox 240 1380 382 1420; x_wconf 87' lang='lat' dir='ltr'>integros</span> <span class='ocrx_word' id='word_1_201' title='bbox 415 1389 544 1409; x_wconf 88' lang='lat' dir='ltr'>manere</span> <span class='ocrx_word' id='word_1_202' title='bbox 583 1379 670 1410; x_wconf 84' lang='lat' dir='ltr'>iubet</span> <span class='ocrx_word' id='word_1_203' title='bbox 704 1378 813 1417; x_wconf 86' lang='lat' dir='ltr'>Dens,</span> <span class='ocrx_word' id='word_1_204' title='bbox 856 1390 895 1410; x_wconf 92' lang='lat' dir='ltr'>ne</span> <span class='ocrx_word' id='word_1_205' title='bbox 935 1385 1093 1420; x_wconf 82' lang='lat' dir='ltr'>cogantur</span> 
     </span>
     <span class='ocr_line' id='line_1_29' title="bbox 135 1421 1090 1462; baseline -0.001 -8"><span class='ocrx_word' id='word_1_206' title='bbox 135 1434 253 1454; x_wconf 88' lang='lat' dir='ltr'>munus</span> <span class='ocrx_word' id='word_1_207' title='bbox 282 1433 372 1454; x_wconf 90' lang='lat' dir='ltr'>suum</span> <span class='ocrx_word' id='word_1_208' title='bbox 404 1421 562 1457; x_wconf 82' lang='lat' dir='ltr'>deserere,</span> <span class='ocrx_word' id='word_1_209' title='bbox 594 1428 625 1452; x_wconf 90' lang='lat' dir='ltr'>et</span> <span class='ocrx_word' id='word_1_210' title='bbox 654 1422 875 1452; x_wconf 84' lang='lat' dir='ltr'>sanctuarium</span> <span class='ocrx_word' id='word_1_211' title='bbox 899 1423 1090 1462; x_wconf 81' lang='lat' dir='ltr'>relinquere,</span> 
     </span>
     <span class='ocr_line' id='line_1_30' title="bbox 135 1464 1091 1505; baseline -0.001 -9"><span class='ocrx_word' id='word_1_212' title='bbox 135 1466 225 1496; x_wconf 90' lang='lat' dir='ltr'>cuius</span> <span class='ocrx_word' id='word_1_213' title='bbox 247 1470 336 1496; x_wconf 86' lang='lat' dir='ltr'>erant</span> <span class='ocrx_word' id='word_1_214' title='bbox 358 1464 514 1495; x_wconf 82' lang='lat' dir='ltr'>custodes.</span> <span class='ocrx_word' id='word_1_215' title='bbox 560 1464 660 1494; x_wconf 87' lang='lat' dir='ltr'>Porro</span> <span class='ocrx_word' id='word_1_216' title='bbox 684 1464 778 1495; x_wconf 90' lang='lat' dir='ltr'>huius</span> <span class='ocrx_word' id='word_1_217' title='bbox 801 1464 925 1505; x_wconf 84' lang='lat' dir='ltr'>figurae</span> <span class='ocrx_word' id='word_1_218' title='bbox 951 1465 1091 1505; x_wconf 91' lang='lat' dir='ltr'>comple-</span> 
     </span>
     <span class='ocr_line' id='line_1_31' title="bbox 135 1506 1092 1543; baseline 0 -4"><span class='ocrx_word' id='word_1_219' title='bbox 135 1513 278 1539; x_wconf 89' lang='lat' dir='ltr'>mentum</span> <span class='ocrx_word' id='word_1_220' title='bbox 312 1517 380 1539; x_wconf 89' lang='lat' dir='ltr'>esse</span> <span class='ocrx_word' id='word_1_221' title='bbox 408 1507 440 1537; x_wconf 90' lang='lat' dir='ltr'>in</span> <span class='ocrx_word' id='word_1_222' title='bbox 468 1506 612 1543; x_wconf 83' lang='lat' dir='ltr'>Christo,</span> <span class='ocrx_word' id='word_1_223' title='bbox 648 1518 687 1538; x_wconf 76' lang='lat' dir='ltr'>ex</span> <span class='ocrx_word' id='word_1_224' title='bbox 724 1507 847 1538; x_wconf 84' lang='lat' dir='ltr'>ratione</span> <span class='ocrx_word' id='word_1_225' title='bbox 882 1518 955 1538; x_wconf 83' lang='lat' dir='ltr'>mox</span> <span class='ocrx_word' id='word_1_226' title='bbox 984 1507 1092 1539; x_wconf 86' lang='lat' dir='ltr'>addita</span> 
     </span>
     <span class='ocr_line' id='line_1_32' title="bbox 136 1548 1092 1590; baseline 0 -9"><span class='ocrx_word' id='word_1_227' title='bbox 136 1550 333 1590; x_wconf 80' lang='lat' dir='ltr'>colligimus:</span> <span class='ocrx_word' id='word_1_228' title='bbox 364 1548 449 1588; x_wconf 80' lang='lat' dir='ltr'>Quia</span> <span class='ocrx_word' id='word_1_229' title='bbox 471 1549 575 1580; x_wconf 90' lang='lat' dir='ltr'>oleum</span> <span class='ocrx_word' id='word_1_230' title='bbox 599 1550 780 1580; x_wconf 83' lang='lat' dir='ltr'>sanctitatis</span> <span class='ocrx_word' id='word_1_231' title='bbox 803 1550 844 1580; x_wconf 89' lang='lat' dir='ltr'>sit</span> <span class='ocrx_word' id='word_1_232' title='bbox 874 1560 972 1590; x_wconf 91' lang='lat' dir='ltr'>super</span> <span class='ocrx_word' id='word_1_233' title='bbox 995 1557 1092 1590; x_wconf 88' lang='lat' dir='ltr'>caput</span> 
     </span>
     <span class='ocr_line' id='line_1_33' title="bbox 136 1591 1091 1632; baseline 0.001 -9"><span class='ocrx_word' id='word_1_234' title='bbox 136 1592 252 1624; x_wconf 86' lang='lat' dir='ltr'>summi</span> <span class='ocrx_word' id='word_1_235' title='bbox 286 1592 465 1623; x_wconf 85' lang='lat' dir='ltr'>sacerdotis.</span> <span class='ocrx_word' id='word_1_236' title='bbox 519 1591 590 1631; x_wconf 80' lang='lat' dir='ltr'>Quo</span> <span class='ocrx_word' id='word_1_237' title='bbox 624 1592 785 1632; x_wconf 84' lang='lat' dir='ltr'>significat</span> <span class='ocrx_word' id='word_1_238' title='bbox 818 1593 924 1630; x_wconf 89' lang='lat' dir='ltr'>Deus,</span> <span class='ocrx_word' id='word_1_239' title='bbox 960 1594 1091 1624; x_wconf 89' lang='lat' dir='ltr'>minime</span> 
     </span>
     <span class='ocr_line' id='line_1_34' title="bbox 136 1634 1091 1675; baseline 0.001 -9"><span class='ocrx_word' id='word_1_240' title='bbox 136 1640 257 1667; x_wconf 87' lang='lat' dir='ltr'>rectum</span> <span class='ocrx_word' id='word_1_241' title='bbox 292 1645 368 1672; x_wconf 85' lang='lat' dir='ltr'>esse,</span> <span class='ocrx_word' id='word_1_242' title='bbox 402 1638 435 1664; x_wconf 89' lang='lat' dir='ltr'>ut</span> <span class='ocrx_word' id='word_1_243' title='bbox 463 1634 563 1675; x_wconf 85' lang='lat' dir='ltr'>gloria</span> <span class='ocrx_word' id='word_1_244' title='bbox 591 1635 691 1674; x_wconf 87' lang='lat' dir='ltr'>ipsius</span> <span class='ocrx_word' id='word_1_245' title='bbox 726 1639 757 1665; x_wconf 90' lang='lat' dir='ltr'>et</span> <span class='ocrx_word' id='word_1_246' title='bbox 792 1634 885 1666; x_wconf 91' lang='lat' dir='ltr'>decor</span> <span class='ocrx_word' id='word_1_247' title='bbox 915 1635 982 1666; x_wconf 89' lang='lat' dir='ltr'>ullo</span> <span class='ocrx_word' id='word_1_248' title='bbox 1014 1636 1091 1667; x_wconf 86' lang='lat' dir='ltr'>vitio</span> 
     </span>
     <span class='ocr_line' id='line_1_35' title="bbox 136 1676 1092 1717; baseline 0.001 -9"><span class='ocrx_word' id='word_1_249' title='bbox 136 1678 329 1717; x_wconf 86' lang='lat' dir='ltr'>profanetur.</span> <span class='ocrx_word' id='word_1_250' title='bbox 375 1676 467 1715; x_wconf 77' lang='lat' dir='ltr'>Quod</span> <span class='ocrx_word' id='word_1_251' title='bbox 496 1677 534 1708; x_wconf 86' lang='lat' dir='ltr'>ad</span> <span class='ocrx_word' id='word_1_252' title='bbox 567 1677 665 1708; x_wconf 79' lang='lat' dir='ltr'>verba</span> <span class='ocrx_word' id='word_1_253' title='bbox 689 1684 824 1717; x_wconf 86' lang='lat' dir='ltr'>spectat:</span> <span class='ocrx_word' id='word_1_254' title='bbox 856 1678 959 1717; x_wconf 90' lang='lat' dir='ltr'>primo</span> <span class='ocrx_word' id='word_1_255' title='bbox 990 1680 1092 1709; x_wconf 86' lang='lat' dir='ltr'>maior</span> 
     </span>
     <span class='ocr_line' id='line_1_36' title="bbox 136 1719 1090 1763; baseline 0.001 -13"><span class='ocrx_word' id='word_1_256' title='bbox 136 1720 266 1751; x_wconf 86' lang='lat' dir='ltr'>libertas</span> <span class='ocrx_word' id='word_1_257' title='bbox 294 1719 475 1751; x_wconf 84' lang='lat' dir='ltr'>conceditur</span> <span class='ocrx_word' id='word_1_258' title='bbox 502 1719 633 1759; x_wconf 88' lang='lat' dir='ltr'>reliquis</span> <span class='ocrx_word' id='word_1_259' title='bbox 663 1721 797 1760; x_wconf 87' lang='lat' dir='ltr'>posteris</span> <span class='ocrx_word' id='word_1_260' title='bbox 827 1721 961 1751; x_wconf 83' lang='lat' dir='ltr'>Aharon</span> <span class='ocrx_word' id='word_1_261' title='bbox 996 1732 1090 1763; x_wconf 83' lang='lat' dir='ltr'>quam</span> 
     </span>
     <span class='ocr_line' id='line_1_37' title="bbox 137 1761 1090 1802; baseline 0 -8"><span class='ocrx_word' id='word_1_262' title='bbox 137 1773 260 1794; x_wconf 84' lang='lat' dir='ltr'>summo</span> <span class='ocrx_word' id='word_1_263' title='bbox 283 1761 451 1794; x_wconf 86' lang='lat' dir='ltr'>sacerdoti:</span> <span class='ocrx_word' id='word_1_264' title='bbox 481 1761 535 1793; x_wconf 86' lang='lat' dir='ltr'>sed</span> <span class='ocrx_word' id='word_1_265' title='bbox 565 1767 692 1793; x_wconf 88' lang='lat' dir='ltr'>tantum</span> <span class='ocrx_word' id='word_1_266' title='bbox 717 1767 752 1793; x_wconf 81' lang='lat' dir='ltr'>ut·</span> <span class='ocrx_word' id='word_1_267' title='bbox 775 1767 914 1802; x_wconf 88' lang='lat' dir='ltr'>patrem,</span> <span class='ocrx_word' id='word_1_268' title='bbox 945 1769 1090 1801; x_wconf 88' lang='lat' dir='ltr'>matrem,</span> 
     </span>
     <span class='ocr_line' id='line_1_38' title="bbox 138 1805 1091 1845; baseline 0.002 -10"><span class='ocrx_word' id='word_1_269' title='bbox 138 1805 262 1843; x_wconf 85' lang='lat' dir='ltr'>liberos,</span> <span class='ocrx_word' id='word_1_270' title='bbox 286 1810 317 1835; x_wconf 88' lang='lat' dir='ltr'>et</span> <span class='ocrx_word' id='word_1_271' title='bbox 338 1805 451 1836; x_wconf 87' lang='lat' dir='ltr'>fratres</span> <span class='ocrx_word' id='word_1_272' title='bbox 474 1815 643 1845; x_wconf 84' lang='lat' dir='ltr'>germanos</span> <span class='ocrx_word' id='word_1_273' title='bbox 667 1806 808 1845; x_wconf 71' lang='lat' dir='ltr'>{ngeant,</span> <span class='ocrx_word' id='word_1_274' title='bbox 829 1816 865 1837; x_wconf 84' lang='lat' dir='ltr'>ac</span> <span class='ocrx_word' id='word_1_275' title='bbox 888 1817 1014 1837; x_wconf 87' lang='lat' dir='ltr'>sorores</span> <span class='ocrx_word' id='word_1_276' title='bbox 1038 1806 1091 1837; x_wconf 86' lang='lat' dir='ltr'>ad-</span> 
     </span>
     <span class='ocr_line' id='line_1_39' title="bbox 138 1847 1089 1888; baseline 0.003 -11"><span class='ocrx_word' id='word_1_277' title='bbox 138 1847 200 1878; x_wconf 90' lang='lat' dir='ltr'>huc</span> <span class='ocrx_word' id='word_1_278' title='bbox 222 1848 381 1887; x_wconf 88' lang='lat' dir='ltr'>innuptas.</span> <span class='ocrx_word' id='word_1_279' title='bbox 425 1847 494 1878; x_wconf 85' lang='lat' dir='ltr'>Iam</span> <span class='ocrx_word' id='word_1_280' title='bbox 518 1859 556 1878; x_wconf 90' lang='lat' dir='ltr'>ne</span> <span class='ocrx_word' id='word_1_281' title='bbox 578 1847 707 1878; x_wconf 88' lang='lat' dir='ltr'>ambitio</span> <span class='ocrx_word' id='word_1_282' title='bbox 731 1859 783 1879; x_wconf 88' lang='lat' dir='ltr'>eos</span> <span class='ocrx_word' id='word_1_283' title='bbox 814 1848 941 1888; x_wconf 85' lang='lat' dir='ltr'>longius</span> <span class='ocrx_word' id='word_1_284' title='bbox 972 1849 1089 1886; x_wconf 89' lang='lat' dir='ltr'>trahat,</span> 
     </span>
     <span class='ocr_line' id='line_1_40' title="bbox 138 1889 1090 1931; baseline 0.002 -11"><span class='ocrx_word' id='word_1_285' title='bbox 138 1889 254 1921; x_wconf 85' lang='lat' dir='ltr'>diserte</span> <span class='ocrx_word' id='word_1_286' title='bbox 283 1895 430 1920; x_wconf 86' lang='lat' dir='ltr'>vetantur</span> <span class='ocrx_word' id='word_1_287' title='bbox 458 1890 552 1921; x_wconf 89' lang='lat' dir='ltr'>etiam</span> <span class='ocrx_word' id='word_1_288' title='bbox 582 1891 614 1921; x_wconf 90' lang='lat' dir='ltr'>in</span> <span class='ocrx_word' id='word_1_289' title='bbox 646 1896 748 1921; x_wconf 88' lang='lat' dir='ltr'>morte</span> <span class='ocrx_word' id='word_1_290' title='bbox 784 1891 937 1931; x_wconf 89' lang='lat' dir='ltr'>principis</span> <span class='ocrx_word' id='word_1_291' title='bbox 968 1891 1090 1923; x_wconf 90' lang='lat' dir='ltr'>luctum</span> 
     </span>
     <span class='ocr_line' id='line_1_41' title="bbox 138 1932 1089 1973; baseline 0.003 -11"><span class='ocrx_word' id='word_1_292' title='bbox 138 1932 307 1972; x_wconf 82' lang='lat' dir='ltr'>suscipere.</span> <span class='ocrx_word' id='word_1_293' title='bbox 336 1932 401 1963; x_wconf 90' lang='lat' dir='ltr'>Nee</span> <span class='ocrx_word' id='word_1_294' title='bbox 420 1932 549 1963; x_wconf 91' lang='lat' dir='ltr'>dubium</span> <span class='ocrx_word' id='word_1_295' title='bbox 563 1938 610 1964; x_wconf 88' lang='lat' dir='ltr'>est</span> <span class='ocrx_word' id='word_1_296' title='bbox 623 1934 700 1973; x_wconf 92' lang='lat' dir='ltr'>quin</span> <span class='ocrx_word' id='word_1_297' title='bbox 714 1934 822 1964; x_wconf 87' lang='lat' dir='ltr'>vitiosi</span> <span class='ocrx_word' id='word_1_298' title='bbox 835 1934 957 1964; x_wconf 86' lang='lat' dir='ltr'>fuerint</span> <span class='ocrx_word' id='word_1_299' title='bbox 975 1935 1089 1971; x_wconf 86' lang='lat' dir='ltr'>luctus,</span> 
     </span>
     <span class='ocr_line' id='line_1_42' title="bbox 138 1974 1090 2016; baseline 0.002 -11"><span class='ocrx_word' id='word_1_300' title='bbox 138 1985 215 2014; x_wconf 87' lang='lat' dir='ltr'>quos</span> <span class='ocrx_word' id='word_1_301' title='bbox 238 1974 326 2005; x_wconf 89' lang='lat' dir='ltr'>Deus</span> <span class='ocrx_word' id='word_1_302' title='bbox 355 1975 528 2006; x_wconf 88' lang='lat' dir='ltr'>seeundum</span> <span class='ocrx_word' id='word_1_303' title='bbox 562 1975 799 2016; x_wconf 83' lang='lat' dir='ltr'>indulgentiam</span> <span class='ocrx_word' id='word_1_304' title='bbox 823 1977 976 2016; x_wconf 83' lang='lat' dir='ltr'>permisit.</span> <span class='ocrx_word' id='word_1_305' title='bbox 1026 1976 1090 2009; x_wconf 84' lang='lat' dir='ltr'>Sed</span> 
     </span>
     <span class='ocr_line' id='line_1_43' title="bbox 136 2016 1091 2060; baseline 0.004 -13"><span class='ocrx_word' id='word_1_306' title='bbox 136 2016 244 2048; x_wconf 87' lang='lat' dir='ltr'>habita</span> <span class='ocrx_word' id='word_1_307' title='bbox 273 2017 332 2047; x_wconf 78' lang='lat' dir='ltr'>fuit</span> <span class='ocrx_word' id='word_1_308' title='bbox 361 2017 556 2049; x_wconf 84' lang='lat' dir='ltr'>infirmitatis</span> <span class='ocrx_word' id='word_1_309' title='bbox 582 2019 680 2056; x_wconf 86' lang='lat' dir='ltr'>ratio,</span> <span class='ocrx_word' id='word_1_310' title='bbox 716 2030 755 2049; x_wconf 87' lang='lat' dir='ltr'>ne</span> <span class='ocrx_word' id='word_1_311' title='bbox 786 2019 975 2051; x_wconf 87' lang='lat' dir='ltr'>immodicus</span> <span class='ocrx_word' id='word_1_312' title='bbox 1004 2021 1091 2060; x_wconf 85' lang='lat' dir='ltr'>rigor</span> 
     </span>
     <span class='ocr_line' id='line_1_44' title="bbox 133 2059 1090 2103; baseline 0.005 -14"><span class='ocrx_word' id='word_1_313' title='bbox 133 2069 184 2090; x_wconf 89' lang='lat' dir='ltr'>eos</span> <span class='ocrx_word' id='word_1_314' title='bbox 208 2059 245 2090; x_wconf 87' lang='lat' dir='ltr'>ad</span> <span class='ocrx_word' id='word_1_315' title='bbox 269 2059 442 2090; x_wconf 86' lang='lat' dir='ltr'>violentam</span> <span class='ocrx_word' id='word_1_316' title='bbox 466 2061 688 2100; x_wconf 87' lang='lat' dir='ltr'>intemperiem</span> <span class='ocrx_word' id='word_1_317' title='bbox 714 2062 884 2101; x_wconf 87' lang='lat' dir='ltr'>abriperet.</span> <span class='ocrx_word' id='word_1_318' title='bbox 939 2062 993 2094; x_wconf 78' lang='lat' dir='ltr'>Sic</span> <span class='ocrx_word' id='word_1_319' title='bbox 1014 2073 1090 2103; x_wconf 83' lang='lat' dir='ltr'>ergo</span> 
     </span>
     <span class='ocr_line' id='line_1_45' title="bbox 131 2101 1088 2145; baseline 0.004 -13"><span class='ocrx_word' id='word_1_320' title='bbox 131 2101 195 2133; x_wconf 85' lang='lat' dir='ltr'>illis</span> <span class='ocrx_word' id='word_1_321' title='bbox 219 2102 306 2133; x_wconf 88' lang='lat' dir='ltr'>Deus</span> <span class='ocrx_word' id='word_1_322' title='bbox 336 2103 489 2142; x_wconf 87' lang='lat' dir='ltr'>pepercit,</span> <span class='ocrx_word' id='word_1_323' title='bbox 521 2108 556 2133; x_wconf 91' lang='lat' dir='ltr'>ut</span> <span class='ocrx_word' id='word_1_324' title='bbox 580 2108 686 2134; x_wconf 85' lang='lat' dir='ltr'>tamen</span> <span class='ocrx_word' id='word_1_325' title='bbox 711 2115 729 2135; x_wconf 86' lang='lat' dir='ltr'>a</span> <span class='ocrx_word' id='word_1_326' title='bbox 756 2105 852 2145; x_wconf 84' lang='lat' dir='ltr'>vulgo</span> <span class='ocrx_word' id='word_1_327' title='bbox 883 2105 1088 2136; x_wconf 86' lang='lat' dir='ltr'>discerneret.</span> 
     </span>
     <span class='ocr_line' id='line_1_46' title="bbox 135 2143 1089 2187; baseline 0.004 -13"><span class='ocrx_word' id='word_1_328' title='bbox 135 2143 360 2175; x_wconf 83' lang='lat' dir='ltr'>Contaminare</span> <span class='ocrx_word' id='word_1_329' title='bbox 385 2155 417 2176; x_wconf 87' lang='lat' dir='ltr'>se</span> <span class='ocrx_word' id='word_1_330' title='bbox 440 2144 488 2186; x_wconf 87' lang='lat' dir='ltr'>(ut</span> <span class='ocrx_word' id='word_1_331' title='bbox 511 2146 583 2176; x_wconf 85' lang='lat' dir='ltr'>alibi</span> <span class='ocrx_word' id='word_1_332' title='bbox 610 2146 762 2187; x_wconf 88' lang='lat' dir='ltr'>vidimus)</span> <span class='ocrx_word' id='word_1_333' title='bbox 788 2147 979 2178; x_wconf 79' lang='lat' dir='ltr'>tantundem</span> <span class='ocrx_word' id='word_1_334' title='bbox 1003 2148 1089 2179; x_wconf 85' lang='lat' dir='ltr'>valet</span> 
     </span>
     <span class='ocr_line' id='line_1_47' title="bbox 137 2186 1089 2230; baseline 0.005 -14"><span class='ocrx_word' id='word_1_335' title='bbox 137 2195 172 2216; x_wconf 87' lang='lat' dir='ltr'>ae</span> <span class='ocrx_word' id='word_1_336' title='bbox 182 2186 302 2217; x_wconf 90' lang='lat' dir='ltr'>luctum</span> <span class='ocrx_word' id='word_1_337' title='bbox 315 2188 473 2227; x_wconf 87' lang='lat' dir='ltr'>suscipere</span> <span class='ocrx_word' id='word_1_338' title='bbox 487 2199 581 2227; x_wconf 89' lang='lat' dir='ltr'>super</span> <span class='ocrx_word' id='word_1_339' title='bbox 594 2194 727 2227; x_wconf 81' lang='lat' dir='ltr'>mortuo,</span> <span class='ocrx_word' id='word_1_340' title='bbox 739 2189 899 2221; x_wconf 84' lang='lat' dir='ltr'>celebrare</span> <span class='ocrx_word' id='word_1_341' title='bbox 912 2192 1089 2230; x_wconf 83' lang='lat' dir='ltr'>exsequias,</span> 
     </span>
     <span class='ocr_line' id='line_1_48' title="bbox 138 2229 1116 2273; baseline 0.006 -15"><span class='ocrx_word' id='word_1_342' title='bbox 138 2231 169 2258; x_wconf 88' lang='lat' dir='ltr'>et</span> <span class='ocrx_word' id='word_1_343' title='bbox 191 2229 286 2260; x_wconf 87' lang='lat' dir='ltr'>funus</span> <span class='ocrx_word' id='word_1_344' title='bbox 309 2231 471 2269; x_wconf 87' lang='lat' dir='ltr'>prosequi:</span> <span class='ocrx_word' id='word_1_345' title='bbox 501 2231 575 2270; x_wconf 89' lang='lat' dir='ltr'>quia</span> <span class='ocrx_word' id='word_1_346' title='bbox 598 2232 630 2262; x_wconf 91' lang='lat' dir='ltr'>in</span> <span class='ocrx_word' id='word_1_347' title='bbox 655 2237 757 2262; x_wconf 86' lang='lat' dir='ltr'>morte</span> <span class='ocrx_word' id='word_1_348' title='bbox 781 2232 919 2263; x_wconf 89' lang='lat' dir='ltr'>hominis</span> <span class='ocrx_word' id='word_1_349' title='bbox 951 2244 984 2264; x_wconf 91' lang='lat' dir='ltr'>se</span> <span class='ocrx_word' id='word_1_350' title='bbox 1015 2244 1088 2273; x_wconf 91' lang='lat' dir='ltr'>pro·</span> <span class='ocrx_word' id='word_1_351' title='bbox 1115 2253 1116 2270; x_wconf 37' lang='grc' dir='ltr'><strong><em>ῃ</em></strong></span> 
     </span>
     <span class='ocr_line' id='line_1_49' title="bbox 138 2270 1116 2320; baseline 0.007 -20"><span class='ocrx_word' id='word_1_352' title='bbox 138 2270 198 2301; x_wconf 82' lang='lat' dir='ltr'>fert</span> <span class='ocrx_word' id='word_1_353' title='bbox 227 2271 287 2301; x_wconf 87' lang='lat' dir='ltr'>Dei</span> <span class='ocrx_word' id='word_1_354' title='bbox 316 2272 500 2310; x_wconf 79' lang='lat' dir='ltr'>maledictio,</span> <span class='ocrx_word' id='word_1_355' title='bbox 532 2279 567 2304; x_wconf 90' lang='lat' dir='ltr'>ut</span> <span class='ocrx_word' id='word_1_356' title='bbox 590 2274 728 2305; x_wconf 88' lang='lat' dir='ltr'>cadaver</span> <span class='ocrx_word' id='word_1_357' title='bbox 750 2286 802 2306; x_wconf 90' lang='lat' dir='ltr'>eos</span> <span class='ocrx_word' id='word_1_358' title='bbox 826 2276 1015 2315; x_wconf 76' lang='lat' dir='ltr'>contagione</span> <span class='ocrx_word' id='word_1_359' title='bbox 1039 2276 1089 2306; x_wconf 91' lang='lat' dir='ltr'>in·</span> <span class='ocrx_word' id='word_1_360' title='bbox 1115 2312 1116 2320; x_wconf 15' lang='grc' dir='ltr'>ἵ</span> 
     </span>
     <span class='ocr_line' id='line_1_50' title="bbox 139 2312 1116 2360; baseline 0.007 -18"><span class='ocrx_word' id='word_1_361' title='bbox 139 2312 233 2349; x_wconf 87' lang='lat' dir='ltr'>ficiat,</span> <span class='ocrx_word' id='word_1_362' title='bbox 267 2325 284 2344; x_wconf 87' lang='lat' dir='ltr'>a</span> <span class='ocrx_word' id='word_1_363' title='bbox 318 2315 430 2353; x_wconf 85' lang='lat' dir='ltr'>quibus</span> <span class='ocrx_word' id='word_1_364' title='bbox 463 2316 648 2356; x_wconf 82' lang='lat' dir='ltr'>attingitur:</span> <span class='ocrx_word' id='word_1_365' title='bbox 683 2317 797 2348; x_wconf 88' lang='lat' dir='ltr'>deinde</span> <span class='ocrx_word' id='word_1_366' title='bbox 828 2318 899 2357; x_wconf 88' lang='lat' dir='ltr'>quia</span> <span class='ocrx_word' id='word_1_367' title='bbox 926 2319 993 2349; x_wconf 80' lang='lat' dir='ltr'>fieri</span> <span class='ocrx_word' id='word_1_368' title='bbox 1026 2330 1087 2349; x_wconf 91' lang='lat' dir='ltr'>non</span> <span class='ocrx_word' id='word_1_369' title='bbox 1114 2332 1116 2360; x_wconf 63' lang='grc' dir='ltr'>ς</span> 
     </span>
     <span class='ocr_line' id='line_1_51' title="bbox 139 2356 1088 2401; baseline 0.008 -17"><span class='ocrx_word' id='word_1_370' title='bbox 139 2359 252 2394; x_wconf 86' lang='lat' dir='ltr'>potest,</span> <span class='ocrx_word' id='word_1_371' title='bbox 276 2356 350 2394; x_wconf 91' lang='lat' dir='ltr'>quin</span> <span class='ocrx_word' id='word_1_372' title='bbox 374 2357 427 2387; x_wconf 91' lang='lat' dir='ltr'>ubi</span> <span class='ocrx_word' id='word_1_373' title='bbox 450 2359 622 2389; x_wconf 80' lang='lat' dir='ltr'>accersitur</span> <span class='ocrx_word' id='word_1_374' title='bbox 646 2370 770 2391; x_wconf 87' lang='lat' dir='ltr'>moeror</span> <span class='ocrx_word' id='word_1_375' title='bbox 794 2366 823 2390; x_wconf 89' lang='lat' dir='ltr'>et</span> <span class='ocrx_word' id='word_1_376' title='bbox 848 2362 990 2398; x_wconf 87' lang='lat' dir='ltr'>aeuitur,</span> <span class='ocrx_word' id='word_1_377' title='bbox 1020 2362 1088 2401; x_wconf 85' lang='lat' dir='ltr'>ipsa</span> 
     </span>
     <span class='ocr_line' id='line_1_52' title="bbox 140 2397 1087 2442; baseline 0.007 -16"><span class='ocrx_word' id='word_1_378' title='bbox 140 2397 296 2428; x_wconf 85' lang='lat' dir='ltr'>affectatio</span> <span class='ocrx_word' id='word_1_379' title='bbox 317 2398 355 2429; x_wconf 86' lang='lat' dir='ltr'>ad</span> <span class='ocrx_word' id='word_1_380' title='bbox 373 2399 601 2439; x_wconf 82' lang='lat' dir='ltr'>impatientiam</span> <span class='ocrx_word' id='word_1_381' title='bbox 616 2409 771 2442; x_wconf 80' lang='lat' dir='ltr'>erumpat.</span> <span class='ocrx_word' id='word_1_382' title='bbox 808 2402 903 2442; x_wconf 78' lang='lat' dir='ltr'>Quod</span> <span class='ocrx_word' id='word_1_383' title='bbox 922 2409 1011 2434; x_wconf 87' lang='lat' dir='ltr'>vetat</span> <span class='ocrx_word' id='word_1_384' title='bbox 1025 2405 1087 2435; x_wconf 80' lang='lat' dir='ltr'>cal-</span> 
     </span>
     <span class='ocr_line' id='line_1_53' title="bbox 140 2439 1115 2485; baseline 0.009 -17"><span class='ocrx_word' id='word_1_385' title='bbox 140 2439 254 2469; x_wconf 88' lang='lat' dir='ltr'>vitium</span> <span class='ocrx_word' id='word_1_386' title='bbox 277 2441 386 2477; x_wconf 84' lang='lat' dir='ltr'>facere,</span> <span class='ocrx_word' id='word_1_387' title='bbox 410 2452 448 2472; x_wconf 90' lang='lat' dir='ltr'>ne</span> <span class='ocrx_word' id='word_1_388' title='bbox 472 2442 502 2472; x_wconf 91' lang='lat' dir='ltr'>id</span> <span class='ocrx_word' id='word_1_389' title='bbox 525 2443 649 2482; x_wconf 90' lang='lat' dir='ltr'>quidem</span> <span class='ocrx_word' id='word_1_390' title='bbox 672 2446 801 2485; x_wconf 89' lang='lat' dir='ltr'>reliquis</span> <span class='ocrx_word' id='word_1_391' title='bbox 821 2457 836 2477; x_wconf 90' lang='lat' dir='ltr'>e</span> <span class='ocrx_word' id='word_1_392' title='bbox 855 2446 972 2485; x_wconf 89' lang='lat' dir='ltr'>populo</span> <span class='ocrx_word' id='word_1_393' title='bbox 991 2446 1088 2484; x_wconf 89' lang='lat' dir='ltr'>licuit,</span> <span class='ocrx_word' id='word_1_394' title='bbox 1114 2471 1115 2477; x_wconf 69' lang='lat'>.</span> 
     </span>
     <span class='ocr_line' id='line_1_54' title="bbox 139 2480 1088 2528; baseline 0.008 -17"><span class='ocrx_word' id='word_1_395' title='bbox 139 2480 194 2512; x_wconf 88' lang='lat' dir='ltr'>sed</span> <span class='ocrx_word' id='word_1_396' title='bbox 228 2481 265 2512; x_wconf 87' lang='lat' dir='ltr'>de</span> <span class='ocrx_word' id='word_1_397' title='bbox 298 2482 509 2516; x_wconf 84' lang='lat' dir='ltr'>sacerdotibus</span> <span class='ocrx_word' id='word_1_398' title='bbox 541 2496 690 2525; x_wconf 78' lang='lat' dir='ltr'>expresse</span> <span class='ocrx_word' id='word_1_399' title='bbox 724 2489 813 2519; x_wconf 90' lang='lat' dir='ltr'>Deus</span> <span class='ocrx_word' id='word_1_400' title='bbox 848 2488 995 2525; x_wconf 85' lang='lat' dir='ltr'>mandat,</span> <span class='ocrx_word' id='word_1_401' title='bbox 1027 2500 1088 2528; x_wconf 88' lang='lat' dir='ltr'>quo</span> 
     </span>
    </p>

    <p class='ocr_par' dir='ltr' id='par_1_3' title="bbox 138 2523 1116 2656">
     <span class='ocr_line' id='line_1_55' title="bbox 139 2523 1115 2572; baseline 0.009 -19"><span class='ocrx_word' id='word_1_402' title='bbox 139 2523 199 2554; x_wconf 84' lang='lat' dir='ltr'>sub</span> <span class='ocrx_word' id='word_1_403' title='bbox 229 2525 360 2555; x_wconf 85' lang='lat' dir='ltr'>arctiore</span> <span class='ocrx_word' id='word_1_404' title='bbox 389 2526 471 2565; x_wconf 88' lang='lat' dir='ltr'>ipsos</span> <span class='ocrx_word' id='word_1_405' title='bbox 499 2527 608 2559; x_wconf 88' lang='lat' dir='ltr'>fraeno</span> <span class='ocrx_word' id='word_1_406' title='bbox 636 2531 806 2561; x_wconf 88' lang='lat' dir='ltr'>contineat.</span> <span class='ocrx_word' id='word_1_407' title='bbox 850 2530 901 2561; x_wconf 91' lang='lat' dir='ltr'>De</span> <span class='ocrx_word' id='word_1_408' title='bbox 924 2532 1088 2562; x_wconf 81' lang='lat' dir='ltr'>sacerdote</span> <span class='ocrx_word' id='word_1_409' title='bbox 1114 2547 1115 2572; x_wconf 67' lang='lat'>3</span> 
     </span>
     <span class='ocr_line' id='line_1_56' title="bbox 140 2566 1116 2618; baseline 0.01 -23"><span class='ocrx_word' id='word_1_410' title='bbox 140 2566 278 2596; x_wconf 81' lang='lat' dir='ltr'>maximo</span> <span class='ocrx_word' id='word_1_411' title='bbox 308 2567 432 2598; x_wconf 84' lang='lat' dir='ltr'>videtur</span> <span class='ocrx_word' id='word_1_412' title='bbox 462 2578 584 2609; x_wconf 87' lang='lat' dir='ltr'>praeter</span> <span class='ocrx_word' id='word_1_413' title='bbox 607 2574 809 2612; x_wconf 86' lang='lat' dir='ltr'>exceptiones</span> <span class='ocrx_word' id='word_1_414' title='bbox 840 2573 960 2613; x_wconf 81' lang='lat' dir='ltr'>aliquid</span> <span class='ocrx_word' id='word_1_415' title='bbox 985 2574 1088 2605; x_wconf 87' lang='lat' dir='ltr'>maius</span> <span class='ocrx_word' id='word_1_416' title='bbox 1114 2583 1116 2618; x_wconf 40' lang='grc' dir='ltr'>ἰ</span> 
     </span>
     <span class='ocr_line' id='line_1_57' title="bbox 138 2608 1086 2656; baseline 0.011 -19"><span class='ocrx_word' id='word_1_417' title='bbox 138 2608 245 2645; x_wconf 82' lang='lat' dir='ltr'>statui,</span> <span class='ocrx_word' id='word_1_418' title='bbox 265 2619 305 2638; x_wconf 89' lang='lat' dir='ltr'>ne</span> <span class='ocrx_word' id='word_1_419' title='bbox 323 2615 418 2649; x_wconf 87' lang='lat' dir='ltr'>caput</span> <span class='ocrx_word' id='word_1_420' title='bbox 436 2611 649 2653; x_wconf 79' lang='lat' dir='ltr'>discooperiat,</span> <span class='ocrx_word' id='word_1_421' title='bbox 668 2621 697 2645; x_wconf 88' lang='lat' dir='ltr'>et</span> <span class='ocrx_word' id='word_1_422' title='bbox 719 2621 825 2647; x_wconf 87' lang='lat' dir='ltr'>vestes</span> <span class='ocrx_word' id='word_1_423' title='bbox 844 2616 983 2647; x_wconf 87' lang='lat' dir='ltr'>scindat:</span> <span class='ocrx_word' id='word_1_424' title='bbox 1004 2617 1086 2656; x_wconf 90' lang='lat' dir='ltr'>quod</span> 
     </span>
    </p>

    <p class='ocr_par' dir='ltr' id='par_1_4' title="bbox 242 2657 680 2693">
     <span class='ocr_line' id='line_1_58' title="bbox 242 2657 680 2693; baseline 0.016 -10"><span class='ocrx_word' id='word_1_425' title='bbox 242 2657 348 2684; x_wconf 73' lang='lat' dir='ltr'>calvini</span> <span class='ocrx_word' id='word_1_426' title='bbox 365 2668 453 2693; x_wconf 66' lang='lat' dir='ltr'>opera,</span> <span class='ocrx_word' id='word_1_427' title='bbox 494 2662 547 2689; x_wconf 76' lang='lat' dir='ltr'>Vol.</span> <span class='ocrx_word' id='word_1_428' title='bbox 570 2664 680 2692; x_wconf 68' lang='lat' dir='ltr'>XXIV.</span> 
     </span>
    </p>
   </div>
   <div class='ocr_carea' id='block_1_3' title="bbox 1115 277 1128 2310">
    <p class='ocr_par' dir='ltr' id='par_1_5' title="bbox 1115 277 1128 2310">
     <span class='ocr_line' id='line_1_59' title="bbox 1115 277 1128 2310; baseline 0 0"><span class='ocrx_word' id='word_1_429' title='bbox 1115 277 1128 2310; x_wconf 95' lang='lat' dir='ltr'> </span> 
     </span>
    </p>
   </div>
   <div class='ocr_carea' id='block_1_4' title="bbox 832 181 1423 216">
    <p class='ocr_par' dir='ltr' id='par_1_6' title="bbox 832 181 1423 216">
     <span class='ocr_line' id='line_1_60' title="bbox 832 181 1423 216; baseline 0.003 -2"><span class='ocrx_word' id='word_1_430' title='bbox 832 181 1081 214; x_wconf 83' lang='lat' dir='ltr'>SECUNDUM</span> <span class='ocrx_word' id='word_1_431' title='bbox 1104 182 1423 216; x_wconf 78' lang='lat' dir='ltr'>PRAECEPTUM.</span> 
     </span>
    </p>
   </div>
   <div class='ocr_carea' id='block_1_5' title="bbox 1114 2365 2102 2443">
    <p class='ocr_par' dir='ltr' id='par_1_7' title="bbox 1114 2365 2102 2443">
     <span class='ocr_line' id='line_1_61' title="bbox 1114 2365 1356 2397; baseline -0.008 -5"><span class='ocrx_word' id='word_1_432' title='bbox 1114 2365 1116 2397; x_wconf 55' lang='grc' dir='ltr'>ἲ</span> <span class='ocrx_word' id='word_1_433' title='bbox 1141 2372 1274 2392; x_wconf 85' lang='lat' dir='ltr'>eanenin</span> <span class='ocrx_word' id='word_1_434' title='bbox 1300 2366 1356 2391; x_wconf 77' lang='lat' dir='ltr'>est.</span> 
     </span>
     <span class='ocr_line' id='line_1_62' title="bbox 1114 2403 2102 2443; baseline 0.003 -10"><span class='ocrx_word' id='word_1_435' title='bbox 1114 2407 1116 2433; x_wconf 66' lang='grc' dir='ltr'>ἐ</span> <span class='ocrx_word' id='word_1_436' title='bbox 1141 2403 1233 2435; x_wconf 89' lang='lat' dir='ltr'>cendi</span> <span class='ocrx_word' id='word_1_437' title='bbox 1265 2403 1443 2443; x_wconf 83' lang='lat' dir='ltr'>provincia,</span> <span class='ocrx_word' id='word_1_438' title='bbox 1482 2403 1607 2433; x_wconf 82' lang='lat' dir='ltr'>Levitis</span> <span class='ocrx_word' id='word_1_439' title='bbox 1638 2408 1745 2433; x_wconf 85' lang='lat' dir='ltr'>tamen</span> <span class='ocrx_word' id='word_1_440' title='bbox 1778 2404 1939 2436; x_wconf 87' lang='lat' dir='ltr'>adiutores</span> <span class='ocrx_word' id='word_1_441' title='bbox 1969 2406 2102 2439; x_wconf 80' lang='lat' dir='ltr'>fuerunt</span> 
     </span>
    </p>
   </div>
   <div class='ocr_carea' id='block_1_6' title="bbox 2054 192 2120 222">
    <p class='ocr_par' dir='ltr' id='par_1_8' title="bbox 2054 192 2120 222">
     <span class='ocr_line' id='line_1_63' title="bbox 2054 192 2120 222; baseline 0.015 -1"><span class='ocrx_word' id='word_1_442' title='bbox 2054 192 2120 222; x_wconf 76' lang='lat'>450</span> 
     </span>
    </p>
   </div>
   <div class='ocr_carea' id='block_1_7' title="bbox 1147 277 2115 654">
    <p class='ocr_par' dir='ltr' id='par_1_9' title="bbox 1147 277 2115 654">
     <span class='ocr_line' id='line_1_64' title="bbox 1152 277 2115 321; baseline 0.009 -16"><span class='ocrx_word' id='word_1_443' title='bbox 1152 280 1260 306; x_wconf 88' lang='lat' dir='ltr'>tamen</span> <span class='ocrx_word' id='word_1_444' title='bbox 1285 277 1358 308; x_wconf 89' lang='lat' dir='ltr'>filiis</span> <span class='ocrx_word' id='word_1_445' title='bbox 1382 278 1517 309; x_wconf 85' lang='lat' dir='ltr'>Aharon</span> <span class='ocrx_word' id='word_1_446' title='bbox 1541 279 1616 310; x_wconf 83' lang='lat' dir='ltr'>alibi</span> <span class='ocrx_word' id='word_1_447' title='bbox 1641 280 1832 321; x_wconf 83' lang='lat' dir='ltr'>iniungitur.</span> <span class='ocrx_word' id='word_1_448' title='bbox 1869 281 1933 313; x_wconf 82' lang='lat' dir='ltr'>Sed</span> <span class='ocrx_word' id='word_1_449' title='bbox 1954 282 2006 314; x_wconf 89' lang='lat' dir='ltr'>hic</span> <span class='ocrx_word' id='word_1_450' title='bbox 2025 282 2115 314; x_wconf 85' lang='lat' dir='ltr'>dam-</span> 
     </span>
     <span class='ocr_line' id='line_1_65' title="bbox 1151 320 2115 363; baseline 0.008 -15"><span class='ocrx_word' id='word_1_451' title='bbox 1151 322 1247 348; x_wconf 86' lang='lat' dir='ltr'>natur</span> <span class='ocrx_word' id='word_1_452' title='bbox 1277 320 1308 349; x_wconf 91' lang='lat' dir='ltr'>in</span> <span class='ocrx_word' id='word_1_453' title='bbox 1342 331 1466 351; x_wconf 88' lang='lat' dir='ltr'>summo</span> <span class='ocrx_word' id='word_1_454' title='bbox 1490 321 1653 353; x_wconf 87' lang='lat' dir='ltr'>sacerdote</span> <span class='ocrx_word' id='word_1_455' title='bbox 1677 324 1761 363; x_wconf 91' lang='lat' dir='ltr'>quod</span> <span class='ocrx_word' id='word_1_456' title='bbox 1787 324 1952 356; x_wconf 88' lang='lat' dir='ltr'>tolerabile</span> <span class='ocrx_word' id='word_1_457' title='bbox 1974 331 2058 356; x_wconf 83' lang='lat' dir='ltr'>esset</span> <span class='ocrx_word' id='word_1_458' title='bbox 2080 326 2115 356; x_wconf 87' lang='lat' dir='ltr'>in</span> 
     </span>
     <span class='ocr_line' id='line_1_66' title="bbox 1150 360 2115 407; baseline 0.009 -17"><span class='ocrx_word' id='word_1_459' title='bbox 1150 360 1228 391; x_wconf 85' lang='lat' dir='ltr'>aliis.</span> <span class='ocrx_word' id='word_1_460' title='bbox 1253 361 1297 392; x_wconf 87' lang='lat' dir='ltr'>Et</span> <span class='ocrx_word' id='word_1_461' title='bbox 1320 368 1405 393; x_wconf 87' lang='lat' dir='ltr'>certe</span> <span class='ocrx_word' id='word_1_462' title='bbox 1428 370 1681 396; x_wconf 87' lang='lat' dir='ltr'>consentaneum</span> <span class='ocrx_word' id='word_1_463' title='bbox 1705 366 1775 404; x_wconf 84' lang='lat' dir='ltr'>fuit,</span> <span class='ocrx_word' id='word_1_464' title='bbox 1800 371 1835 397; x_wconf 90' lang='lat' dir='ltr'>ut</span> <span class='ocrx_word' id='word_1_465' title='bbox 1858 367 2020 406; x_wconf 87' lang='lat' dir='ltr'>peculiare</span> <span class='ocrx_word' id='word_1_466' title='bbox 2043 379 2115 407; x_wconf 88' lang='lat' dir='ltr'>spe-</span> 
     </span>
     <span class='ocr_line' id='line_1_67' title="bbox 1149 403 2113 448; baseline 0.009 -16"><span class='ocrx_word' id='word_1_467' title='bbox 1149 403 1251 433; x_wconf 87' lang='lat' dir='ltr'>cimen</span> <span class='ocrx_word' id='word_1_468' title='bbox 1283 404 1392 435; x_wconf 86' lang='lat' dir='ltr'>ederet</span> <span class='ocrx_word' id='word_1_469' title='bbox 1424 406 1653 439; x_wconf 86' lang='lat' dir='ltr'>moderationis</span> <span class='ocrx_word' id='word_1_470' title='bbox 1683 412 1715 438; x_wconf 90' lang='lat' dir='ltr'>et</span> <span class='ocrx_word' id='word_1_471' title='bbox 1744 409 1923 448; x_wconf 80' lang='lat' dir='ltr'>gravitatis.</span> <span class='ocrx_word' id='word_1_472' title='bbox 1969 410 2012 440; x_wconf 85' lang='lat' dir='ltr'>Et</span> <span class='ocrx_word' id='word_1_473' title='bbox 2041 410 2113 442; x_wconf 92' lang='lat' dir='ltr'>ideo</span> 
     </span>
     <span class='ocr_line' id='line_1_68' title="bbox 1148 448 2114 493; baseline 0.01 -19"><span class='ocrx_word' id='word_1_474' title='bbox 1148 453 1317 476; x_wconf 83' lang='lat' dir='ltr'>revocatur</span> <span class='ocrx_word' id='word_1_475' title='bbox 1347 448 1378 477; x_wconf 91' lang='lat' dir='ltr'>in</span> <span class='ocrx_word' id='word_1_476' title='bbox 1411 450 1595 479; x_wconf 86' lang='lat' dir='ltr'>memoriam</span> <span class='ocrx_word' id='word_1_477' title='bbox 1626 451 1695 490; x_wconf 84' lang='lat' dir='ltr'>ipsa</span> <span class='ocrx_word' id='word_1_478' title='bbox 1725 452 1822 482; x_wconf 87' lang='lat' dir='ltr'>officii</span> <span class='ocrx_word' id='word_1_479' title='bbox 1857 451 2016 493; x_wconf 82' lang='lat' dir='ltr'>dignitas,</span> <span class='ocrx_word' id='word_1_480' title='bbox 2050 464 2114 493; x_wconf 79' lang='lat' dir='ltr'>qua</span> 
     </span>
     <span class='ocr_line' id='line_1_69' title="bbox 1148 489 2111 533; baseline 0.009 -16"><span class='ocrx_word' id='word_1_481' title='bbox 1148 498 1246 526; x_wconf 89' lang='lat' dir='ltr'>supra</span> <span class='ocrx_word' id='word_1_482' title='bbox 1269 489 1348 520; x_wconf 85' lang='lat' dir='ltr'>alios</span> <span class='ocrx_word' id='word_1_483' title='bbox 1371 490 1516 527; x_wconf 67' lang='lat' dir='ltr'>excellit,</span> <span class='ocrx_word' id='word_1_484' title='bbox 1553 499 1587 522; x_wconf 93' lang='lat' dir='ltr'>ut</span> <span class='ocrx_word' id='word_1_485' title='bbox 1612 498 1700 523; x_wconf 82' lang='lat' dir='ltr'>tanto</span> <span class='ocrx_word' id='word_1_486' title='bbox 1725 494 1828 533; x_wconf 82' lang='lat' dir='ltr'>magis</span> <span class='ocrx_word' id='word_1_487' title='bbox 1858 505 1891 524; x_wconf 88' lang='lat' dir='ltr'>se</span> <span class='ocrx_word' id='word_1_488' title='bbox 1922 495 2111 527; x_wconf 89' lang='lat' dir='ltr'>obstrictum</span> 
     </span>
     <span class='ocr_line' id='line_1_70' title="bbox 1148 532 2111 575; baseline 0.01 -16"><span class='ocrx_word' id='word_1_489' title='bbox 1148 538 1309 568; x_wconf 65' lang='lat' dir='ltr'>agnoscat.</span> <span class='ocrx_word' id='word_1_490' title='bbox 1330 532 1419 563; x_wconf 86' lang='lat' dir='ltr'>Haec</span> <span class='ocrx_word' id='word_1_491' title='bbox 1438 533 1566 572; x_wconf 89' lang='lat' dir='ltr'>quidem</span> <span class='ocrx_word' id='word_1_492' title='bbox 1585 545 1711 565; x_wconf 87' lang='lat' dir='ltr'>summa</span> <span class='ocrx_word' id='word_1_493' title='bbox 1731 541 1788 572; x_wconf 76' lang='lat' dir='ltr'>est,</span> <span class='ocrx_word' id='word_1_494' title='bbox 1809 537 1881 575; x_wconf 86' lang='lat' dir='ltr'>quia</span> <span class='ocrx_word' id='word_1_495' title='bbox 1895 538 2111 569; x_wconf 85' lang='lat' dir='ltr'>sacerdotium</span> 
     </span>
     <span class='ocr_line' id='line_1_71' title="bbox 1148 572 2111 619; baseline 0.01 -17"><span class='ocrx_word' id='word_1_496' title='bbox 1148 572 1208 619; x_wconf 70' lang='lat' dir='ltr'>Dei</span> <span class='ocrx_word' id='word_1_497' title='bbox 1233 575 1386 604; x_wconf 83' lang='lat' dir='ltr'>sanctitas</span> <span class='ocrx_word' id='word_1_498' title='bbox 1417 580 1478 612; x_wconf 86' lang='lat' dir='ltr'>est,</span> <span class='ocrx_word' id='word_1_499' title='bbox 1514 577 1715 608; x_wconf 88' lang='lat' dir='ltr'>miscendum</span> <span class='ocrx_word' id='word_1_500' title='bbox 1747 589 1809 609; x_wconf 89' lang='lat' dir='ltr'>non</span> <span class='ocrx_word' id='word_1_501' title='bbox 1840 589 1909 610; x_wconf 88' lang='lat' dir='ltr'>esse</span> <span class='ocrx_word' id='word_1_502' title='bbox 1939 590 2011 610; x_wconf 91' lang='lat' dir='ltr'>eum</span> <span class='ocrx_word' id='word_1_503' title='bbox 2035 581 2111 613; x_wconf 86' lang='lat' dir='ltr'>ullis</span> 
     </span>
     <span class='ocr_line' id='line_1_72' title="bbox 1147 619 1413 654; baseline 0.011 -10"><span class='ocrx_word' id='word_1_504' title='bbox 1147 619 1413 654; x_wconf 77' lang='lat' dir='ltr'>inquinamentis.</span> 
     </span>
    </p>
   </div>
   <div class='ocr_carea' id='block_1_8' title="bbox 1440 787 1812 820">
    <p class='ocr_par' dir='ltr' id='par_1_10' title="bbox 1440 787 1812 820">
     <span class='ocr_line' id='line_1_73' title="bbox 1440 787 1812 820; baseline 0.008 -3"><span class='ocrx_word' id='word_1_505' title='bbox 1440 787 1502 818; x_wconf 88' lang='lat' dir='ltr'>EX</span> <span class='ocrx_word' id='word_1_506' title='bbox 1526 788 1657 820; x_wconf 85' lang='lat' dir='ltr'>DEU&#39;P.</span> <span class='ocrx_word' id='word_1_507' title='bbox 1682 789 1812 820; x_wconf 86' lang='lat' dir='ltr'>XXXI.</span> 
     </span>
    </p>
   </div>
   <div class='ocr_carea' id='block_1_9' title="bbox 1145 869 2108 990">
    <p class='ocr_par' dir='ltr' id='par_1_11' title="bbox 1145 869 2108 990">
     <span class='ocr_line' id='line_1_74' title="bbox 1231 869 2108 913; baseline 0.01 -14"><span class='ocrx_word' id='word_1_508' title='bbox 1231 870 1258 899; x_wconf 74' lang='lat'>9.</span> <span class='ocrx_word' id='word_1_509' title='bbox 1283 869 1472 909; x_wconf 69' lang='lat' dir='ltr'>Scripsitqzw</span> <span class='ocrx_word' id='word_1_510' title='bbox 1495 872 1597 904; x_wconf 74' lang='lat' dir='ltr'>Moses</span> <span class='ocrx_word' id='word_1_511' title='bbox 1626 874 1718 913; x_wconf 69' lang='lat' dir='ltr'>Zeyem</span> <span class='ocrx_word' id='word_1_512' title='bbox 1740 874 1847 911; x_wconf 71' lang='lat' dir='ltr'>istam,</span> <span class='ocrx_word' id='word_1_513' title='bbox 1879 877 1905 905; x_wconf 77' lang='lat' dir='ltr'>et</span> <span class='ocrx_word' id='word_1_514' title='bbox 1930 876 2011 907; x_wconf 70' lang='lat' dir='ltr'>dedit</span> <span class='ocrx_word' id='word_1_515' title='bbox 2039 888 2108 909; x_wconf 79' lang='lat' dir='ltr'>eam</span> 
     </span>
     <span class='ocr_line' id='line_1_75' title="bbox 1145 912 2107 957; baseline 0.011 -16"><span class='ocrx_word' id='word_1_516' title='bbox 1145 912 1350 943; x_wconf 58' lang='lat' dir='ltr'>sacerdotibus</span> <span class='ocrx_word' id='word_1_517' title='bbox 1369 913 1449 951; x_wconf 38' lang='lat' dir='ltr'>filaris</span> <span class='ocrx_word' id='word_1_518' title='bbox 1472 914 1547 945; x_wconf 73' lang='lat' dir='ltr'>Lem¹</span> <span class='ocrx_word' id='word_1_519' title='bbox 1564 917 1760 955; x_wconf 74' lang='lat' dir='ltr'>portantibus</span> <span class='ocrx_word' id='word_1_520' title='bbox 1782 927 1887 948; x_wconf 77' lang='lat' dir='ltr'>arcam</span> <span class='ocrx_word' id='word_1_521' title='bbox 1903 918 2035 957; x_wconf 77' lang='lat' dir='ltr'>foederis</span> <span class='ocrx_word' id='word_1_522' title='bbox 2058 920 2107 952; x_wconf 83' lang='lat' dir='ltr'>Ie-</span> 
     </span>
     <span class='ocr_line' id='line_1_76' title="bbox 1145 954 1737 990; baseline 0.012 -7"><span class='ocrx_word' id='word_1_523' title='bbox 1145 954 1238 985; x_wconf 72' lang='lat' dir='ltr'>hovae</span> <span class='ocrx_word' id='word_1_524' title='bbox 1260 957 1285 985; x_wconf 74' lang='lat' dir='ltr'>et</span> <span class='ocrx_word' id='word_1_525' title='bbox 1303 956 1416 986; x_wconf 62' lang='lat' dir='ltr'>cometis</span> <span class='ocrx_word' id='word_1_526' title='bbox 1438 957 1607 989; x_wconf 79' lang='lat' dir='ltr'>senioribus</span> <span class='ocrx_word' id='word_1_527' title='bbox 1626 959 1737 990; x_wconf 73' lang='lat' dir='ltr'>Israel.</span> 
     </span>
    </p>
   </div>
   <div class='ocr_carea' id='block_1_10' title="bbox 1142 1039 2106 2107">
    <p class='ocr_par' dir='ltr' id='par_1_12' title="bbox 1142 1039 2106 2107">
     <span class='ocr_line' id='line_1_77' title="bbox 1230 1039 2105 1083; baseline 0.011 -14"><span class='ocrx_word' id='word_1_528' title='bbox 1230 1039 1257 1069; x_wconf 81' lang='lat'>9.</span> <span class='ocrx_word' id='word_1_529' title='bbox 1284 1039 1474 1079; x_wconf 73' lang='lat' dir='ltr'>Scripsitque</span> <span class='ocrx_word' id='word_1_530' title='bbox 1498 1041 1606 1072; x_wconf 67' lang='lat' dir='ltr'>Zlffoses.</span> <span class='ocrx_word' id='word_1_531' title='bbox 1653 1043 1751 1083; x_wconf 80' lang='lat' dir='ltr'>Legis</span> <span class='ocrx_word' id='word_1_532' title='bbox 1772 1043 1922 1076; x_wconf 88' lang='lat' dir='ltr'>volumen</span> <span class='ocrx_word' id='word_1_533' title='bbox 1941 1045 2027 1077; x_wconf 91' lang='lat' dir='ltr'>haud</span> <span class='ocrx_word' id='word_1_534' title='bbox 2047 1048 2105 1079; x_wconf 91' lang='lat' dir='ltr'>du·</span> 
     </span>
     <span class='ocr_line' id='line_1_78' title="bbox 1144 1081 2105 1128; baseline 0.011 -17"><span class='ocrx_word' id='word_1_535' title='bbox 1144 1081 1195 1111; x_wconf 87' lang='lat' dir='ltr'>bie</span> <span class='ocrx_word' id='word_1_536' title='bbox 1219 1081 1326 1112; x_wconf 89' lang='lat' dir='ltr'>Moses</span> <span class='ocrx_word' id='word_1_537' title='bbox 1349 1083 1381 1112; x_wconf 91' lang='lat' dir='ltr'>in</span> <span class='ocrx_word' id='word_1_538' title='bbox 1406 1083 1580 1114; x_wconf 85' lang='lat' dir='ltr'>custodiam</span> <span class='ocrx_word' id='word_1_539' title='bbox 1606 1084 1752 1124; x_wconf 84' lang='lat' dir='ltr'>deposuit</span> <span class='ocrx_word' id='word_1_540' title='bbox 1782 1086 1864 1125; x_wconf 89' lang='lat' dir='ltr'>apud</span> <span class='ocrx_word' id='word_1_541' title='bbox 1889 1088 2038 1128; x_wconf 83' lang='lat' dir='ltr'>Levitas‚</span> <span class='ocrx_word' id='word_1_542' title='bbox 2070 1096 2105 1122; x_wconf 91' lang='lat' dir='ltr'>ut</span> 
     </span>
     <span class='ocr_line' id='line_1_79' title="bbox 1144 1123 2103 1172; baseline 0.011 -19"><span class='ocrx_word' id='word_1_543' title='bbox 1144 1123 1207 1154; x_wconf 88' lang='lat' dir='ltr'>illis</span> <span class='ocrx_word' id='word_1_544' title='bbox 1230 1124 1414 1164; x_wconf 82' lang='lat' dir='ltr'>iniungeret</span> <span class='ocrx_word' id='word_1_545' title='bbox 1437 1125 1570 1156; x_wconf 87' lang='lat' dir='ltr'>docendi</span> <span class='ocrx_word' id='word_1_546' title='bbox 1595 1138 1719 1158; x_wconf 87' lang='lat' dir='ltr'>munus.</span> <span class='ocrx_word' id='word_1_547' title='bbox 1766 1129 1837 1159; x_wconf 85' lang='lat' dir='ltr'>Etsi</span> <span class='ocrx_word' id='word_1_548' title='bbox 1871 1130 1956 1161; x_wconf 87' lang='lat' dir='ltr'>enim</span> <span class='ocrx_word' id='word_1_549' title='bbox 1981 1132 2103 1172; x_wconf 90' lang='lat' dir='ltr'>simpli-</span> 
     </span>
     <span class='ocr_line' id='line_1_80' title="bbox 1143 1167 2103 1215; baseline 0.011 -19"><span class='ocrx_word' id='word_1_550' title='bbox 1143 1167 1222 1197; x_wconf 87' lang='lat' dir='ltr'>citer</span> <span class='ocrx_word' id='word_1_551' title='bbox 1246 1173 1396 1198; x_wconf 88' lang='lat' dir='ltr'>narratur</span> <span class='ocrx_word' id='word_1_552' title='bbox 1420 1168 1606 1199; x_wconf 82' lang='lat' dir='ltr'>mandatum</span> <span class='ocrx_word' id='word_1_553' title='bbox 1631 1169 1737 1207; x_wconf 84' lang='lat' dir='ltr'>fnisse,</span> <span class='ocrx_word' id='word_1_554' title='bbox 1761 1177 1795 1201; x_wconf 89' lang='lat' dir='ltr'>ut</span> <span class='ocrx_word' id='word_1_555' title='bbox 1818 1173 1953 1211; x_wconf 88' lang='lat' dir='ltr'>septimo</span> <span class='ocrx_word' id='word_1_556' title='bbox 1978 1185 2103 1215; x_wconf 89' lang='lat' dir='ltr'>quoque</span> 
     </span>
     <span class='ocr_line' id='line_1_81' title="bbox 1144 1209 2103 1256; baseline 0.011 -18"><span class='ocrx_word' id='word_1_557' title='bbox 1144 1219 1228 1239; x_wconf 86' lang='lat' dir='ltr'>anno</span> <span class='ocrx_word' id='word_1_558' title='bbox 1258 1209 1373 1240; x_wconf 91' lang='lat' dir='ltr'>librum</span> <span class='ocrx_word' id='word_1_559' title='bbox 1398 1220 1503 1241; x_wconf 82' lang='lat' dir='ltr'>coram</span> <span class='ocrx_word' id='word_1_560' title='bbox 1527 1212 1642 1251; x_wconf 87' lang='lat' dir='ltr'>populo</span> <span class='ocrx_word' id='word_1_561' title='bbox 1665 1214 1851 1245; x_wconf 85' lang='lat' dir='ltr'>recitarent:</span> <span class='ocrx_word' id='word_1_562' title='bbox 1877 1216 2026 1256; x_wconf 83' lang='lat' dir='ltr'>colligere</span> <span class='ocrx_word' id='word_1_563' title='bbox 2058 1223 2103 1249; x_wconf 88' lang='lat' dir='ltr'>ta-</span> 
     </span>
     <span class='ocr_line' id='line_1_82' title="bbox 1144 1256 2106 1292; baseline 0.01 -11"><span class='ocrx_word' id='word_1_564' title='bbox 1144 1262 1218 1282; x_wconf 87' lang='lat' dir='ltr'>men</span> <span class='ocrx_word' id='word_1_565' title='bbox 1253 1257 1437 1292; x_wconf 87' lang='lat' dir='ltr'>promptum</span> <span class='ocrx_word' id='word_1_566' title='bbox 1472 1258 1528 1289; x_wconf 81' lang='lat' dir='ltr'>est,</span> <span class='ocrx_word' id='word_1_567' title='bbox 1563 1260 1684 1285; x_wconf 88' lang='lat' dir='ltr'>creatos</span> <span class='ocrx_word' id='word_1_568' title='bbox 1718 1256 1815 1287; x_wconf 86' lang='lat' dir='ltr'>fuisse</span> <span class='ocrx_word' id='word_1_569' title='bbox 1848 1258 1917 1289; x_wconf 87' lang='lat' dir='ltr'>eius</span> <span class='ocrx_word' id='word_1_570' title='bbox 1941 1259 2106 1292; x_wconf 85' lang='lat' dir='ltr'>doctrinae</span> 
     </span>
     <span class='ocr_line' id='line_1_83' title="bbox 1146 1294 2104 1343; baseline 0.01 -19"><span class='ocrx_word' id='word_1_571' title='bbox 1146 1294 1289 1325; x_wconf 83' lang='lat' dir='ltr'>assiduos</span> <span class='ocrx_word' id='word_1_572' title='bbox 1319 1306 1502 1334; x_wconf 86' lang='lat' dir='ltr'>praecones.</span> <span class='ocrx_word' id='word_1_573' title='bbox 1547 1297 1732 1328; x_wconf 84' lang='lat' dir='ltr'>Absurdum</span> <span class='ocrx_word' id='word_1_574' title='bbox 1756 1299 1841 1329; x_wconf 90' lang='lat' dir='ltr'>enim</span> <span class='ocrx_word' id='word_1_575' title='bbox 1866 1301 1978 1332; x_wconf 86' lang='lat' dir='ltr'>fuisset</span> <span class='ocrx_word' id='word_1_576' title='bbox 2000 1302 2104 1343; x_wconf 81' lang='lat' dir='ltr'>legem</span> 
     </span>
     <span class='ocr_line' id='line_1_84' title="bbox 1145 1337 2104 1379; baseline 0.01 -13"><span class='ocrx_word' id='word_1_577' title='bbox 1145 1337 1221 1367; x_wconf 89' lang='lat' dir='ltr'>totis</span> <span class='ocrx_word' id='word_1_578' title='bbox 1252 1342 1375 1377; x_wconf 85' lang='lat' dir='ltr'>septem</span> <span class='ocrx_word' id='word_1_579' title='bbox 1407 1338 1499 1369; x_wconf 87' lang='lat' dir='ltr'>annis</span> <span class='ocrx_word' id='word_1_580' title='bbox 1536 1339 1693 1378; x_wconf 85' lang='lat' dir='ltr'>sepultam</span> <span class='ocrx_word' id='word_1_581' title='bbox 1723 1341 1842 1379; x_wconf 87' lang='lat' dir='ltr'>iacere,</span> <span class='ocrx_word' id='word_1_582' title='bbox 1878 1353 1938 1374; x_wconf 88' lang='lat' dir='ltr'>nec</span> <span class='ocrx_word' id='word_1_583' title='bbox 1970 1346 2104 1376; x_wconf 86' lang='lat' dir='ltr'>verbum</span> 
     </span>
     <span class='ocr_line' id='line_1_85' title="bbox 1145 1379 2105 1422; baseline 0.01 -13"><span class='ocrx_word' id='word_1_584' title='bbox 1145 1379 1183 1410; x_wconf 88' lang='lat' dir='ltr'>de</span> <span class='ocrx_word' id='word_1_585' title='bbox 1206 1379 1275 1410; x_wconf 89' lang='lat' dir='ltr'>eius</span> <span class='ocrx_word' id='word_1_586' title='bbox 1298 1379 1442 1411; x_wconf 83' lang='lat' dir='ltr'>doctrina</span> <span class='ocrx_word' id='word_1_587' title='bbox 1465 1381 1550 1412; x_wconf 87' lang='lat' dir='ltr'>fieri:</span> <span class='ocrx_word' id='word_1_588' title='bbox 1574 1382 1690 1422; x_wconf 77' lang='lat' dir='ltr'>frigida</span> <span class='ocrx_word' id='word_1_589' title='bbox 1714 1383 1827 1414; x_wconf 88' lang='lat' dir='ltr'>deinde</span> <span class='ocrx_word' id='word_1_590' title='bbox 1849 1384 1961 1416; x_wconf 88' lang='lat' dir='ltr'>fuisset</span> <span class='ocrx_word' id='word_1_591' title='bbox 1984 1388 2105 1419; x_wconf 87' lang='lat' dir='ltr'>auditio</span> 
     </span>
     <span class='ocr_line' id='line_1_86' title="bbox 1145 1422 2104 1466; baseline 0.011 -15"><span class='ocrx_word' id='word_1_592' title='bbox 1145 1422 1176 1452; x_wconf 88' lang='lat' dir='ltr'>in</span> <span class='ocrx_word' id='word_1_593' title='bbox 1202 1427 1291 1452; x_wconf 83' lang='lat' dir='ltr'>tanta</span> <span class='ocrx_word' id='word_1_594' title='bbox 1320 1423 1541 1460; x_wconf 89' lang='lat' dir='ltr'>multitudine,</span> <span class='ocrx_word' id='word_1_595' title='bbox 1572 1426 1724 1456; x_wconf 84' lang='lat' dir='ltr'>memoria</span> <span class='ocrx_word' id='word_1_596' title='bbox 1754 1437 1881 1466; x_wconf 90' lang='lat' dir='ltr'>quoque</span> <span class='ocrx_word' id='word_1_597' title='bbox 1909 1429 2000 1460; x_wconf 87' lang='lat' dir='ltr'>facile</span> <span class='ocrx_word' id='word_1_598' title='bbox 2030 1441 2104 1462; x_wconf 88' lang='lat' dir='ltr'>eva-</span> 
     </span>
     <span class='ocr_line' id='line_1_87' title="bbox 1145 1464 2105 1508; baseline 0.01 -14"><span class='ocrx_word' id='word_1_599' title='bbox 1145 1465 1276 1496; x_wconf 87' lang='lat' dir='ltr'>nuisset.</span> <span class='ocrx_word' id='word_1_600' title='bbox 1301 1464 1449 1505; x_wconf 88' lang='lat' dir='ltr'>Denique</span> <span class='ocrx_word' id='word_1_601' title='bbox 1472 1476 1626 1506; x_wconf 85' lang='lat' dir='ltr'>perquam</span> <span class='ocrx_word' id='word_1_602' title='bbox 1650 1469 1785 1508; x_wconf 77' lang='lat' dir='ltr'>exiguus</span> <span class='ocrx_word' id='word_1_603' title='bbox 1808 1469 1920 1501; x_wconf 87' lang='lat' dir='ltr'>fuisset</span> <span class='ocrx_word' id='word_1_604' title='bbox 1943 1482 2105 1504; x_wconf 89' lang='lat' dir='ltr'>caeremo—</span> 
     </span>
     <span class='ocr_line' id='line_1_88' title="bbox 1145 1507 2106 1550; baseline 0.01 -13"><span class='ocrx_word' id='word_1_605' title='bbox 1145 1507 1217 1538; x_wconf 87' lang='lat' dir='ltr'>niae</span> <span class='ocrx_word' id='word_1_606' title='bbox 1246 1508 1384 1545; x_wconf 87' lang='lat' dir='ltr'>fruetus,</span> <span class='ocrx_word' id='word_1_607' title='bbox 1415 1508 1441 1539; x_wconf 88' lang='lat' dir='ltr'>si</span> <span class='ocrx_word' id='word_1_608' title='bbox 1474 1509 1603 1548; x_wconf 90' lang='lat' dir='ltr'>reliquis</span> <span class='ocrx_word' id='word_1_609' title='bbox 1634 1511 1832 1550; x_wconf 87' lang='lat' dir='ltr'>temporibus</span> <span class='ocrx_word' id='word_1_610' title='bbox 1856 1513 1937 1544; x_wconf 86' lang='lat' dir='ltr'>muti</span> <span class='ocrx_word' id='word_1_611' title='bbox 1968 1514 2106 1547; x_wconf 85' lang='lat' dir='ltr'>fuissent</span> 
     </span>
     <span class='ocr_line' id='line_1_89' title="bbox 1145 1550 2105 1590; baseline 0.01 -11"><span class='ocrx_word' id='word_1_612' title='bbox 1145 1550 1291 1585; x_wconf 83' lang='lat' dir='ltr'>Levitae,</span> <span class='ocrx_word' id='word_1_613' title='bbox 1322 1556 1353 1580; x_wconf 88' lang='lat' dir='ltr'>et</span> <span class='ocrx_word' id='word_1_614' title='bbox 1378 1551 1458 1581; x_wconf 84' lang='lat' dir='ltr'>nihil</span> <span class='ocrx_word' id='word_1_615' title='bbox 1483 1551 1515 1581; x_wconf 93' lang='lat' dir='ltr'>in</span> <span class='ocrx_word' id='word_1_616' title='bbox 1544 1556 1610 1582; x_wconf 89' lang='lat' dir='ltr'>tota</span> <span class='ocrx_word' id='word_1_617' title='bbox 1634 1557 1720 1583; x_wconf 85' lang='lat' dir='ltr'>terra</span> <span class='ocrx_word' id='word_1_618' title='bbox 1749 1554 1893 1585; x_wconf 88' lang='lat' dir='ltr'>auditum</span> <span class='ocrx_word' id='word_1_619' title='bbox 1924 1556 2036 1588; x_wconf 85' lang='lat' dir='ltr'>fuisset</span> <span class='ocrx_word' id='word_1_620' title='bbox 2066 1558 2105 1590; x_wconf 88' lang='lat' dir='ltr'>de</span> 
     </span>
     <span class='ocr_line' id='line_1_90' title="bbox 1144 1593 2103 1638; baseline 0.009 -16"><span class='ocrx_word' id='word_1_621' title='bbox 1144 1593 1231 1623; x_wconf 89' lang='lat' dir='ltr'>cultu</span> <span class='ocrx_word' id='word_1_622' title='bbox 1256 1593 1326 1623; x_wconf 89' lang='lat' dir='ltr'>Dei.</span> <span class='ocrx_word' id='word_1_623' title='bbox 1373 1593 1446 1624; x_wconf 90' lang='lat' dir='ltr'>Huc</span> <span class='ocrx_word' id='word_1_624' title='bbox 1476 1594 1581 1633; x_wconf 88' lang='lat' dir='ltr'>itaque</span> <span class='ocrx_word' id='word_1_625' title='bbox 1611 1596 1767 1634; x_wconf 84' lang='lat' dir='ltr'>spectavit</span> <span class='ocrx_word' id='word_1_626' title='bbox 1796 1596 1937 1628; x_wconf 86' lang='lat' dir='ltr'>solennis</span> <span class='ocrx_word' id='word_1_627' title='bbox 1960 1601 2103 1638; x_wconf 91' lang='lat' dir='ltr'>promul-</span> 
     </span>
     <span class='ocr_line' id='line_1_91' title="bbox 1145 1635 2104 1682; baseline 0.009 -17"><span class='ocrx_word' id='word_1_628' title='bbox 1145 1635 1240 1675; x_wconf 83' lang='lat' dir='ltr'>gatio,</span> <span class='ocrx_word' id='word_1_629' title='bbox 1264 1646 1344 1674; x_wconf 86' lang='lat' dir='ltr'>quae</span> <span class='ocrx_word' id='word_1_630' title='bbox 1367 1646 1451 1666; x_wconf 90' lang='lat' dir='ltr'>anno</span> <span class='ocrx_word' id='word_1_631' title='bbox 1474 1637 1670 1668; x_wconf 87' lang='lat' dir='ltr'>remissionis</span> <span class='ocrx_word' id='word_1_632' title='bbox 1684 1637 1786 1674; x_wconf 83' lang='lat' dir='ltr'>fiebat,</span> <span class='ocrx_word' id='word_1_633' title='bbox 1812 1645 1847 1670; x_wconf 89' lang='lat' dir='ltr'>ut</span> <span class='ocrx_word' id='word_1_634' title='bbox 1869 1641 2006 1680; x_wconf 87' lang='lat' dir='ltr'>populus</span> <span class='ocrx_word' id='word_1_635' title='bbox 2030 1653 2104 1682; x_wconf 87' lang='lat' dir='ltr'>quo-</span> 
     </span>
     <span class='ocr_line' id='line_1_92' title="bbox 1144 1678 2103 1725; baseline 0.008 -17"><span class='ocrx_word' id='word_1_636' title='bbox 1144 1678 1221 1708; x_wconf 88' lang='lat' dir='ltr'>tidie</span> <span class='ocrx_word' id='word_1_637' title='bbox 1255 1678 1379 1709; x_wconf 88' lang='lat' dir='ltr'>coleudi</span> <span class='ocrx_word' id='word_1_638' title='bbox 1410 1678 1472 1709; x_wconf 88' lang='lat' dir='ltr'>Dei</span> <span class='ocrx_word' id='word_1_639' title='bbox 1503 1679 1645 1719; x_wconf 82' lang='lat' dir='ltr'>regulam</span> <span class='ocrx_word' id='word_1_640' title='bbox 1680 1686 1802 1720; x_wconf 86' lang='lat' dir='ltr'>peteret</span> <span class='ocrx_word' id='word_1_641' title='bbox 1833 1692 1851 1712; x_wconf 90' lang='lat' dir='ltr'>a</span> <span class='ocrx_word' id='word_1_642' title='bbox 1874 1683 2013 1722; x_wconf 86' lang='lat' dir='ltr'>Levitis,</span> <span class='ocrx_word' id='word_1_643' title='bbox 2048 1686 2103 1725; x_wconf 89' lang='lat' dir='ltr'>qui</span> 
     </span>
     <span class='ocr_line' id='line_1_93' title="bbox 1144 1720 2102 1767; baseline 0.008 -16"><span class='ocrx_word' id='word_1_644' title='bbox 1144 1720 1237 1751; x_wconf 89' lang='lat' dir='ltr'>electi</span> <span class='ocrx_word' id='word_1_645' title='bbox 1262 1721 1388 1751; x_wconf 86' lang='lat' dir='ltr'>fuerant</span> <span class='ocrx_word' id='word_1_646' title='bbox 1408 1722 1496 1761; x_wconf 87' lang='lat' dir='ltr'>quasi</span> <span class='ocrx_word' id='word_1_647' title='bbox 1516 1723 1723 1762; x_wconf 74' lang='grc' dir='ltr'><em>νομοφύλακες,</em></span> <span class='ocrx_word' id='word_1_648' title='bbox 1748 1728 1783 1754; x_wconf 90' lang='lat' dir='ltr'>ut</span> <span class='ocrx_word' id='word_1_649' title='bbox 1806 1725 1838 1754; x_wconf 92' lang='lat' dir='ltr'>in</span> <span class='ocrx_word' id='word_1_650' title='bbox 1863 1730 2006 1765; x_wconf 83' lang='lat' dir='ltr'>tempore</span> <span class='ocrx_word' id='word_1_651' title='bbox 2029 1738 2102 1767; x_wconf 87' lang='lat' dir='ltr'>pro-</span> 
     </span>
     <span class='ocr_line' id='line_1_94' title="bbox 1143 1763 2103 1808; baseline 0.009 -15"><span class='ocrx_word' id='word_1_652' title='bbox 1143 1764 1263 1794; x_wconf 89' lang='lat' dir='ltr'>ferrent</span> <span class='ocrx_word' id='word_1_653' title='bbox 1298 1763 1451 1803; x_wconf 87' lang='lat' dir='ltr'>quidquid</span> <span class='ocrx_word' id='word_1_654' title='bbox 1486 1770 1554 1795; x_wconf 89' lang='lat' dir='ltr'>erat</span> <span class='ocrx_word' id='word_1_655' title='bbox 1588 1766 1666 1796; x_wconf 86' lang='lat' dir='ltr'>utile</span> <span class='ocrx_word' id='word_1_656' title='bbox 1699 1766 1839 1806; x_wconf 85' lang='lat' dir='ltr'>cognitu.</span> <span class='ocrx_word' id='word_1_657' title='bbox 1895 1768 2010 1808; x_wconf 85' lang='lat' dir='ltr'>Itaque</span> <span class='ocrx_word' id='word_1_658' title='bbox 2050 1771 2103 1802; x_wconf 89' lang='lat' dir='ltr'>hic</span> 
     </span>
     <span class='ocr_line' id='line_1_95' title="bbox 1144 1806 2104 1850; baseline 0.009 -15"><span class='ocrx_word' id='word_1_659' title='bbox 1144 1806 1235 1836; x_wconf 90' lang='lat' dir='ltr'>nobis</span> <span class='ocrx_word' id='word_1_660' title='bbox 1260 1811 1518 1845; x_wconf 79' lang='lat' dir='ltr'>repraesentatur</span> <span class='ocrx_word' id='word_1_661' title='bbox 1548 1808 1647 1838; x_wconf 85' lang='lat' dir='ltr'>veluti</span> <span class='ocrx_word' id='word_1_662' title='bbox 1682 1808 1714 1838; x_wconf 93' lang='lat' dir='ltr'>iu</span> <span class='ocrx_word' id='word_1_663' title='bbox 1739 1809 1879 1847; x_wconf 83' lang='lat' dir='ltr'>speculo,</span> <span class='ocrx_word' id='word_1_664' title='bbox 1912 1811 1995 1850; x_wconf 88' lang='lat' dir='ltr'>quod</span> <span class='ocrx_word' id='word_1_665' title='bbox 2027 1812 2104 1844; x_wconf 89' lang='lat' dir='ltr'>dicit</span> 
     </span>
     <span class='ocr_line' id='line_1_96' title="bbox 1143 1847 2104 1891; baseline 0.008 -13"><span class='ocrx_word' id='word_1_666' title='bbox 1143 1849 1265 1879; x_wconf 87' lang='lat' dir='ltr'>Paulus</span> <span class='ocrx_word' id='word_1_667' title='bbox 1289 1847 1330 1889; x_wconf 86' lang='lat'>(1.</span> <span class='ocrx_word' id='word_1_668' title='bbox 1355 1849 1436 1879; x_wconf 86' lang='lat' dir='ltr'>Tim.</span> <span class='ocrx_word' id='word_1_669' title='bbox 1460 1850 1488 1885; x_wconf 82' lang='lat'>3,</span> <span class='ocrx_word' id='word_1_670' title='bbox 1515 1849 1581 1891; x_wconf 81' lang='lat'>15),</span> <span class='ocrx_word' id='word_1_671' title='bbox 1613 1850 1778 1881; x_wconf 88' lang='lat' dir='ltr'>ecclesiam</span> <span class='ocrx_word' id='word_1_672' title='bbox 1803 1852 1863 1883; x_wconf 84' lang='lat' dir='ltr'>Dei</span> <span class='ocrx_word' id='word_1_673' title='bbox 1889 1864 1959 1883; x_wconf 83' lang='lat' dir='ltr'>esse</span> <span class='ocrx_word' id='word_1_674' title='bbox 1982 1855 2104 1886; x_wconf 90' lang='lat' dir='ltr'>colum-</span> 
     </span>
     <span class='ocr_line' id='line_1_97' title="bbox 1144 1892 2103 1933; baseline 0.008 -12"><span class='ocrx_word' id='word_1_675' title='bbox 1144 1902 1219 1922; x_wconf 85' lang='lat' dir='ltr'>nam</span> <span class='ocrx_word' id='word_1_676' title='bbox 1244 1897 1275 1921; x_wconf 88' lang='lat' dir='ltr'>et</span> <span class='ocrx_word' id='word_1_677' title='bbox 1298 1892 1549 1922; x_wconf 85' lang='lat' dir='ltr'>stabilimentum</span> <span class='ocrx_word' id='word_1_678' title='bbox 1586 1894 1745 1929; x_wconf 83' lang='lat' dir='ltr'>veritatis,</span> <span class='ocrx_word' id='word_1_679' title='bbox 1777 1895 1851 1933; x_wconf 85' lang='lat' dir='ltr'>quia</span> <span class='ocrx_word' id='word_1_680' title='bbox 1884 1896 2007 1927; x_wconf 87' lang='lat' dir='ltr'>seilicet</span> <span class='ocrx_word' id='word_1_681' title='bbox 2030 1897 2103 1930; x_wconf 91' lang='lat' dir='ltr'>doc-</span> 
     </span>
     <span class='ocr_line' id='line_1_98' title="bbox 1144 1934 2104 1980; baseline 0.007 -16"><span class='ocrx_word' id='word_1_682' title='bbox 1144 1935 1247 1964; x_wconf 86' lang='lat' dir='ltr'>trinae</span> <span class='ocrx_word' id='word_1_683' title='bbox 1271 1934 1405 1974; x_wconf 82' lang='lat' dir='ltr'>puritas,</span> <span class='ocrx_word' id='word_1_684' title='bbox 1427 1940 1589 1973; x_wconf 82' lang='lat' dir='ltr'>pastorum</span> <span class='ocrx_word' id='word_1_685' title='bbox 1614 1936 1791 1966; x_wconf 84' lang='lat' dir='ltr'>ministerio</span> <span class='ocrx_word' id='word_1_686' title='bbox 1814 1937 1847 1967; x_wconf 92' lang='lat' dir='ltr'>in</span> <span class='ocrx_word' id='word_1_687' title='bbox 1872 1939 1991 1969; x_wconf 90' lang='lat' dir='ltr'>mundo</span> <span class='ocrx_word' id='word_1_688' title='bbox 2017 1940 2104 1980; x_wconf 86' lang='lat' dir='ltr'>viget</span> 
     </span>
     <span class='ocr_line' id='line_1_99' title="bbox 1142 1977 2103 2017; baseline 0.007 -10"><span class='ocrx_word' id='word_1_689' title='bbox 1142 1977 1324 2014; x_wconf 87' lang='lat' dir='ltr'>incolumis,</span> <span class='ocrx_word' id='word_1_690' title='bbox 1356 1982 1449 2016; x_wconf 86' lang='lat' dir='ltr'>atque</span> <span class='ocrx_word' id='word_1_691' title='bbox 1489 1983 1698 2017; x_wconf 75' lang='lat' dir='ltr'>propagatur:</span> <span class='ocrx_word' id='word_1_692' title='bbox 1733 1979 1826 2009; x_wconf 83' lang='lat' dir='ltr'>sicuti</span> <span class='ocrx_word' id='word_1_693' title='bbox 1860 1991 1988 2011; x_wconf 88' lang='lat' dir='ltr'>rursum</span> <span class='ocrx_word' id='word_1_694' title='bbox 2027 1993 2103 2014; x_wconf 80' lang='lat' dir='ltr'>mox</span> 
     </span>
     <span class='ocr_line' id='line_1_100' title="bbox 1142 2019 2103 2062; baseline 0.007 -13"><span class='ocrx_word' id='word_1_695' title='bbox 1142 2019 1349 2050; x_wconf 84' lang='lat' dir='ltr'>intercideret</span> <span class='ocrx_word' id='word_1_696' title='bbox 1383 2020 1508 2059; x_wconf 73' lang='lat' dir='ltr'>religio,</span> <span class='ocrx_word' id='word_1_697' title='bbox 1543 2021 1569 2050; x_wconf 87' lang='lat' dir='ltr'>si</span> <span class='ocrx_word' id='word_1_698' title='bbox 1606 2021 1679 2051; x_wconf 86' lang='lat' dir='ltr'>viva</span> <span class='ocrx_word' id='word_1_699' title='bbox 1713 2020 1877 2052; x_wconf 86' lang='lat' dir='ltr'>doctrinae</span> <span class='ocrx_word' id='word_1_700' title='bbox 1911 2023 2103 2062; x_wconf 87' lang='lat' dir='ltr'>praedicatio</span> 
     </span>
     <span class='ocr_line' id='line_1_101' title="bbox 1142 2062 2101 2107; baseline 0.006 -14"><span class='ocrx_word' id='word_1_701' title='bbox 1142 2068 1289 2093; x_wconf 86' lang='lat' dir='ltr'>cessaret.</span> <span class='ocrx_word' id='word_1_702' title='bbox 1346 2062 1421 2093; x_wconf 85' lang='lat' dir='ltr'>Ideo</span> <span class='ocrx_word' id='word_1_703' title='bbox 1451 2062 1526 2093; x_wconf 87' lang='lat' dir='ltr'>alibi</span> <span class='ocrx_word' id='word_1_704' title='bbox 1554 2062 1645 2093; x_wconf 69' lang='lat' dir='ltr'>«iubet</span> <span class='ocrx_word' id='word_1_705' title='bbox 1673 2063 1757 2093; x_wconf 91' lang='lat' dir='ltr'>idem</span> <span class='ocrx_word' id='word_1_706' title='bbox 1794 2064 1913 2095; x_wconf 84' lang='lat' dir='ltr'>Paulus</span> <span class='ocrx_word' id='word_1_707' title='bbox 1945 2065 1986 2107; x_wconf 80' lang='lat'>(2.</span> <span class='ocrx_word' id='word_1_708' title='bbox 2019 2067 2101 2100; x_wconf 77' lang='lat' dir='ltr'>Tim.</span> 
     </span>
    </p>
   </div>
   <div class='ocr_carea' id='block_1_11' title="bbox 1115 2104 2103 2146">
    <p class='ocr_par' dir='ltr' id='par_1_13' title="bbox 1115 2104 2103 2146">
     <span class='ocr_line' id='line_1_102' title="bbox 1115 2104 2103 2146; baseline 0.007 -12"><span class='ocrx_word' id='word_1_709' title='bbox 1115 2114 1117 2132; x_wconf 71' lang='grc' dir='ltr'>ε</span> <span class='ocrx_word' id='word_1_710' title='bbox 1142 2105 1171 2141; x_wconf 82' lang='grc'>2,</span> <span class='ocrx_word' id='word_1_711' title='bbox 1197 2104 1244 2145; x_wconf 71' lang='grc'>2),</span> <span class='ocrx_word' id='word_1_712' title='bbox 1280 2115 1389 2135; x_wconf 83' lang='lat' dir='ltr'>sanam</span> <span class='ocrx_word' id='word_1_713' title='bbox 1426 2104 1613 2141; x_wconf 82' lang='lat' dir='ltr'>doctrinam,</span> <span class='ocrx_word' id='word_1_714' title='bbox 1648 2106 1738 2136; x_wconf 80' lang='lat' dir='ltr'>cuins</span> <span class='ocrx_word' id='word_1_715' title='bbox 1762 2107 1865 2137; x_wconf 87' lang='lat' dir='ltr'>fuerat</span> <span class='ocrx_word' id='word_1_716' title='bbox 1895 2109 2052 2146; x_wconf 88' lang='lat' dir='ltr'>minister,</span> <span class='ocrx_word' id='word_1_717' title='bbox 2084 2122 2103 2142; x_wconf 86' lang='lat' dir='ltr'>a</span> 
     </span>
    </p>
   </div>
   <div class='ocr_carea' id='block_1_12' title="bbox 1141 2147 2103 2396">
    <p class='ocr_par' dir='ltr' id='par_1_14' title="bbox 1141 2147 2103 2396">
     <span class='ocr_line' id='line_1_103' title="bbox 1142 2147 2103 2190; baseline 0.006 -13"><span class='ocrx_word' id='word_1_718' title='bbox 1142 2147 1310 2178; x_wconf 83' lang='lat' dir='ltr'>Timotheo</span> <span class='ocrx_word' id='word_1_719' title='bbox 1344 2147 1561 2177; x_wconf 82' lang='lat' dir='ltr'>commendari</span> <span class='ocrx_word' id='word_1_720' title='bbox 1598 2148 1669 2178; x_wconf 88' lang='lat' dir='ltr'>fidis</span> <span class='ocrx_word' id='word_1_721' title='bbox 1701 2148 1901 2186; x_wconf 85' lang='lat' dir='ltr'>hominibus,</span> <span class='ocrx_word' id='word_1_722' title='bbox 1942 2152 1994 2190; x_wconf 90' lang='lat' dir='ltr'>qni</span> <span class='ocrx_word' id='word_1_723' title='bbox 2038 2153 2103 2184; x_wconf 89' lang='lat' dir='ltr'>sint</span> 
     </span>
     <span class='ocr_line' id='line_1_104' title="bbox 1142 2189 2102 2233; baseline 0.006 -13"><span class='ocrx_word' id='word_1_724' title='bbox 1142 2190 1246 2221; x_wconf 89' lang='lat' dir='ltr'>idonei</span> <span class='ocrx_word' id='word_1_725' title='bbox 1270 2190 1308 2221; x_wconf 85' lang='lat' dir='ltr'>ad</span> <span class='ocrx_word' id='word_1_726' title='bbox 1338 2190 1415 2220; x_wconf 86' lang='lat' dir='ltr'>alios</span> <span class='ocrx_word' id='word_1_727' title='bbox 1450 2189 1616 2221; x_wconf 89' lang='lat' dir='ltr'>docendos.</span> <span class='ocrx_word' id='word_1_728' title='bbox 1663 2190 1773 2221; x_wconf 87' lang='lat' dir='ltr'>Primo</span> <span class='ocrx_word' id='word_1_729' title='bbox 1794 2192 1894 2231; x_wconf 79' lang='lat' dir='ltr'>igitur</span> <span class='ocrx_word' id='word_1_730' title='bbox 1918 2195 2102 2233; x_wconf 86' lang='lat' dir='ltr'>tenendum,</span> 
     </span>
     <span class='ocr_line' id='line_1_105' title="bbox 1142 2232 2102 2273; baseline 0.006 -10"><span class='ocrx_word' id='word_1_731' title='bbox 1142 2233 1291 2264; x_wconf 84' lang='lat' dir='ltr'>volumen</span> <span class='ocrx_word' id='word_1_732' title='bbox 1328 2232 1407 2272; x_wconf 84' lang='lat' dir='ltr'>legis</span> <span class='ocrx_word' id='word_1_733' title='bbox 1441 2232 1523 2272; x_wconf 87' lang='lat' dir='ltr'>apud</span> <span class='ocrx_word' id='word_1_734' title='bbox 1556 2233 1688 2264; x_wconf 76' lang='lat' dir='ltr'>Levitas</span> <span class='ocrx_word' id='word_1_735' title='bbox 1723 2238 1874 2273; x_wconf 86' lang='lat' dir='ltr'>tanquam</span> <span class='ocrx_word' id='word_1_736' title='bbox 1910 2235 1982 2266; x_wconf 87' lang='lat' dir='ltr'>fidei</span> <span class='ocrx_word' id='word_1_737' title='bbox 2016 2248 2102 2268; x_wconf 89' lang='lat' dir='ltr'>eom-</span> 
     </span>
     <span class='ocr_line' id='line_1_106' title="bbox 1141 2275 2102 2319; baseline 0.005 -13"><span class='ocrx_word' id='word_1_738' title='bbox 1141 2277 1273 2306; x_wconf 87' lang='lat' dir='ltr'>missum</span> <span class='ocrx_word' id='word_1_739' title='bbox 1309 2275 1414 2311; x_wconf 84' lang='lat' dir='ltr'>fuisse,</span> <span class='ocrx_word' id='word_1_740' title='bbox 1451 2279 1486 2305; x_wconf 90' lang='lat' dir='ltr'>ut</span> <span class='ocrx_word' id='word_1_741' title='bbox 1516 2275 1599 2314; x_wconf 85' lang='lat' dir='ltr'>quod</span> <span class='ocrx_word' id='word_1_742' title='bbox 1630 2282 1751 2306; x_wconf 87' lang='lat' dir='ltr'>rectum</span> <span class='ocrx_word' id='word_1_743' title='bbox 1783 2281 1867 2313; x_wconf 85' lang='lat' dir='ltr'>erat,</span> <span class='ocrx_word' id='word_1_744' title='bbox 1899 2278 1937 2308; x_wconf 88' lang='lat' dir='ltr'>ab</span> <span class='ocrx_word' id='word_1_745' title='bbox 1962 2278 2024 2310; x_wconf 88' lang='lat' dir='ltr'>illis</span> <span class='ocrx_word' id='word_1_746' title='bbox 2047 2291 2102 2319; x_wconf 91' lang='lat' dir='ltr'>po-</span> 
     </span>
     <span class='ocr_line' id='line_1_107' title="bbox 1142 2317 2100 2360; baseline 0.006 -12"><span class='ocrx_word' id='word_1_747' title='bbox 1142 2319 1238 2358; x_wconf 85' lang='lat' dir='ltr'>pulus</span> <span class='ocrx_word' id='word_1_748' title='bbox 1262 2317 1406 2348; x_wconf 84' lang='lat' dir='ltr'>disceret.</span> <span class='ocrx_word' id='word_1_749' title='bbox 1453 2317 1545 2356; x_wconf 78' lang='lat' dir='ltr'>Quod</span> <span class='ocrx_word' id='word_1_750' title='bbox 1570 2317 1658 2348; x_wconf 85' lang='lat' dir='ltr'>addit</span> <span class='ocrx_word' id='word_1_751' title='bbox 1681 2320 1832 2355; x_wconf 81' lang='lat' dir='ltr'>seniores,</span> <span class='ocrx_word' id='word_1_752' title='bbox 1857 2330 1921 2350; x_wconf 91' lang='lat' dir='ltr'>non</span> <span class='ocrx_word' id='word_1_753' title='bbox 1945 2332 2100 2360; x_wconf 87' lang='lat' dir='ltr'>superva-</span> 
     </span>
     <span class='ocr_line' id='line_1_108' title="bbox 1399 2360 2101 2396; baseline 0.01 -7"><span class='ocrx_word' id='word_1_754' title='bbox 1399 2360 1469 2390; x_wconf 78' lang='lat' dir='ltr'>Etsi</span> <span class='ocrx_word' id='word_1_755' title='bbox 1493 2360 1578 2390; x_wconf 91' lang='lat' dir='ltr'>enim</span> <span class='ocrx_word' id='word_1_756' title='bbox 1603 2361 1667 2390; x_wconf 85' lang='lat' dir='ltr'>illis</span> <span class='ocrx_word' id='word_1_757' title='bbox 1691 2361 1843 2391; x_wconf 85' lang='lat' dir='ltr'>mandata</span> <span class='ocrx_word' id='word_1_758' title='bbox 1867 2373 1928 2392; x_wconf 90' lang='lat' dir='ltr'>non</span> <span class='ocrx_word' id='word_1_759' title='bbox 1961 2363 2020 2394; x_wconf 88' lang='lat' dir='ltr'>fuit</span> <span class='ocrx_word' id='word_1_760' title='bbox 2044 2365 2101 2396; x_wconf 83' lang='lat' dir='ltr'>do—</span> 
     </span>
    </p>
   </div>
   <div class='ocr_carea' id='block_1_13' title="bbox 1141 2445 2101 2487">
    <p class='ocr_par' dir='ltr' id='par_1_15' title="bbox 1141 2445 2101 2487">
     <span class='ocr_line' id='line_1_109' title="bbox 1141 2445 2101 2487; baseline 0.005 -11"><span class='ocrx_word' id='word_1_761' title='bbox 1141 2446 1257 2483; x_wconf 73' lang='lat' dir='ltr'>adcliti,</span> <span class='ocrx_word' id='word_1_762' title='bbox 1290 2451 1321 2476; x_wconf 86' lang='lat' dir='ltr'>ut</span> <span class='ocrx_word' id='word_1_763' title='bbox 1346 2445 1426 2485; x_wconf 81' lang='lat' dir='ltr'>legis</span> <span class='ocrx_word' id='word_1_764' title='bbox 1450 2445 1627 2476; x_wconf 82' lang='lat' dir='ltr'>doctrinam</span> <span class='ocrx_word' id='word_1_765' title='bbox 1653 2451 1840 2484; x_wconf 74' lang='lat' dir='ltr'>assererent,</span> <span class='ocrx_word' id='word_1_766' title='bbox 1871 2458 1928 2478; x_wconf 87' lang='lat' dir='ltr'>nec</span> <span class='ocrx_word' id='word_1_767' title='bbox 1953 2454 2101 2487; x_wconf 86' lang='lat' dir='ltr'>pateren—</span> 
     </span>
    </p>
   </div>
   <div class='ocr_carea' id='block_1_14' title="bbox 1114 2485 2101 2531">
    <p class='ocr_par' dir='ltr' id='par_1_16' title="bbox 1114 2485 2101 2531">
     <span class='ocr_line' id='line_1_110' title="bbox 1114 2485 2101 2531; baseline 0.004 -12"><span class='ocrx_word' id='word_1_768' title='bbox 1114 2485 1116 2491; x_wconf 60' lang='lat'><strong>⁴</strong></span> <span class='ocrx_word' id='word_1_769' title='bbox 1141 2494 1193 2519; x_wconf 90' lang='lat' dir='ltr'>tur</span> <span class='ocrx_word' id='word_1_770' title='bbox 1219 2488 1353 2519; x_wconf 85' lang='lat' dir='ltr'>ludibrio</span> <span class='ocrx_word' id='word_1_771' title='bbox 1379 2488 1497 2518; x_wconf 84' lang='lat' dir='ltr'>haberi.</span> <span class='ocrx_word' id='word_1_772' title='bbox 1536 2487 1664 2518; x_wconf 72' lang='lat' dir='ltr'>Scimus</span> <span class='ocrx_word' id='word_1_773' title='bbox 1687 2488 1773 2518; x_wconf 85' lang='lat' dir='ltr'>enim</span> <span class='ocrx_word' id='word_1_774' title='bbox 1798 2494 1917 2527; x_wconf 85' lang='lat' dir='ltr'>quanta</span> <span class='ocrx_word' id='word_1_775' title='bbox 1940 2492 1981 2521; x_wconf 84' lang='lat' dir='ltr'>sit</span> <span class='ocrx_word' id='word_1_776' title='bbox 1999 2492 2101 2531; x_wconf 88' lang='lat' dir='ltr'>plebis</span> 
     </span>
    </p>
   </div>
   <div class='ocr_carea' id='block_1_15' title="bbox 1140 2530 2101 2692">
    <p class='ocr_par' dir='ltr' id='par_1_17' title="bbox 1140 2530 2099 2571">
     <span class='ocr_line' id='line_1_111' title="bbox 1140 2530 2099 2571; baseline 0.005 -10"><span class='ocrx_word' id='word_1_777' title='bbox 1140 2531 1303 2571; x_wconf 84' lang='lat' dir='ltr'>protervia</span> <span class='ocrx_word' id='word_1_778' title='bbox 1331 2530 1368 2561; x_wconf 87' lang='lat' dir='ltr'>ad</span> <span class='ocrx_word' id='word_1_779' title='bbox 1398 2530 1610 2569; x_wconf 86' lang='lat' dir='ltr'>repudiandos</span> <span class='ocrx_word' id='word_1_780' title='bbox 1641 2531 1708 2569; x_wconf 89' lang='lat' dir='ltr'>pios</span> <span class='ocrx_word' id='word_1_781' title='bbox 1738 2531 1896 2569; x_wconf 84' lang='lat' dir='ltr'>doctores,</span> <span class='ocrx_word' id='word_1_782' title='bbox 1933 2533 1993 2563; x_wconf 89' lang='lat' dir='ltr'>nisi</span> <span class='ocrx_word' id='word_1_783' title='bbox 2030 2546 2099 2566; x_wconf 88' lang='lat' dir='ltr'>eam</span> 
     </span>
    </p>

    <p class='ocr_par' dir='ltr' id='par_1_18' title="bbox 1140 2573 2100 2614">
     <span class='ocr_line' id='line_1_112' title="bbox 1140 2573 2100 2614; baseline 0.005 -10"><span class='ocrx_word' id='word_1_784' title='bbox 1140 2579 1341 2613; x_wconf 81' lang='lat' dir='ltr'>compescant</span> <span class='ocrx_word' id='word_1_785' title='bbox 1366 2573 1418 2613; x_wconf 86' lang='lat' dir='ltr'>qui</span> <span class='ocrx_word' id='word_1_786' title='bbox 1438 2578 1605 2612; x_wconf 76' lang='lat' dir='ltr'>praesunt:</span> <span class='ocrx_word' id='word_1_787' title='bbox 1630 2579 1660 2602; x_wconf 79' lang='lat' dir='ltr'>et</span> <span class='ocrx_word' id='word_1_788' title='bbox 1679 2580 1765 2603; x_wconf 84' lang='lat' dir='ltr'>certe</span> <span class='ocrx_word' id='word_1_789' title='bbox 1784 2584 1846 2604; x_wconf 88' lang='lat' dir='ltr'>non</span> <span class='ocrx_word' id='word_1_790' title='bbox 1867 2575 2005 2614; x_wconf 87' lang='lat' dir='ltr'>implent</span> <span class='ocrx_word' id='word_1_791' title='bbox 2023 2588 2100 2609; x_wconf 80' lang='lat' dir='ltr'>suas</span> 
     </span>
    </p>

    <p class='ocr_par' dir='ltr' id='par_1_19' title="bbox 1140 2615 2101 2692">
     <span class='ocr_line' id='line_1_113' title="bbox 1140 2615 2101 2656; baseline 0.005 -9"><span class='ocrx_word' id='word_1_792' title='bbox 1140 2622 1264 2656; x_wconf 74' lang='lat' dir='ltr'>partes,</span> <span class='ocrx_word' id='word_1_793' title='bbox 1295 2616 1356 2647; x_wconf 88' lang='lat' dir='ltr'>nisi</span> <span class='ocrx_word' id='word_1_794' title='bbox 1388 2616 1418 2646; x_wconf 91' lang='lat' dir='ltr'>in</span> <span class='ocrx_word' id='word_1_795' title='bbox 1450 2615 1556 2645; x_wconf 88' lang='lat' dir='ltr'>studio</span> <span class='ocrx_word' id='word_1_796' title='bbox 1585 2615 1713 2654; x_wconf 81' lang='lat' dir='ltr'>pietatis</span> <span class='ocrx_word' id='word_1_797' title='bbox 1740 2617 1926 2647; x_wconf 82' lang='lat' dir='ltr'>contineant</span> <span class='ocrx_word' id='word_1_798' title='bbox 1953 2617 2101 2652; x_wconf 83' lang='lat' dir='ltr'>homines</span> 
     </span>
     <span class='ocr_line' id='line_1_114' title="bbox 1859 2666 1892 2692; baseline 0.03 -1"><span class='ocrx_word' id='word_1_799' title='bbox 1859 2666 1892 2692; x_wconf 75' lang='lat'>‘29</span> 
     </span>
    </p>
   </div>
  </div>
 </body>
</html>
