2304 3034
150 175 209 207 179

153 268 322 306 vocat-itque
354 275 457 296 nomen
490 265 557 295 eius
593 263 706 295 Ielzova
739 264 928 295 miraculum
970 274 1069 295 mcum
1085 265 1117 303 ¹).

152 311 201 341 16.
216 310 258 341 Et
276 310 372 339 «lint.-
393 308 477 339 Certe
495 317 608 337 manus
628 317 722 345 super
745 306 858 338 solium
872 307 1014 338 Iehocae:
1027 316 1118 346 proe-

151 354 228 384 lium
260 352 387 382 [choeac
416 360 484 380 cum
515 350 642 380 Amalec
671 360 690 380 a
724 351 917 389 yeiieratioae
942 351 972 380 in¹
993 360 1119 390 90116111-

152 397 272 427 tionem.

236 479 263 510 S.
297 478 383 509 Venit
405 480 506 509 (11110111
519 477 655 508 Amalec.
682 477 751 508 Hos
766 478 855 508 Deus
874 478 995 518 primos
1013 478 1120 508 hostes

152 523 265 554 obiecit
289 520 412 556 Israeli,
436 526 608 560 postquam
632 520 671 550 ab
696 521 865 560 Aegyptiis
889 521 1043 551 liberatos
1063 521 1120 551 ali-

151 571 270 604 quanto
316 570 460 603 tempore
507 564 541 593 in
582 563 689 602 quiete
731 570 762 593 et
803 564 866 594 otio
907 565 1118 594 continuerat.

151 607 286 638 Duabus
320 614 427 636 autem
463 606 604 636 maxime
639 606 678 636 de
708 606 813 637 causis
844 606 926 637 bello
957 612 1033 637 tunc
1062 607 1121 637 im-

151 650 215 690 peti
230 649 344 680 voluit:
370 649 419 679 vel
442 659 506 688 quo
530 659 667 688 poenam
687 649 834 689 exigeret
853 649 892 679 de
911 650 1032 680 recenti
1052 650 1121 679 illo-

152 703 222 723 rum
247 692 375 728 scelere,
400 692 450 722 vel
475 702 537 731 quo
562 701 671 722 eorum
693 691 848 722 desidiam
873 693 1056 732 corrigeret,
1081 703 1121 722 ne

150 735 302 775 peccandi
326 740 410 766 esset
433 734 593 765 illecebra.
641 734 923 773 Quemadmodum
954 735 1040 765 enim
1072 736 1121 765 in-

150 785 199 809 ter
233 777 350 808 milites
382 787 476 817 saepe
507 788 548 807 ex
590 776 735 808 laborum
783 778 973 808 remissione
1018 778 1121 808 oritur

149 820 272 857 seditio,
297 821 341 850 ita
365 831 426 860 quo
449 820 553 860 magis
578 820 653 850 111110
672 820 790 860 populo
811 820 961 860 parcebat
981 821 1070 852 Deus
1090 825 1121 851 et

149 863 354 903 indulgebat.
394 873 430 893 eo
467 864 569 902 magis
608 863 772 894 crescebat
801 863 990 902 petulantia.
1049 864 1119 894 Non

150 907 267 937 mirum
298 907 398 946 igitur
428 906 453 936 si
485 905 568 936 bello
602 906 819 945 expergefacti
850 907 985 943 fuerint,
1021 917 1118 946 quum

150 960 189 980 ex
224 948 398 988 tranquillo
433 953 518 978 statu
554 949 742 979 lasciviendi
776 949 976 980 occasionem
1014 960 1120 980 sume-

149 998 231 1023 rent.
278 992 370 1031 Ipsos
397 1002 470 1022 vero
495 992 694 1022 Amalecitas
717 991 847 1031 quidam
880 992 1030 1023 divinant
1061 992 1121 1023 hoe

149 1035 280 1066 consilio
305 1033 344 1064 ad
368 1045 459 1065 arma
484 1034 583 1065 fuisse
606 1035 773 1074 impulsos,
799 1036 939 1074 primum
959 1040 994 1065 ut
1014 1039 1120 1075 pater-

149 1088 209 1108 nae
244 1077 457 1108 abdicationis
492 1078 613 1108 ultores
642 1083 766 1108 esseut:
802 1077 918 1108 deinde
953 1078 1037 1117 quod
1066 1088 1119 1108 eos

148 1119 261 1151 urebat
285 1120 422 1158 invidia,
452 1131 510 1151 nec
541 1121 694 1151 volebant
724 1126 868 1160 posteros
899 1120 994 1151 Iacob
1023 1121 1119 1161 potiri

147 1163 348 1194 haereditate
372 1173 389 1193 a
413 1173 476 1203 qua
500 1163 643 1194 deiectus
662 1164 767 1194 fuerat
787 1164 885 1199 Esau,
910 1164 1000 1194 cuius
1020 1174 1119 1203 nepos

146 1205 251 1236 fuerat
286 1206 420 1237 Amalec
453 1207 560 1245 gentis
595 1211 696 1237 autor.
755 1206 797 1236 Et
830 1213 916 1237 certe
955 1207 1119 1246 probabile

146 1254 194 1280 est
218 1249 405 1279 memoriam
430 1249 568 1279 iniuriae
581 1260 663 1289 quae
682 1250 765 1289 patri
786 1250 908 1280 inflicta
927 1250 1039 1285 fuerat,
1063 1248 1119 1279 ad-

147 1292 210 1323 huc
234 1291 381 1329 durasse,
413 1296 443 1322 et
468 1302 485 1322 a
516 1292 641 1323 diabolo
666 1293 765 1323 fuisse
789 1292 969 1332 instiga-tos,
1000 1298 1034 1323 ut
1057 1292 1119 1323 Dei

147 1335 328 1375 promissio7
353 1345 416 1374 qua
439 1335 489 1365 ius
514 1335 791 1375 primogeniturae
811 1335 850 1365 ab
863 1336 951 1365 Esau
971 1335 1010 1365 ad
1022 1335 1119 1366 Iacob

145 1379 327 1415 transierat,
352 1378 445 1408 irrita
469 1383 563 1415 esset,
588 1384 776 1417 careretque
796 1388 854 1408 suo
878 1378 1002 1409 effectu.
1027 1378 1118 1409 Haec

146 1421 275 1461 quidem
301 1420 443 1451 bellandi
473 1422 556 1451 ratio
587 1431 657 1451 esse
687 1421 752 1452 illis
784 1421 904 1460 potuit:
941 1421 997 1452 sed
1031 1420 1118 1451 aliud

146 1464 306 1504 spectavit
330 1464 433 1500 Deus,
471 1468 507 1494 ut
530 1463 654 1495 scilieet
676 1464 853 1504 populum,
885 1463 1018 1495 subacta
1045 1473 1118 1503 pro-

147 1507 252 1537 tervia
283 1507 388 1546 magis
414 1506 646 1546 obsequentem
677 1507 737 1537 sibi
762 1506 920 1537 redderet.
965 1507 1010 1537 Et
1038 1507 1119 1537 forte

146 1549 218 1581 ideo
238 1548 393 1580 subducto
412 1549 503 1580 Mose
528 1549 641 1580 ducem
666 1550 821 1589 praefecit
843 1549 975 1586 Iosuah,
1000 1555 1033 1580 ut
1055 1549 1119 1589 sig-

148 1603 227 1624 num
258 1592 386 1632 aliquod
419 1592 653 1632 indignationis
685 1593 784 1623 daret.
838 1592 909 1623 Etsi
937 1593 1023 1622 enim
1053 1602 1119 1622 non

148 1635 281 1667 obscure
315 1635 379 1666 illis
413 1635 588 1675 opitulatus
624 1640 686 1672 cst,
719 1635 775 1666 sed
809 1635 977 1666 victoriam
1012 1634 1119 1674 adepti

149 1684 226 1710 sunt
250 1679 319 1709 eius
339 1679 451 1719 gratia,
477 1683 509 1709 et
522 1679 623 1709 Mosis
643 1678 806 1718 precibus:
828 1678 932 1709 voluit
946 1684 1053 1709 tamen
1067 1688 1120 1708 eos

148 1732 207 1762 per
236 1721 336 1752 Mosis
367 1721 547 1752 absentiam
579 1721 821 1752 eommonefieri
850 1721 888 1752 de
919 1721 1042 1752 receuti
1073 1721 1119 1751 of-

149 1766 252 1795 fensa:
272 1768 309 1794 ut
322 1769 409 1795 metu
423 1764 594 1801 humiliati,
615 1764 804 1804 suppliciter
824 1764 953 1795 veniam
973 1763 1119 1803 petendo,

152 1807 190 1838 ad
215 1808 284 1838 eius
308 1807 464 1837 auxilium
490 1807 663 1838 attentiore
687 1818 764 1838 cura
788 1807 1009 1847 confugerent.
1054 1806 1119 1837 De-

151 1850 251 1881 lectos
275 1850 360 1881 viros
385 1849 493 1889 egredi
519 1849 648 1887 iubens,
685 1852 801 1890 partim
831 1855 935 1880 totum
967 1849 1119 1889 populum

153 1894 290 1929 animat,
319 1899 350 1923 et
380 1893 475 1933 erigit
498 1893 531 1922 in
555 1903 645 1932 spem
669 1894 831 1931 victoriae,
866 1893 940 1932 quia
964 1903 1027 1923 non
1052 1892 1121 1932 dig-

153 1944 247 1966 netur
282 1942 436 1967 cunctum
471 1936 648 1966 exercitum
691 1946 854 1976 opponere
890 1935 1036 1966 hostibus
1072 1945 1121 1965 re-

154 1978 325 2018 pellendis:
364 1979 481 2018 partim
512 1979 651 2009 consulit
680 1979 819 2009 imbellis
843 1978 955 2009 turbae
985 1977 1122 2008 infirmi-

154 2022 221 2055 tati,
247 2032 285 2052 ue
309 2032 427 2061 pavore
451 2021 615 2057 concidat,

156 2066 291 2095 irruant.
337 2064 450 2103 Neque
481 2064 565 2094 euim
592 2065 701 2095 Moses
725 2064 854 2104 proprio
877 2064 1008 2094 consilio
1031 2063 1122 2103 quid-

156 2118 248 2147 quam
275 2107 354 2147 agit:
386 2107 441 2137 sed
466 2107 637 2138 stationem
662 2107 816 2138 divinitus
840 2107 900 2137 sibi
924 2107 1122 2147 assignatam

155 2159 287 2190 occupat
312 2151 344 2179 in
370 2150 489 2180 vertice
513 2151 641 2186 montis,
667 2156 701 2180 ut
726 2150 835 2190 procul
856 2150 980 2180 hostem
1000 2159 1122 2188 oppug-

157 2200 224 2223 net:
250 2193 328 2223 alios
353 2203 428 2223 vero
452 2193 626 2223 committit
646 2194 684 2223 ad
705 2194 886 2233 propiorem
912 2202 1063 2232 pugnam,
1089 2196 1123 2221 ut

156 2247 271 2266 manus
295 2242 482 2266 conserant:
512 2237 662 2275 quoniam
695 2237 740 2267 ita.
770 2236 838 2266 Deo
871 2235 990 2275 placuit
1023 2235 1122 2266 aciem

157 2278 315 2309 ordinare.
362 2280 407 2309 Ac
430 2284 552 2309 certum
579 2286 635 2315 est,
667 2289 730 2309 non
755 2285 790 2309 ut
814 2277 873 2309 sibi
897 2282 1026 2309 caveret
1049 2288 1122 2308 con-

157 2322 278 2351 flictum
314 2321 452 2360 fugisse:
488 2321 543 2351 sed
579 2322 652 2360 quia
683 2322 773 2352 Deus
804 2320 1017 2351 mandaverat
1046 2320 1124 2350 alias

158 2373 274 2403 partes.
307 2364 408 2402 quue
432 2363 507 2394 inde
532 2369 666 2403 apparet
689 2364 771 2404 quod
796 2364 943 2395 baculum
969 2363 1030 2393 Dei
1053 2373 1124 2403 gos-

159 2407 274 2441 0111111),
323 2414 474 2445 tanquam
518 2407 581 2436 dux
632 2412 664 2437 ot
711 2406 846 2447 signifer
887 2406 1008 2436 felicem
1051 2405 1125 2436 belli

159 2458 328 2481 eventum,
353 2450 390 2478 110
415 2461 476 2488 quo
497 2451 600 2480 sactus
625 2456 695 2479 erat
717 2451 843 2483 certior,
868 2449 931 2479 illis
956 2448 1124 2487 promittit.

159 2492 265 2521 Pluris
298 2493 383 2521 cuitu
418 2493 477 2521 tmt
509 2503 593 2523 uuus
623 2493 676 2522 ille
712 2492 844 2523 baculus
867 2502 963 2531 quam
987 2492 1012 2521 si
1038 2501 1125 2530 prae-

228 2593 254 2623 1)
276 2594 309 2617 In
327 2601 465 2625 mwymc:
490 2594 554 2624 Vel,
580 2594 708 2620 exaltatio
728 2602 793 2619 meu.

834 2593 867 2618 111
889 2592 1003 2625 qallz'co:
1021 2601 1066 2623 ou,
1085 2601 1127 2617 ma

158 2626 274 2652 baniere.

704 170 1073 203 COMMENTARIUS
1098 171 1146 201 IN
1165 171 1313 203 EXODI
1336 172 1433 203 CAP.

646 2021 674 2052 si
698 2022 807 2052 hostes
831 2021 863 2052 in
888 2020 994 2051 media
1017 2027 1122 2052 castra
1148 2045 1150 2048 ,

1149 2123 1151 2133 ι
1176 2108 1233 2137 sit:

1464 171 1577 203 XVII.
2079 173 2140 205 180

1173 264 1324 296 euntibus
1348 266 1436 296 mille
1466 265 1594 296 vexillis
1625 265 1657 295 in
1685 265 1840 304 proelium
1869 265 1996 297 deducti
2020 274 2136 298 essent.

1172 308 1276 338 Porro
1296 309 1360 338 iam
1378 314 1452 339 aute
1470 308 1632 345 admonui,
1660 308 1808 338 baculum
1834 309 1938 339 vocari
1962 319 2048 340 nune
2069 310 2138 346 Dei,

1172 361 1258 381 nunc
1286 351 1401 387 Mosis,
1433 362 1518 382 nune
1549 351 1692 386 Aharon,
1720 350 1847 381 diverso
1871 356 2034 391 respectu,
2064 353 2140 392 quia

1145 414 1147 422 ,-
1173 393 1390 424 instrumento
1414 394 1468 424 illo
1493 404 1570 424 usus
1593 398 1641 423 est
1665 393 1755 423 Deus
1775 393 1814 423 ad
1840 394 2050 425 exercendam
2076 396 2139 427 vir-

1174 441 1274 466 tutem
1299 446 1389 467 suam
1409 447 1465 477 per
1489 436 1663 466 ministros
1699 435 1750 466 Ita
1774 436 1855 466 nihil
1879 437 1966 467 laudi
1986 448 2062 467 suae
2084 438 2139 468 de-

1174 484 1266 518 rogat
1296 478 1402 515 Deus,
1439 479 1491 510 ubi
1522 479 1696 509 efficaciter
1718 484 1870 517 operatur
1890 490 1946 519 per
1966 480 2139 512 ministros.

1174 521 1269 560 Quod
1301 526 1408 552 autem
1440 522 1540 561 copiis
1571 522 1636 551 dux
1666 521 1852 560 praeficitur
1886 522 2021 559 Iosuali,
2053 533 2142 562 prae-

1174 564 1298 594 ludium
1334 564 1394 595 fuit
1433 565 1560 595 futurae
1594 565 1663 594 eius
1702 564 1893 596 vocationis:
1929 565 1968 596 de
2002 576 2066 605 qua
2092 566 2140 597 vi-

1175 606 1322 637 debimus
1350 618 1409 638 suo
1433 608 1511 638 loco.
1555 606 1706 637 Nondum
1734 607 1819 637 enim
1844 609 1877 637 in
1906 619 1980 639 eum
2003 608 2141 647 gradum

1175 650 1407 681 conscenderat
1435 655 1472 680 ut
1495 649 1655 681 secundus
1679 654 1764 680 essct
1787 661 1804 679 a
1831 650 1935 682 Mose:
1966 651 2027 681 nisi
2057 652 2140 690 quod

1175 693 1469 723 extraordinarium
1500 693 1528 723 ei
1570 693 1743 732 imperium
1773 691 1928 725 divinitus
1957 693 2139 724 mandatur.

1262 735 1310 766 10.
1335 735 1376 766 Et
1397 736 1467 775 fecit
1487 735 1606 766 Iosuali
1628 735 1716 766 sicut.
1751 735 1893 767 Tametsi
1918 737 1999 767 nibil
2022 736 2141 768 detrec-

1176 783 1222 809 tat
1246 778 1380 815 Iosuah,
1408 778 1463 809 sed
1483 778 1566 817 quod
1584 778 1642 809 sibi
1662 779 1829 817 cognoscit
1851 780 1997 810 mandari
2019 790 2058 810 ex
2079 780 2141 810 Dei

1174 831 1238 857 ore,
1262 820 1373 851 sedulo
1394 821 1591 860 exsequitur,
1616 825 1648 851 et
1668 821 1831 860 probabile
1851 828 1899 852 est
1918 822 2045 860 milites,
2065 832 2142 862 quos

1174 864 1234 895 sibi
1253 865 1386 895 comites
1406 864 1608 900 adiunxerat,
1634 864 1734 903 probe
1760 866 1826 894 suis
1851 865 1996 905 partibus
2015 866 2142 896 functos

1175 916 1259 937 esse:
1287 906 1406 938 diserte
1433 913 1541 937 tamen
1569 907 1772 946 exprimitur,
1801 917 1863 938 nou
1895 908 1993 939 fuisse
2013 908 2143 948 propria

1175 951 1303 986 virtute,
1325 950 1375 980 vel
1396 955 1522 985 conatu,
1544 950 1592 980 vel
1615 949 1785 985 industria,
1808 950 1857 980 vel
1871 949 1984 981 bellica
2003 951 2068 981 ulla
2083 950 2143 981 vir-

1176 998 1242 1023 tute
1262 993 1396 1032 adeptos
1417 993 1592 1028 victoriam,
1621 993 1675 1023 scd
1697 992 1798 1023 Mosis
1817 994 1981 1032 precibus:
2006 1004 2142 1033 quarum

1175 1036 1296 1066 fultura
1327 1041 1393 1066 tam
1419 1035 1484 1066 dux
1509 1046 1603 1075 quam
1629 1036 1791 1066 exercitus
1815 1041 1985 1068 steterunt.
2031 1037 2143 1077 Neque

1176 1085 1282 1109 tamen
1319 1079 1370 1109 hic
1405 1079 1565 1109 iactanter
1598 1078 1803 1109 commendat
1837 1079 1945 1110 Moses
1979 1090 2073 1110 suum
2109 1080 2142 1110 iu

1174 1121 1294 1152 orando
1325 1121 1483 1152 studium:
1520 1121 1597 1160 quin
1629 1121 1732 1160 potius
1763 1122 1961 1153 infirmitatis
1985 1134 2061 1153 suae
2084 1133 2143 1162 pu-

1175 1165 1275 1195 blicus
1299 1170 1348 1195 est
1371 1165 1462 1195 testis
1486 1175 1522 1195 ac
1543 1174 1663 1203 praeco,
1688 1169 1724 1194 ut
1742 1164 1844 1203 gloria
1864 1165 1896 1195 in
1917 1165 2056 1196 solidum
2076 1175 2144 1196 ma-

1175 1214 1250 1237 neat
1274 1218 1373 1247 penes
1397 1207 1577 1247 oratuitum
1605 1206 1667 1237 Dei
1691 1206 1844 1238 favorem
1889 1208 1957 1238 Nec
1980 1219 2057 1239 vero
2087 1209 2144 1239 du-

1175 1251 1262 1281 bium
1293 1256 1341 1281 cst
1369 1251 1446 1289 quin
1478 1250 1573 1280 huius
1603 1260 1698 1289 quam
1730 1257 1839 1288 postea.
1862 1250 1983 1281 fatetur
2007 1251 2143 1282 infirmi-

1174 1294 1250 1324 tatis
1273 1293 1332 1323 sibi
1357 1293 1512 1328 conscius,
1537 1293 1640 1323 socios
1663 1293 1811 1323 ascivelit
1838 1293 1973 1324 Ah-1ron
2004 1300 2035 1324 et
2059 1294 2141 1331 Hur,

1174 1336 1228 1375 qui
1253 1336 1411 1366 laboranti
1436 1335 1603 1374 suppetias
1627 1335 1759 1366 ferrent
1813 1336 1907 1374 Quod
1933 1337 1965 1366 in
1990 1336 2041 1367 his
2063 1336 2141 1368 duo-

1174 1380 1232 1409 bus
1261 1379 1338 1409 viris
1369 1379 1499 1417 quidam
1535 1379 1671 1418 figuram
1707 1379 1840 1427 piopoui
1872 1379 1986 1410 volunt
2025 1381 2141 1411 veteris

1174 1428 1205 1452 et
1234 1423 1309 1452 novi
1341 1421 1544 1457 testamenti,
1558 1405 1691 1460 Dquibus
1725 1421 1821 1451 inniti
1853 1428 2038 1453 sanctorum
2068 1433 2140 1462 pre-

1173 1475 1225 1495 ces
1249 1475 1378 1495 neccsse
1402 1469 1459 1501 est
1484 1463 1523 1494 ab
1547 1464 1586 1494 115
1610 1474 1686 1495 velo
1709 1463 1849 1503 lapidem
1875 1465 1958 1495 Mosi
1988 1465 2021 1495 in
2045 1476 2141 1505 quem

1174 1507 1377 1538 recumberet·
1411 1507 1508 1537 fuisse
1541 1506 1683 1537 oblatum
1718 1506 1846 1543 docent,
1885 1506 1972 1549 (quia
2009 1509 2140 1539 nonnisi

1174 1551 1206 1580 in
1230 1550 1361 1581 Christo
1387 1550 1464 1580 tides
1486 1555 1596 1580 nostra
1620 1549 1752 1580 fundata
1776 1549 1837 1591 est)
1862 1556 2012 1589 argutum
2036 1552 2140 1591 magis

1174 1598 1223 1624 est
1242 1604 1339 1632 quam
1362 1594 1504 1623 firmum.
1543 1592 1617 1623 Scio
1642 1603 1736 1632 quain
1764 1593 1947 1632 plausibiles
1967 1594 2033 1624 siut
2056 1595 2139 1626 eius-

1174 1635 1260 1666 modi
1284 1636 1471 1676 allegoriae:
1503 1635 1559 1666 sed
1579 1635 1662 1675 quod
1687 1646 1790 1675 nuper
1814 1636 1888 1674 dixi,
1910 1636 1987 1666 mihi
2013 1637 2141 1676 sufficit,

1174 1689 1273 1718 quum
1297 1689 1372 1709 suae
1396 1678 1610 1709 imbecillitati
1634 1678 1794 1709 diffideret
1808 1679 1923 1716 Moses,
1948 1679 2027 1711 duos
2050 1680 2140 1710 adiu-

1174 1727 1259 1752 tores
1282 1722 1466 1761 quaesiisse.
1515 1721 1557 1751 Et
1582 1725 1668 1752 certe
1692 1732 1790 1760 quum
1814 1722 1883 1752 eius
1907 1733 2022 1753 manus
2046 1723 2140 1754 attol-

1175 1765 1294 1799 lerent,
1326 1770 1451 1794 mentes
1482 1764 1542 1803 ipsi
1568 1775 1691 1803 quoque
1716 1764 1877 1795 habebaut
1901 1776 2030 1796 sursum
2054 1776 2141 1797 erec-

1175 1815 1232 1843 tas,
1259 1814 1293 1837 ut
1317 1807 1542 1838 communibus
1567 1807 1649 1837 votis
1670 1808 1777 1838 Deum
1800 1807 1897 1838 simul
1921 1814 2140 1847 precarentur.

1175 1850 1240 1881 Sed
1275 1850 1313 1880 dc
1347 1860 1380 1880 se
1414 1850 1586 1889 praecipue
1621 1850 1762 1889 loquitur
1796 1851 1920 1887 Moses,
1962 1856 1997 1881 ut
2030 1851 2142 1882 doceat

1176 1904 1294 1923 munus
1328 1892 1387 1923 hoc
1428 1893 1488 1923 sibi
1523 1903 1541 1923 a
1576 1893 1645 1923 Deo
1680 1893 1778 1923 fuisse
1819 1893 2015 1933 impositum.
2068 1894 2142 1925 Non

1176 1937 1261 1966 enim
1302 1941 1376 1966 vota
1417 1935 1520 1966 solum
1562 1946 1602 1966 ex
1644 1936 1787 1966 caritatis
1828 1936 1932 1967 officio
1979 1938 2140 1977 concepit:

1176 1979 1231 2009 sed
1266 1979 1340 2017 quia.
1373 1989 1445 2008 eum
1481 1978 1727 2009 intercessorem
1764 1979 1853 2009 Deus
1887 1979 2043 2019 elegerat.
2086 1980 2140 2019 qui

1176 2022 1285 2059 virgae
1309 2021 1497 2051 extensione
1529 2026 1560 2050 ct
1591 2022 1685 2052 tacito
1710 2021 1861 2060 precandi
1891 2022 2004 2052 ardore
2033 2022 2142 2053 hostes

1176 2075 1303 2095 eminus
1328 2064 1480 2094 vinceret.
1516 2063 1589 2102 Qua
1613 2064 1646 2093 in
1671 2070 1763 2103 parte
1786 2069 1901 2104 typum
1927 2064 2048 2095 Christi
2072 2075 2142 2105 ges-

1264 2117 1447 2146 quanquam
1478 2107 1509 2136 in
1540 2106 1610 2136 aliis
1640 2106 1787 2145 partibus
1812 2118 1877 2137 non
1904 2107 2076 2147 quadraret
2099 2108 2141 2138 si—

1177 2149 1335 2180 militudo.
1383 2149 1448 2179 Nec
1472 2154 1580 2179 tamen
1606 2148 1738 2179 dubium
1763 2154 1812 2180 est
1834 2149 1909 2189 quin
1935 2149 2078 2181 defectus
2101 2162 2142 2182 ex

1176 2203 1305 2224 summa
1328 2193 1515 2226 attentione,
1540 2198 1571 2221 et
1595 2191 1751 2231 singulari
1776 2192 1833 2222 zeli
1859 2192 2063 2223 vehementia
2086 2204 2142 2224 na-

1177 2242 1228 2266 tus
1252 2235 1308 2265 sit:
1338 2234 1471 2274 ideoque
1502 2234 1572 2265 laus
1596 2244 1668 2264 cum
1694 2235 1773 2265 vitio
1797 2235 2014 2275 coniungitur,
2048 2237 2142 2267 sicuti

1178 2279 1254 2309 dum
1278 2277 1403 2316 ingenti
1435 2282 1550 2307 conatu
1581 2279 1731 2307 seruntur
1760 2278 1862 2308 sancti
1886 2277 1924 2307 ad
1946 2279 2141 2318 precandum

1178 2332 1242 2351 non
1267 2319 1360 2350 niodo
1384 2319 1563 2359 languescit
1587 2320 1617 2349 iu
1640 2319 1704 2350 illis
1728 2320 1834 2360 vigor,
1864 2320 1918 2351 sed
1949 2332 2006 2352 suo
2029 2321 2142 2353 ardore

1176 2365 1241 2394 fere
1262 2363 1445 2402 consumpti
1469 2362 1631 2392 deficiunt.

1265 2405 1312 2435 13.
1337 2404 1379 2435 Ec
1405 2405 1499 2444 fircrjit
1522 2405 1637 2434 Iosualz
1662 2405 1796 2436 Amalec.
1846 2405 1970 2445 Copula
1999 2406 2141 2438 illativae

1178 2449 1356 2489 particulae
1380 2447 1448 2478 loco
1468 2448 1622 2477 sumitur:
1648 2448 1722 2486 quia
1743 2448 1817 2478 hinc
1840 2449 2020 2488 superiores
2045 2451 2143 2481 hosti-

1152 2524 1154 2527 1
1181 2493 1237 2522 bus
1263 2491 1360 2521 fuisso
1382 2490 1545 2520 Israelitas
1571 2490 1691 2529 colligit
1712 2491 1827 2527 Moses,
1852 2492 1935 2531 quod
1959 2499 2143 2524 constanter

1153 2533 1155 2563 1
1180 2533 1300 2565 oraudo
1315 2533 1578 2573 pei-sevoraverit.
1621 2534 1660 2562 lit
1681 2534 1777 2564 tacita
1789 2535 1897 2564 subest
1910 2535 2141 2566 antithesisiu-

1180 2585 1227 2607 ter
1241 2587 1392 2606 manuum
1408 2577 1591 2605 tii-mitatem
1614 2584 1643 2605 et
1665 2575 1915 2608 debilitationem
1930 2577 2086 2608 hostium:
2107 2584 2143 2609 ut

1153 2626 1155 2639 ¹
1180 2620 1320 2651 sciamus
1345 2628 1406 2648 nou
1432 2626 1496 2648 tam
1521 2618 1635 2658 gladiis
1658 2629 1751 2658 quam
1777 2620 1889 2660 virgae
1913 2620 2092 2652 elevatione
2112 2626 2143 2652 ct
