2304 3034
170 178 231 208 451

174 270 235 303 sibi
259 270 426 305 subiectos,
450 268 503 307 qui
527 267 645 306 alioqui
675 266 715 297 ad
744 266 943 306 impietatem
972 267 1068 298 nimis
1092 278 1140 298 es-

175 318 247 345 sent
271 312 435 352 proclives.
478 310 578 341 Porro
602 309 707 349 legem
732 309 791 340 hoc
815 309 884 340 loco
908 314 1002 340 vocat
1024 310 1142 349 Moses,

176 367 241 387 non
266 356 374 385 decem
399 353 497 384 verba
522 352 689 391 designata
713 353 746 382 in
771 351 896 383 duabus
920 352 1055 390 tabulis,
1086 353 1142 384 sed

175 397 475 437 interpretationem
499 400 636 434 quatuor
661 394 750 425 libris
781 394 1057 434 comprehensam.
1103 395 1142 426 Id

176 449 281 472 autem
312 440 430 470 factum
459 443 506 469 est
536 438 671 477 triginta
703 448 817 468 novem
849 438 942 468 annis
971 442 1142 477 postquam

175 485 207 514 in
243 488 351 512 monte
386 481 477 512 Sinai
512 481 664 520 loquutus
697 481 804 511 fuerat
837 480 935 511 Deus.
988 480 1142 520 Sequitur

175 525 258 566 quod
282 525 357 555 aiibi
381 524 532 563 exposui,
564 531 597 553 ut
621 524 654 553 in
678 523 741 554 fine
771 524 931 563 septennii
955 523 1007 554 lex
1031 524 1141 555 recite-

175 574 236 598 tur.
286 567 406 597 Verum
439 577 518 606 quae
547 565 587 597 ad
618 566 714 597 huius
737 566 798 597 loci
822 566 1071 605 intelligentiam
1095 566 1142 597 fa-

175 611 272 647 ciunt,
309 616 453 650 repetere
477 620 539 639 non
565 609 695 649 pigebit.
742 610 859 640 Annus
883 609 1040 649 septimus
1061 609 1142 641 elec-

175 660 228 684 tus
257 659 314 690 est,
349 663 410 691 quo
441 652 557 682 licebat
581 652 701 691 absque
725 652 847 683 iactura
871 652 916 682 rei
941 651 1142 691 domesticae,

176 700 242 727 tam
267 696 408 726 maribus
432 705 528 734 quam
554 695 691 732 feminis,
715 695 876 725 confluere
898 694 1142 735 Ierosolymam,

176 739 249 778 qnia
284 738 406 769 vacatio
435 742 504 768 erat
535 737 573 768 ab
607 738 695 768 omni
719 748 829 777 opere:
862 749 925 768 non
949 738 1036 768 enim
1057 749 1141 769 sere-

174 783 267 819 bant,
300 792 401 821 neque
436 780 614 818 metebant,
651 779 707 811 sed
737 786 802 811 tota
833 791 985 820 agrorum
1017 781 1141 812 cultura

175 824 330 856 cessabat.
386 823 476 854 Nihil
519 834 595 863 ergo
630 823 752 863 negotii
786 822 935 854 obstabat
973 824 1143 863 quominus

176 867 260 898 diem
284 867 376 897 illum
400 866 516 897 festum
540 866 749 903 celebrarent,
773 866 807 896 in
831 877 893 906 quo
918 866 1009 897 Deus
1032 866 1071 898 ad
1096 867 1143 898 vi-

177 921 255 941 vum
279 909 541 949 repraesentabat
566 919 661 949 quam
684 908 877 940 mirabiliter
901 914 1010 949 patres
1033 920 1143 941 eorum

177 958 337 984 servasset
366 952 399 982 in
431 952 566 983 deserto.
620 952 669 983 Ne
705 962 848 992 unquam
882 953 1028 983 efflueret
1062 954 1145 984 tanti

178 995 323 1027 beneficii
348 996 513 1029 memoria,
537 995 709 1035 quotannis
734 995 864 1034 quidem
890 995 1073 1035 ubicunque
1096 1006 1144 1027 es-

178 1044 265 1075 sent,
297 1038 349 1069 lex
373 1037 504 1068 iubebat
527 1048 568 1068 ex
593 1038 660 1069 suis
684 1038 855 1069 domiciliis
878 1038 998 1078 egredi,
1028 1042 1064 1068 ut
1086 1038 1144 1070 sub

177 1082 274 1113 ramis
307 1082 459 1112 arborum
494 1085 629 1121 agerent
659 1091 716 1121 per
746 1085 869 1121 septem
899 1081 975 1112 dies.
1021 1081 1145 1112 Verum

177 1135 262 1156 311110
286 1124 492 1155 sabbathario
515 1134 615 1163 quum
637 1124 787 1155 omnibus
811 1123 896 1154 domi
920 1128 1005 1155 esset
1035 1125 1146 1163 otium,

177 1167 376 1199 commodius
415 1173 484 1198 erat
518 1167 659 1206 undique
693 1167 927 1207 lerosolymam
964 1167 1146 1205 ascendere,

178 1218 213 1242 ut
236 1211 269 1241 in
294 1211 363 1250 ipsa
382 1210 564 1250 frequentia
587 1210 702 1241 melius
722 1214 874 1240 testatam
895 1210 1038 1241 facerent
1056 1221 1147 1241 suam

179 1252 423 1294 gratitudinem.
459 1253 535 1283 Ideo
559 1252 706 1283 additur:
730 1252 839 1292 Quum
864 1254 992 1284 venerit
1015 1253 1147 1284 univer-

179 1307 233 1327 sus
257 1296 369 1327 Israel.
416 1296 464 1327 Ac
494 1295 673 1326 notandum
705 1302 768 1333 est,
800 1296 833 1326 in
857 1296 914 1326 illo
937 1300 1031 1327 coetu
1054 1307 1145 1327 sanc-

181 1340 243 1370 tius
269 1339 454 1370 obstrictam
482 1339 579 1370 fuisse
607 1338 703 1369 fidem
730 1339 829 1370 totius
848 1339 957 1378 populi
981 1338 1021 1370 ad
1044 1339 1148 1379 legem

179 1381 381 1418 servandam,
405 1382 480 1421 quia
502 1381 588 1412 inter
612 1392 645 1412 se
669 1382 754 1413 ultro
774 1382 919 1422 citroque
938 1386 1037 1413 testes
1055 1386 1150 1412 erant

180 1425 234 1457 alii
254 1430 365 1456 eontra
384 1425 473 1462 alios,
494 1425 520 1456 si
541 1424 757 1456 desciscerent
776 1435 794 1455 a
813 1424 941 1456 foedere
960 1425 1004 1455 ita
1023 1424 1148 1465 publice

181 1475 345 1499 renovate.
388 1468 459 1499 Hac
483 1468 607 1498 ratione
631 1467 774 1499 additur:
802 1467 1039 1508 Congregando
1063 1467 1149 1499 viros

181 1516 213 1543 et
235 1511 404 1548 mulieres,
435 1515 466 1541 et
496 1510 658 1550 parvulos.
711 1511 837 1541 Verum
867 1521 908 1541 ne
937 1511 1034 1542 inane
1067 1515 1150 1541 esset

182 1554 412 1595 spectaculum,
436 1553 610 1584 mandatur
633 1553 751 1585 diserte
773 1553 946 1594 legendum
969 1564 1039 1585 esse
1063 1553 1149 1584 volu-

182 1608 255 1628 men
281 1597 315 1627 in
345 1596 478 1628 auribus
502 1606 630 1627 eorum:
662 1607 725 1637 qua
749 1597 935 1637 loquutione
958 1596 1153 1637 exprimitur

183 1640 339 1677 recitatio,
364 1651 405 1670 ex
425 1650 488 1680 qua
507 1639 669 1671 auditores
688 1639 830 1671 fructum
851 1640 1039 1680 percipiant.
1062 1639 1152 1670 Alio-

183 1684 238 1723 qui
267 1682 367 1714 fallax
397 1688 429 1713 et
458 1682 582 1713 ludicra
619 1683 732 1714 fuisset
767 1684 955 1714 ostentatio:
990 1683 1084 1714 sicuti
1121 1682 1153 1712 in

182 1730 303 1766 papatu
335 1725 411 1756 dum
442 1726 535 1765 pleno
570 1730 702 1766 gutture
737 1726 932 1765 scripturam
963 1725 1076 1766 lingua
1105 1725 1152 1755 in-

185 1769 313 1809 cognita
348 1768 499 1806 reboant,
531 1768 615 1799 nihil
643 1768 730 1799 aliud
762 1779 857 1808 quam
890 1769 1063 1809 profanant
1092 1767 1153 1799 Dei

184 1822 312 1843 nomen.
361 1812 449 1842 Deus
482 1822 557 1851 ergo
587 1811 619 1842 in
645 1811 730 1843 hunc
753 1812 852 1843 finem
876 1822 1028 1843 resonare
1050 1811 1155 1843 voluit

184 1855 266 1895 legis
290 1865 366 1886 suae
391 1854 585 1892 doctrinam,
615 1860 651 1885 ut
681 1855 741 1886 sibi
770 1855 942 1895 discipulos
966 1855 1155 1894 acquireret,

187 1908 250 1929 non
281 1904 390 1928 autem
415 1904 450 1927 ut
473 1896 611 1937 insipido
645 1897 784 1929 clamore
808 1897 948 1937 repleret
970 1908 1063 1928 aures
1086 1897 1156 1928 sine

187 1940 345 1981 profectu.
402 1940 445 1970 Et
480 1946 565 1971 certe
597 1951 695 1980 quum
725 1941 886 1972 sacrificos
915 1941 1045 1981 papales
1076 1950 1156 1970 non-

187 1983 267 2014 nihil
304 1982 440 2022 puderet
474 1983 591 2023 vulgus
626 1994 758 2023 prorsus
789 1994 897 2015 arcere
926 1984 965 2014 ab
993 1982 1157 2014 auditione

188 2027 281 2057 verbi
307 2027 378 2063 Dei,
402 2027 584 2066 excogitata
607 2026 669 2056 fuit
692 2026 781 2057 fatua
803 2027 895 2065 ratio,
922 2031 957 2057 ut
979 2025 1064 2066 apud
1087 2036 1157 2056 sur-

190 2069 245 2100 dos
280 2069 471 2100 clamarent:
507 2069 598 2108 quasi
630 2080 707 2100 vero
745 2070 916 2110 nugatoria
952 2069 1011 2100 1130
1041 2078 1158 2108 pompa

189 2113 325 2143 satisfiat
356 2111 417 2142 Dei
450 2111 618 2147 mandato,
649 2112 702 2142 ubi
734 2113 824 2143 iubet
854 2123 872 2143 a
901 2112 1035 2143 minimo
1058 2121 1158 2150 usque

190 2155 229 2186 ad
254 2155 433 2185 maximum
459 2165 570 2185 omnes
594 2155 717 2186 doceri:
742 2166 818 2186 nam
842 2160 952 2196 postca
970 2155 1086 2185 iterum
1106 2165 1159 2184 ex-

190 2198 358 2238 primitur,
386 2204 421 2228 nt
452 2197 585 2228 audiant
616 2203 647 2228 et
676 2197 810 2229 discant.
868 2198 962 2230 Unde
986 2198 1158 2228 statuimus

192 2241 335 2280 perverti
365 2240 544 2280 legitimum
576 2242 755 2280 scripturae
778 2252 890 2277 usum,
922 2241 975 2272 ubi
999 2240 1159 2280 profertur

192 2283 345 2314 obscurus
379 2284 503 2314 sonitus
543 2294 637 2322 quem
674 2295 768 2314 nemo
809 2284 979 2324 intelligat.
1037 2283 1158 2313 Verum

193 2327 285 2357 sicuti
309 2337 373 2356 non
397 2326 458 2356 alia
485 2327 553 2357 Deo
576 2326 731 2365 probatur
751 2327 930 2367 scripturae
958 2326 1066 2363 lectio,
1097 2325 1158 2355 nisi

194 2380 274 2408 quae
299 2369 450 2409 populum
476 2369 616 2399 erudiat:
642 2370 686 2400 ita
711 2370 836 2401 fruetus
860 2369 1094 2409 intelligentiae
1113 2378 1159 2398 re-

194 2412 343 2451 quiritur,
369 2418 403 2442 ut
431 2413 534 2442 Deum
560 2413 674 2442 timeri·
698 2413 822 2443 discant
842 2412 1012 2443 auditores.
1058 2411 1160 2441 Porro

195 2454 325 2485 dubium
362 2465 424 2485 non
449 2461 497 2484 est
521 2455 597 2494 quin
622 2455 718 2485 timor
744 2456 802 2486 Dei
828 2455 921 2486 fidem
947 2455 977 2485 in
1003 2465 1036 2485 se
1059 2453 1160 2484 eonti-

197 2504 285 2528 ncat.
318 2498 380 2527 imo
412 2498 539 2537 proprie
569 2509 607 2527 ex
641 2510 675 2528 ea
708 2499 859 2529 nascitur.
904 2497 968 2529 Sed
1001 2497 1060 2527 hac
1086 2506 1161 2526 voco

196 2540 355 2579 significat
381 2540 497 2575 Mos-es,
523 2540 592 2570 idco
617 2542 724 2571 datam
748 2553 818 2572 esse
843 2542 954 2581 legem,
980 2542 1014 2570 ut
1037 2538 1076 2569 ad
1097 2539 1160 2578 pie-

196 2588 306 2615 tatem,
342 2590 372 2613 et
403 2594 514 2613 verum
551 2584 608 2613 Dvi
640 2584 762 2614 cultum
794 2585 975 2614 formentur
1005 2582 1161 2613 homines.

197 2624 302 2655 Simul
328 2636 364 2655 ex
391 2625 448 2656 boc
472 2637 596 2665 qnoque
622 2627 688 2658 loco
713 2626 902 2658 discendum
932 2631 978 2657 est
1009 2625 1161 2655 erraticos

869 172 1121 205 SECUNDUM
1143 173 1462 205 PRAEOEPTUM.

2097 174 2161 206 452

1195 272 1226 298 et
1247 267 1446 299 adulterinos
1475 277 1544 298 esse
1573 277 1685 298 omnes
1716 266 1821 298 cultus
1855 267 1909 307 qui
1938 266 2008 299 Deo
2041 268 2160 308 absque

1195 310 1329 342 scientia
1363 310 1569 342 exhibentur.
1621 309 1808 349 Sapientiae
1843 314 1938 349 eaput
1971 315 2019 342 est
2053 311 2160 342 Deum

1195 353 1324 384 timere:
1357 360 1451 393 atque
1480 354 1513 383 in
1538 364 1574 383 eo
1597 352 1701 392 capite
1723 352 1930 383 consentiunt
1952 351 2077 391 omnes,
2105 353 2162 385 sed

1196 395 1313 426 deinde
1336 396 1471 436 quisque
1494 395 1532 426 ad
1554 406 1613 427 sua
1636 396 1792 436 figmenta
1815 394 1983 433 delabitur,
2007 399 2040 426 et
2061 407 2162 437 vagas

1195 449 1274 478 quas
1305 443 1421 470 vocant
1450 438 1647 470 devotiones.
1696 437 1798 477 Atqui
1827 437 1917 469 Deus
1946 444 1983 468 ut
2012 438 2161 470 fraenum

1195 481 1318 513 iniieiat
1341 482 1498 513 eiusmodi
1522 481 1683 517 audaciae,
1707 481 1903 520 pronunciat
1925 491 1958 511 00
1980 491 2044 512 11011
2069 481 2163 513 aliter

1194 524 1255 554 rite
1278 524 1339 555 coli
1362 535 1456 564 quam
1480 524 1533 555 ubi
1553 524 1682 555 auditus
1706 523 1811 554 fuerit.
1856 523 2050 564 Peregrinos
2072 534 2162 564 vero,

1196 567 1251 598 ubi
1279 567 1326 598 de·
1343 577 1508 598 sacrorum
1532 566 1824 598 communicatione
1849 566 1974 606 agitur,
2005 566 2081 597 alibi
2105 567 2162 598 ad-

1195 610 1305 640 monui
1340 620 1405 640 non
1437 610 1541 641 vocari
1570 608 1728 649 quoslibet
1759 608 1917 647 advenas,
1951 608 2007 640 sed
2036 610 2092 649 qui
2122 621 2163 642 ex

1194 653 1336 692 profanis
1359 653 1509 693 gentibus
1532 652 1670 689 oriundi,
1694 652 1764 682 Deo
1788 662 1906 682 nomen
1933 651 2098 690 dederant,
2130 657 2164 684 et

1194 701 1325 735 accepta
1358 695 1619 733 circumcisione,
1653 695 1743 725 asciti
1777 695 1908 725 fuerant
1943 694 1976 725 in
2010 695 2164 727 eeclesiae

1195 749 1324 778 corpus:
1360 739 1480 778 alioqui
1516 738 1562 769 fas
1598 749 1660 768 non
1694 738 1807 768 fuisset
1840 747 1894 768 eos
1928 737 2098 769 admittere
2129 739 2163 770 in

1195 786 1320 812 coetum
1344 780 1504 812 fidelium:
1529 780 1611 820 quod
1636 780 1733 811 etiam
1753 781 1925 812 confirmat
1944 780 2090 819 adiectio,
2109 781 2165 813 ubi

1196 824 1348 855 dicuntur
1366 834 1435 854 esse
1455 824 1543 854 intra
1562 828 1689 863 portas:
1715 833 1797 862 quae
1817 823 2007 854 tantundem
2029 823 2116 855 valet
2127 835 2164 856 30

1196 867 1222 898 01
1242 867 1375 898 dixisset
1395 867 1512 906 Moses,
1536 866 1665 897 urbium
1686 865 1816 903 incolas,
1842 871 1874 896 et
1898 866 1952 906 qui
1971 866 2070 897 simul
2090 877 2165 898 cum

1196 910 1312 949 populo
1337 909 1533 941 habitabant.
1559 908 1703 940 Tandem
1723 908 1783 940 sub
1801 908 1942 940 filiorum
1962 909 2103 947 nomine,
2126 909 2166 941 de

1196 953 1427 993 propagatione
1451 963 1548 983 sanae
1572 952 1735 983 doctrinae
1759 952 1879 992 agitur,
1914 956 1950 982 ut
1979 963 2078 992 purus
2101 951 2166 984 Dei

1197 995 1302 1026 cultus
1324 1006 1451 1034 semper
1474 996 1592 1035 vigeat.
1637 994 1732 1026 Iubet
1761 1005 1838 1034 ergo
1862 1005 1925 1025 non
1949 1005 2016 1025 una
2038 1000 2166 1026 tantum

1198 1043 1303 1069 aetate
1326 1038 1454 1070 recitari
1478 1038 1592 1078 legem,
1627 1037 1683 1069 sed
1706 1037 1810 1078 quoad
1835 1037 1963 1068 durabit
1986 1042 2090 1069 status
2112 1048 2167 1078 po-

1197 1081 1275 1121 puli.
1320 1081 1365 1112 Et
1393 1086 1479 1112 certe
1514 1082 1596 1112 hanc
1620 1090 1730 1112 euram
1754 1081 1917 1120 suscipere
1941 1080 2033 1111 decet
2055 1091 2166 1113 omnes

1198 1124 1260 1155 Dei
1279 1124 1428 1161 cultores,
1454 1128 1489 1154 ut
1515 1124 1554 1155 ad
1574 1128 1718 1163 posteros
1737 1124 1963 1154 transmittant
1981 1123 2065 1163 quod
2084 1123 2167 1155 didi-

1199 1172 1322 1198 cerunt.
1347 1166 1412 1198 Sed
1436 1167 1612 1197 notandum
1637 1172 1693 1205 est,
1718 1177 1781 1197 non
1806 1166 1986 1206 promiscue
2004 1177 2166 1198 commen-

1200 1210 1269 1240 dari
1293 1209 1470 1250 quamlibet
1494 1210 1688 1247 doctrinam,
1719 1220 1802 1250 quae
1831 1220 1848 1240 a
1878 1209 2053 1241 maioribus
2076 1209 2170 1250 quasi

1199 1263 1256 1292 per
1280 1263 1395 1284 manus
1419 1252 1536 1283 tradita
1559 1253 1669 1284 fuerit:
1701 1253 1779 1292 quin
1803 1253 1908 1292 potius
1931 1252 1990 1284 sibi
2013 1252 2071 1283 uni
2093 1263 2170 1284 ven-

1201 1295 1285 1326 dicat
1319 1295 1409 1327 Deus
1439 1295 1576 1326 solidam
1609 1296 1814 1327 autoritatem
1851 1302 1917 1327 tam
1951 1306 2029 1336 erga
2061 1300 2171 1336 patres

1201 1348 1297 1378 quam
1321 1348 1397 1379 erga
1421 1338 1513 1369 filios.

1536 1508 1600 1540 EX
1623 1508 1774 1541 LEVIT.
1799 1509 1842 1541 X.

1290 1594 1318 1625 8.
1343 1593 1560 1633 Loquutusque
1583 1597 1627 1626 est
1645 1594 1737 1625 etiam
1761 1594 1875 1626 Ielzova
1898 1594 1940 1626 ad
1962 1594 2103 1632 Aharzm,
2125 1595 2174 1626 di-

1204 1637 1310 1669 cendo:
1353 1637 1382 1668 9.
1415 1637 1527 1668 Vinum
1550 1640 1577 1668 et
1598 1638 1729 1669 siceram
1753 1648 1813 1668 non
1835 1637 1916 1669 bibes
1938 1640 1971 1668 tu
1994 1640 2020 1669 et
2039 1637 2103 1677 filii
2124 1638 2174 1670 tui

1204 1683 1308 1715 tecum,
1330 1681 1451 1719 quaudo
1473 1680 1630 1711 intrabitis
1653 1680 1687 1710 iu
1710 1680 1940 1711 tabernaculum
1958 1680 2172 1719 conventionis,

1204 1734 1241 1754 oze
1263 1723 1459 1754 moriamini.-
1481 1725 1629 1754 statutum
1646 1727 1831 1761 perpetuum
1855 1726 1898 1754 est
1916 1725 1950 1754 iu
1966 1723 2173 1764 yenerationi·

1204 1766 1260 1796 bus
1282 1767 1398 1796 vestris.
1446 1766 1493 1796 10.
1524 1765 1568 1796 Et
1595 1769 1628 1797 ut
1660 1766 1843 1797 discernatis
1872 1767 1952 1798 iuter
1980 1769 2120 1799 sanctum
2147 1768 2174 1797 et

1200 1809 1385 1848 profanum,
1415 1811 1441 1839 et
1470 1809 1548 1839 iuter
1577 1809 1771 1840 immundum
1802 1812 1829 1839 et
1850 1809 2010 1841 muudum.
2058 1809 2106 1840 11.
2131 1808 2175 1840 Et

1206 1854 1240 1882 ut
1262 1852 1395 1882 doceatis
1414 1851 1496 1890 filios
1520 1850 1623 1882 Israel
1650 1852 1755 1882 omnia
1787 1854 1903 1883 statuta
1926 1863 2004 1892 quae
2032 1852 2175 1892 loquutus

1206 1896 1249 1925 est
1272 1893 1385 1925 Ieleova
1407 1894 1448 1925 ad
1469 1904 1518 1925 eos
1534 1904 1595 1933 per
1617 1904 1745 1925 manum
1768 1893 1878 1926 DIosis.

1293 1980 1322 2010 9.
1354 1979 1468 2011 Vinum
1491 1982 1518 2010 et
1540 1980 1679 2010 siceram.
1705 1978 1854 2011 Secunda
1877 1980 2054 2012 mundities
2072 1991 2174 2012 sacer-

1209 2022 1330 2060 dotum,
1354 2027 1389 2053 ut
1413 2022 1598 2053 abstineant
1617 2032 1635 2052 a
1654 2022 1731 2053 vino
1754 2028 1785 2053 et
1804 2023 1922 2054 sicera:
1947 2034 2008 2063 qua
2029 2033 2105 2054 voce
2129 2022 2176 2054 di·

1209 2066 1252 2096 cit
1287 2065 1506 2103 Hieronymus
1545 2065 1776 2105 comprehendi
1816 2065 1972 2106 quidquid
2014 2065 2175 2097 inebriare

1209 2112 1330 2149 potest:
1361 2108 1443 2148 quod
1474 2118 1585 2139 verum
1620 2118 1689 2139 csse
1712 2108 1829 2139 fateor:
1852 2108 1907 2140 sed
1932 2108 2077 2139 definitio
2106 2118 2175 2139 cer—

1210 2152 1272 2182 tior
1296 2155 1352 2188 est,
1377 2151 1479 2181 notari
1508 2161 1620 2181 omnes
1652 2150 1797 2189 potiones
1826 2162 1844 2182 a
1865 2151 2022 2182 fructibus
2044 2162 2174 2191 expres-

1211 2191 1279 2231 sas,
1309 2194 1340 2224 in
1372 2204 1507 2233 quarum
1538 2193 1707 2224 dulcedine
1731 2194 1843 2224 eadem
1865 2194 1933 2224 fere
1956 2198 2004 2224 est
2026 2194 2176 2225 illecebra

1211 2248 1291 2278 quae
1315 2237 1347 2266 in
1380 2237 1462 2267 vino.
1509 2236 1551 2266 Et
1585 2236 1678 2266 hodie
1708 2247 1834 2276 quoque
1864 2236 2038 2268 orientales
2067 2237 2176 2277 populi

1212 2280 1272 2311 sibi
1293 2284 1357 2309 tam
1378 2290 1415 2310 ex
1438 2279 1575 2319 dactylis
1598 2278 1779 2318 palmarum
1799 2290 1894 2319 quam
1917 2290 1956 2310 ex
1975 2279 2046 2310 aliis
2066 2280 2177 2312 fructi-

1212 2324 1270 2355 bus
1294 2321 1432 2361 liquores
1456 2322 1631 2353 conficiunt
1653 2323 1798 2361 apprime
1821 2333 1937 2353 suaves
1960 2327 1991 2353 et
2014 2322 2175 2354 delicatos.

1211 2366 1334 2398 Eadem
1360 2375 1435 2405 ergo
1459 2365 1510 2396 1110
1533 2364 1763 2402 sacerdotibus,
1798 2365 1874 2395 dum
1899 2366 1983 2396 vices
2006 2376 2081 2396 suas
2104 2376 2175 2405 per-

1213 2414 1354 2449 agerent,
1378 2408 1490 2447 regula
1515 2407 1744 2447 praescribitur
1767 2419 1847 2447 quae
1871 2408 2052 2439 Nazaraeis.
2078 2408 2176 2440 Libe-

1214 2453 1325 2483 raliter
1363 2451 1493 2490 optimis
1530 2451 1708 2490 quibusque
1744 2451 1821 2481 cibis
1861 2451 1945 2482 vesci
1981 2451 2176 2490 permissum

1213 2495 1358 2534 utrisque
1382 2493 1452 2530 fuit,
1476 2503 1557 2532 aqua
1580 2498 1746 2524 contentos
1770 2505 1838 2525 csse
1861 2494 1955 2525 iussit
1968 2494 2072 2531 Deus,
2102 2493 2178 2533 quia

1213 2544 1306 2578 potus
1330 2537 1507 2567 restrictior
1536 2536 1676 2566 maxime
1707 2535 1744 2566 ad
1780 2537 1938 2577 frugalem
1971 2537 2071 2568 vitam
2101 2547 2177 2567 con-

1213 2580 1307 2612 ducit.
1357 2580 1451 2610 l'auei
1475 2579 1560 2609 enim
1584 2579 1837 2618 intemperantes
1860 2584 1936 2610 sunt
1958 2580 1991 2610 in
2015 2579 2094 2617 cibo,
2123 2579 2177 2619 qui

1214 2635 1277 2655 non
1308 2622 1403 2653 iidem
1434 2622 1545 2652 vinnm
1577 2627 1746 2662 appetant,
1785 2621 1901 2653 deinde
1934 2622 1996 2653 cibi
2026 2622 2179 2654 saturitas
