2304 3034
107 206 168 238 697

107 300 148 331 sit
158 298 183 340 ¹)
204 299 239 329 in
260 300 287 329 te
308 296 478 328 mendicus:
509 295 584 334 quia
612 293 808 324 benedicendo
836 291 986 338 benedicet
1003 290 1071 338 *tibi

109 341 222 373 Iehooa
252 341 287 371 in
318 342 402 371 terra
433 347 526 377 quam
557 337 623 375 ipse
649 335 739 367 Deus
771 337 843 366 tuus
870 334 922 365 dat
953 333 1009 364 tibi
1036 343 1071 364 in

107 384 324 415 haereditatem
344 383 378 412 ut
392 379 554 420 possideas
576 387 652 409 eam.
697 378 726 408 5.
759 376 820 408 Sed
844 377 889 408 ita
910 376 1070 412 duntaxat,

107 427 136 458 si
162 425 322 457 obediendo
350 422 496 455 obedieris
523 421 587 452 voci
617 419 746 451 Iehovae
773 418 836 451 Dei
870 419 930 456 tui,
965 418 1010 449 ita
1038 420 1072 448 ut

107 468 276 505 custodias,
301 465 440 506 faciendo
467 473 552 495 omne
575 465 774 501 praeceptum
803 462 887 493 istud
917 460 997 500 quod
1019 470 1071 500 eqo

100 511 264 551 praecipio
280 509 338 540 tibi
358 507 452 538 hodie.
486 505 515 536 6.
540 505 626 536 Nam
644 504 758 536 Iehova
779 504 868 535 Deus
889 506 963 534 tuus
985 502 1070 533 bene—

107 554 190 585 dixit
205 551 269 589 tibi,
292 548 543 590 quemadmodum
561 547 641 578 dizit
658 547 728 578 tibi.-
748 549 813 577 tum
831 549 936 577 mutuo
953 547 1071 584 accepto

102 597 234 636 piynore
259 593 346 625 dabis
364 589 502 632 yentibus
522 589 644 626 multis,
673 592 707 621 tu
732 592 834 620 autem
856 598 917 620 non
939 588 1072 626 accipies

107 640 226 669 mutuo:
258 638 284 666 et
316 632 520 665 dominaberis
546 632 685 673 yentibus
713 632 833 669 multis,
868 634 900 662 at
929 630 984 661 tibi
1011 640 1070 661 non

105 679 350 712 dominabuntur.
395 675 423 706 7.
454 674 490 705 Si
517 675 615 714 fuerit
640 675 726 714 apud
754 677 781 705 te
809 674 966 704 mendicus
987 673 1069 711 quis·

100 723 193 762 piam
215 731 229 752 e
249 718 399 759 fratribus
420 718 498 753 tuiS,
522 717 555 748 in
578 727 643 748 una
664 727 680 748 e
696 717 797 756 portis
818 717 897 753 tuis,
932 716 965 746 in
987 718 1071 745 terra

106 767 159 795 tua
181 772 271 802 quam
293 760 406 792 Iebova
428 759 517 791 Deus
537 762 610 791 tuus
631 760 685 790 dat
712 759 783 790 tibi:
818 769 878 790 non
907 758 1071 789 indurabis

106 817 157 838 cor
184 809 284 841 tuum,
313 813 408 842 neque
436 802 560 834 claudes
588 812 716 833 manum
745 805 830 833 tuam
852 811 872 832 a
892 801 992 840 fratre
1021 802 1070 830 tuo

105 848 247 880 mendico.
290 846 317 877 8.
343 845 404 876 Sed
426 845 589 883 aperiendo
611 845 733 883 aperies
754 844 804 876 illi
826 853 953 875 manum
974 845 1070 880 tuam,

105 894 132 922 et
159 888 324 921 mutuando
351 887 506 918 mutuabis
527 888 554 918 ei
576 887 618 918 ad
646 887 863 927 sufficientiam
896 896 1008 925 usque,
1037 885 1070 916 id

105 943 163 972 quo
184 931 358 971 indiquerit.
392 930 420 961 9.
447 930 526 961 Cave
547 929 603 960 tibi
624 940 661 960 ne
682 930 724 960 sit
744 929 906 969 quidpiam
928 930 961 959 in
983 927 1071 959 corde

103 978 154 1006 tuo
176 974 312 1014 impium,
336 973 479 1004 dicendo:
504 972 705 1011 Propinquus
727 975 769 1003 est
792 982 893 1003 annus
915 972 1070 1011 septimus,

104 1026 205 1049 annus
235 1016 443 1047 remissionis:
476 1017 502 1046 et
534 1015 692 1054 maliynus
724 1016 765 1046 sit
798 1015 906 1046 oculus
936 1018 1008 1044 tuus
1036 1014 1070 1044 in

101 1060 229 1099 fratrem
250 1061 336 1089 tuum
358 1058 544 1095 mendicum,
577 1059 622 1088 ita
652 1060 686 1088 ut
714 1068 774 1089 non
806 1058 859 1089 des
888 1058 932 1088 ei:
965 1056 1071 1088 clamet

103 1104 203 1133 autem
229 1103 334 1132 contra
356 1103 382 1131 te
410 1101 452 1131 ad
475 1100 635 1137 Iehovam‚
666 1102 693 1131 et
721 1101 779 1131 erit
801 1101 834 1131 in
858 1103 884 1130 te
900 1101 1068 1139 peccatum.

105 1144 152 1175 10.
176 1143 290 1174 Dando
312 1142 402 1174 dabis
424 1143 466 1179 ei,
497 1153 592 1182 neque
619 1143 789 1183 maliyizum
821 1143 879 1173 erit
905 1152 956 1173 cor
983 1144 1070 1172 tuum

102 1196 194 1226 quum
216 1186 337 1217 dederis
359 1186 402 1216 ei:
431 1185 506 1225 quia
535 1185 630 1216 liuius
649 1186 697 1216 rei
716 1187 822 1225 qratia
845 1185 992 1216 benedicet
1015 1184 1071 1215 tibi

103 1228 216 1260 Ieliova
244 1228 333 1259 Deus
365 1231 437 1259 tuus
468 1229 501 1258 in
529 1228 670 1259 omnibus
699 1229 841 1267 operibus
871 1229 950 1265 tuis,
983 1229 1010 1258 et
1036 1227 1070 1257 in

101 1272 182 1302 omni
225 1271 397 1302 extensione
428 1281 577 1301 manuum
610 1273 744 1302 tuarum.
802 1272 849 1302 11.
887 1270 956 1301 Non
989 1270 1070 1300 enim

100 1313 194 1344 deerit
211 1313 368 1344 mendicus
385 1313 421 1344 de
440 1313 537 1344 medio
559 1316 675 1344 torrae:
698 1314 810 1345 idcirco
825 1313 986 1353 praecipio
1004 1312 1067 1349 tibi,

100 1356 242 1388 dicendo:
271 1356 447 1395 Aperiendo
477 1356 598 1395 aperies
624 1366 751 1386 manum
779 1359 865 1387 tuam
886 1356 982 1395 fratri
1009 1358 1068 1393 tuo,

99 1399 134 1430 id
155 1401 198 1430 est
212 1399 352 1438 pauperi
374 1401 424 1429 tuo
446 1401 473 1429 et
494 1399 630 1430 mendico
653 1401 701 1429 tuo
723 1399 758 1429 in
780 1402 865 1430 terra
887 1401 949 1430 tua.

186 1484 213 1515 1.
239 1483 374 1522 Septimo
396 1493 514 1523 quoque
537 1493 624 1515 anno.
659 1483 723 1515 Hic
746 1483 875 1516 Iudaeis
896 1484 1068 1524 peculiaris

100 1526 183 1557 inter
205 1536 240 1557 se
262 1526 446 1557 humanitas
473 1526 685 1566 praecipitur,
710 1532 746 1557 ut.
777 1528 912 1567 septimo
941 1536 1068 1566 quoque

99 1578 183 1600 anno
217 1569 316 1599 frater
348 1569 440 1599 fratri
473 1569 557 1609 quod
592 1569 735 1600 debitum
776 1570 874 1600 fuerit
912 1569 1066 1600 remittat.

99 1611 171 1642 Etsi
194 1618 301 1642 autem
325 1611 386 1642 1130
409 1611 480 1652 lege
504 1611 599 1643 hodie
618 1622 682 1642 non
704 1612 946 1653 obstringimur,
970 1622 1006 1644 30
1026 1622 1067 1643 ne

99 1654 229 1694 expedit
252 1653 381 1694 quidem
404 1654 438 1684 in
462 1664 521 1685 usu
546 1665 632 1686 esse:
663 1654 741 1685 finis
770 1660 879 1686 tamen
910 1665 972 1695 quo
996 1661 1066 1686 ten-

100 1695 196 1727 debat
218 1697 327 1736 vigere
351 1696 455 1734 debet,
478 1707 520 1728 ne
542 1698 577 1728 in
600 1696 785 1738 flagitandis
809 1698 994 1729 nominibus
1018 1697 1066 1728 ni-

98 1739 199 1770 mium
233 1739 329 1779 rigidi
364 1740 466 1771 simus
500 1745 685 1771 exactores:
716 1742 906 1780 praesertim
936 1741 962 1771 si
993 1750 1067 1772 00111

100 1782 208 1822 egenis
231 1783 395 1821 negotium
419 1787 483 1820 est,
514 1783 568 1822 qui
592 1782 652 1813 sub
676 1784 877 1823 paupertatis
901 1793 998 1814 onere
1020 1783 1067 1814 fa-

99 1824 229 1856 tiscunt.
258 1825 387 1855 Veteris
406 1825 514 1865 populi
527 1824 577 1866 (ut
589 1825 669 1867 dixi)
689 1825 828 1857 conditio
848 1826 908 1857 fuit
930 1826 1066 1857 diversa.

101 1865 269 1907 Originem
298 1867 458 1899 ducebant
485 1868 523 1898 ab
554 1879 619 1899 una
646 1869 762 1908 stirpe,
794 1875 880 1900 terra
909 1869 1066 1900 Chanaan

101 1910 279 1941 communis
299 1915 370 1941 erat
387 1910 451 1941 illis
470 1910 662 1948 haereditas,
688 1912 829 1942 fraterna
849 1912 913 1942 illis
932 1912 1067 1943 societas

101 1951 239 1983 invicem
262 1957 333 1983 erat
362 1953 510 1990 colenda,
540 1964 605 1984 non
629 1964 721 1985 secus
745 1965 780 1986 ac
804 1955 829 1985 si
853 1955 995 1986 eiusdem
1020 1954 1066 1985 fa-

102 1994 208 2026 miliae
229 2000 345 2026 essent.
391 1995 433 2026 Et
455 1996 529 2036 quia
552 2007 606 2027 eos
630 1997 720 2028 Deus
742 1997 840 2028 semel
870 1997 1066 2028 manumise-

102 2041 166 2075 rat,
190 2042 225 2068 01
247 2042 399 2078 perpetuo
422 2038 514 2069 liberi
537 2044 661 2076 essent,
686 2039 725 2070 ad
749 2040 922 2071 fovendum
946 2040 1066 2071 medio—

103 2088 187 2110 crem
210 2085 328 2111 statum
352 2081 474 2121 optima
496 2081 558 2112 fuit
581 2082 677 2119 ratio,
705 2093 745 2113 ne
775 2084 869 2122 pauci
900 2082 1066 2114 immensis

103 2121 214 2160 opibus
246 2123 486 2154 multitudinem
516 2125 745 2164 opprimerent.
796 2124 959 2164 Quoniam
990 2136 1066 2166 ergo

104 2163 130 2194 si
153 2163 302 2196 divitibus
321 2176 447 2206 semper
466 2177 609 2198 crescere
628 2169 820 2207 permissum
841 2174 932 2204 esset,
957 2174 1067 2209 tyran-

104 2205 175 2236 nice
208 2206 361 2239 dominati
395 2214 517 2246 essent,
555 2209 758 2241 immodicam
794 2212 970 2250 potentiam
1006 2211 1066 2243 1130

104 2246 174 2287 lege
204 2249 360 2281 fraenavit
383 2250 480 2282 Deus.
528 2252 632 2290 Adde,
666 2263 765 2292 quum
797 2259 902 2284 terrae
933 2253 1066 2284 daretur

105 2290 202 2337 quies,
215 2296 246 2321 et
256 2292 294 2323 ab
313 2294 379 2324 eius
392 2293 520 2325 cultura
541 2295 736 2325 feriarentur
754 2295 910 2333 homines,
928 2307 1065 2336 aequum

105 2332 204 2363 fmsse
226 2338 261 2363 ut
283 2339 365 2367 101110
388 2337 524 2376 populus
547 2336 651 2378 (cuius
674 2348 770 2368 causa
793 2339 977 2370 institutum
996 2345 1066 2370 erat

106 2373 307 2422 sabbathum)
325 2378 441 2418 aliquid
461 2380 671 2411 relaxationis
690 2382 834 2412 sentiret.
870 2381 1065 2421 Quanquam

103 2427 248 2448 remissio
270 2418 307 2449 de
329 2430 390 2459 qua
413 2432 498 2453 01100
528 2424 652 2463 agitur,
684 2433 754 2454 meo
777 2423 904 2462 iudicio,
935 2425 1064 2455 nonnisi

106 2459 291 2499 temporalis
322 2462 388 2493 fuit.
439 2464 563 2495 Volunt
590 2465 718 2505 quidem
749 2466 803 2496 alii
836 2477 890 2498 aes
924 2467 1065 2498 alienum

106 2506 182 2532 tunc
204 2511 333 2541 prorsus
352 2505 446 2536 fuisse
464 2507 638 2545 sublatum,
663 2518 699 2539 ac
721 2509 747 2540 si
771 2519 876 2540 3111100
899 2509 1068 2541 sabbatha·

106 2543 174 2574 rius
193 2545 318 2575 tabulas
335 2556 444 2579 omnes
463 2551 584 2590 accepti
603 2556 635 2581 et
653 2552 787 2591 expensi
806 2552 935 2583 deleret.
968 2552 1067 2592 Atqui

192 2636 220 2668 1)
239 2636 274 2662 In
292 2640 426 2671 marqine:
445 2641 503 2673 Vel,
523 2651 633 2675 prorsus
652 2648 725 2669 certe
745 2653 798 2670 non
817 2646 877 2671 erit.

816 199 1040 232 OCTAVUM
1062 198 1378 231 PRAEOEPTUM.

2028 201 2092 233 698

1122 292 1155 322 id
1178 302 1218 323 ex
1241 296 1395 323 contextu
1414 292 1582 330 refellitur,
1605 292 1680 332 quia
1698 292 1753 324 ubi
1773 293 1874 324 instat
1891 303 1996 325 annus
2019 295 2091 326 sab-

1122 334 1305 372 batharius,
1329 334 1467 375 benigne
1490 339 1599 366 tamen
1622 338 1772 365 mutuare
1795 335 1884 366 Deus
1913 336 2019 368 iubet:
2048 338 2091 368 ri-

1124 377 1250 409 diculus
1283 382 1392 408 autem
1433 377 1547 408 fuisset
1585 381 1786 414 contractus,
1827 378 1889 409 nisi
1924 389 2091 419 reposcere

1124 419 1254 450 tandem
1284 419 1435 451 licuisset.
1481 419 1577 451 Certe
1607 419 1634 451 si
1662 420 1753 451 nulla
1782 431 1925 461 unquam
1954 427 2092 462 sequuta

1123 462 1236 493 fuisset
1254 462 1381 500 solutio,
1400 462 1590 502 simpliciter
1605 462 1725 494 donare
1744 463 1893 502 oportuit.
1925 463 2091 503 Quorsum

1123 504 1208 535 0111111
1239 505 1357 536 attinet
1389 505 1519 536 inanem
1553 506 1656 536 mutui
1686 505 1816 536 titulum
1846 505 2032 543 obtendere,
2063 507 2091 539 01

1123 557 1290 586 nunquam
1314 547 1353 578 ad
1377 547 1543 578 dominum
1566 547 1711 579 reditura
1733 552 1782 579 est
1800 558 1881 588 quae
1899 554 2091 581 numeratur

1123 589 1281 629 pecunia?
1305 590 1430 621 Verum
1453 590 1540 621 Deus
1559 600 1644 621 anno
1663 590 1717 622 illo
1736 590 1809 622 lites
1831 601 1943 622 omnes
1966 602 2091 623 cessare

1123 632 1240 669 voluit,
1270 643 1309 663 00
1337 633 1409 672 quis
1438 633 1594 664 molestus
1623 638 1709 665 esset
1736 643 1794 664 suo
1822 632 1967 665 debitori.
2023 635 2089 665 [3111

1122 675 1197 714 quia
1220 684 1303 706 anno
1323 675 1379 706 illo
1403 674 1502 706 libero
1525 680 1557 706 et
1579 675 1719 706 immuni
1741 686 1815 717 spes
1834 686 1899 707 11011
1923 681 1991 707 0131
2013 677 2092 708 reci-

1123 717 1258 756 piendae
1281 718 1451 757 pecuniae,
1479 719 1621 749 occurrit
1644 718 1749 755 Deus,
1784 724 1815 749 et
1838 719 2002 750 restrictos
2021 730 2091 751 esse

1122 764 1229 790 vetat:
1250 761 1400 799 quamvis
1419 770 1484 791 non
1497 760 1581 791 nihil
1599 761 1744 792 iacturae
1757 761 1872 792 afferat
1883 772 1983 793 mora.
2018 762 2090 793 Pri-

1123 812 1210 832 mum
1235 813 1311 843 ergo
1332 803 1421 834 iubet
1443 803 1580 842 septimo
1610 814 1695 835 anno
1725 804 1946 835 remissionem
1976 805 2090 842 facere,

1123 855 1238 884 nempe
1262 850 1298 875 ut
1321 845 1552 885 supersedeant
1582 845 1621 877 ab
1649 846 1817 886 exigendis
1835 847 2035 885 nominibus,
2060 852 2091 878 et

1122 888 1317 927 pauperibus
1340 887 1486 919 inducias
1509 893 1564 919 aut
1597 889 1813 926 vacationem,
1848 890 1943 921 sicuti
1977 894 2091 928 terrae,

1122 930 1308 961 concedant.
1364 929 1438 969 Qua
1473 930 1600 961 13110110
1630 932 1804 971 exprobrat
1831 931 1960 963 Iudaeis
1988 932 2092 964 Isaiae

1122 971 1186 1013 (58,
1212 972 1273 1013 13),
1297 972 1381 1004 male
1404 982 1459 1004 eos
1481 972 1675 1004 sabbathum
1699 974 1819 1013 colere,
1848 974 1926 1005 dum
1954 975 2091 1015 exigunt

1122 1025 1180 1046 sua
1214 1016 1358 1053 nomina,
1391 1020 1423 1047 et
1455 1016 1602 1046 ieiunant
1635 1016 1674 1046 ad
1706 1016 1778 1048 lites
1801 1020 1833 1048 01
1855 1017 2089 1049 contentiones.

1122 1057 1301 1089 Subiicitur
1331 1058 1434 1089 forma
1465 1058 1681 1090 remissionis:
1712 1059 1761 1090 Ne
1790 1060 1949 1100 quispiam
1981 1060 2089 1100 proxi-

1121 1111 1211 1131 mum
1245 1108 1341 1132 vexet
1374 1111 1458 1132 anno
1491 1101 1546 1132 illo
1580 1111 1642 1141 quo
1675 1102 1822 1133 remissio
1850 1102 1912 1133 Dei
1947 1102 2090 1143 promul-

1121 1148 1197 1183 gata
1219 1148 1277 1174 est.

1206 1185 1235 1216 3.
1266 1185 1316 1216 Ab
1339 1186 1522 1226 alieniyena.

1123 1232 1295 1260 extraneos
1319 1229 1351 1259 in
1381 1229 1431 1259 ius
1462 1238 1592 1265 vocare,
1624 1233 1657 1259 et
1685 1239 1798 1269 cogere
1822 1229 1860 1260 ad
1885 1230 2090 1261 solvendum:

1122 1270 1218 1310 idque
1241 1272 1361 1310 optima
1384 1271 1522 1302 ratione:
1553 1271 1630 1311 quia
1659 1272 1792 1303 minime
1814 1282 1952 1312 aequum
1975 1272 2092 1304 fuisset

1123 1314 1271 1344 sabbathi
1294 1314 1448 1345 beneficio
1471 1314 1534 1344 frui
1558 1318 1796 1354 contemptores
1819 1314 1910 1355 legis,
1943 1325 2089 1355 praeser-

1122 1357 1181 1386 tim
1204 1367 1303 1396 quum
1328 1356 1366 1387 de
1396 1356 1463 1387 solo
1492 1356 1592 1387 electo
1621 1357 1738 1396 populo
1769 1357 1975 1398 privilegium
1999 1358 2091 1389 Deus

1122 1399 1260 1430 tulisset.
1305 1398 1401 1438 Quod
1423 1399 1567 1439 sequitur
1597 1409 1693 1430 versu
1724 1400 1889 1440 proximo:
1914 1400 1985 1431 Nisi
2015 1400 2091 1439 quia

1122 1451 1187 1472 non
1211 1442 1272 1472 erit
1289 1441 1465 1478 mendicus,
1490 1442 1579 1473 varie
1598 1446 1751 1482 torquent
1768 1442 1972 1482 interpretes.
2007 1442 2090 1474 Ver-

1122 1489 1194 1515 tunt
1217 1484 1366 1524 quidam:
1391 1484 1625 1515 Verumtamen
1648 1495 1713 1515 1100
1738 1485 1779 1515 sit
1802 1485 1886 1525 apud
1911 1490 1941 1516 te
1964 1486 2090 1516 mendi-

1121 1537 1191 1558 cus:
1216 1537 1252 1558 30
1275 1527 1301 1558 01
1325 1527 1500 1567 prohibitio
1524 1532 1624 1565 esset,
1654 1538 1695 1558 ne
1725 1527 1833 1558 sinant
1863 1528 1997 1559 miseros
2024 1528 2088 1559 fra-

1121 1574 1186 1601 tres
1219 1570 1373 1610 pauperie
1406 1569 1512 1607 obrui,
1548 1570 1626 1610 quin
1660 1570 1869 1610 opitulentur.
1914 1571 2016 1602 Porro
2048 1581 2089 1601 ne

1120 1612 1286 1650 obiiciant,
1316 1612 1342 1643 si
1365 1612 1410 1642 ita
1432 1612 1472 1643 ad
1494 1611 1700 1653 largiendum
1730 1613 1795 1644 sint
1823 1613 1946 1651 faciles,
1977 1613 2087 1644 statim

1120 1666 1153 1686 se
1176 1654 1371 1686 exhaustum
1393 1655 1448 1692 iri,
1472 1655 1642 1694 praevenit
1664 1656 1771 1693 Deus,
1803 1665 1839 1686 30
1861 1656 1895 1686 10
1918 1666 2011 1687 suam
2034 1656 2088 1687 be-

1120 1697 1333 1729 nedictionem
1358 1698 1545 1729 recumbere
1567 1697 1665 1730 iubet.
1711 1698 1776 1729 Alii
1800 1708 1878 1729 vero
1904 1699 2087 1738 promissio-

1120 1751 1194 1771 nem
1218 1751 1286 1771 esse
1310 1740 1438 1771 volunt:
1463 1740 1519 1771 sed
1542 1740 1588 1771 ita
1610 1746 1802 1778 contexunt,
1833 1742 1995 1771 neminem
2019 1740 2088 1771 fore

1120 1783 1205 1824 apud
1229 1793 1282 1814 eos
1305 1782 1506 1819 mendicum,
1530 1783 1558 1814 si
1580 1783 1674 1814 modo
1698 1784 1802 1824 legem
1834 1788 1978 1821 servent,
2012 1783 2088 1823 quia

1120 1831 1198 1856 tunc
1217 1826 1280 1856 illis
1305 1825 1470 1856 benedicet
1488 1825 1588 1857 Deus.
1624 1827 1731 1866 Atque
1754 1826 1807 1857 hic
1830 1836 1953 1866 quoque
1972 1836 2087 1856 sensus

1121 1879 1185 1899 non
1217 1868 1296 1899 adeo
1325 1868 1409 1899 male
1438 1868 1585 1908 quadrat.
1631 1868 1718 1908 Quid
1749 1869 1809 1900 sibi
1840 1869 2003 1899 voluerint
2032 1868 2086 1908 qui

1120 1917 1298 1952 exponunt:
1323 1911 1363 1941 In
1394 1916 1519 1941 tantum
1543 1921 1584 1941 110
1607 1912 1648 1942 011
1672 1912 1729 1943 tibi
1757 1911 1938 1949 mendicus,
1969 1911 2085 1941 neseio.

1119 1954 1314 1994 Expendant
1337 1958 1444 1984 tamen
1464 1953 1599 1985 lectores
1617 1964 1724 1984 annon
1744 1961 1773 1986 ³2
1793 1960 1860 1986 0²2&
1880 1953 1994 1984 melius
2013 1963 2085 1983 ver-

1119 2002 1220 2027 tatur:
1245 1996 1316 2028 Nisi
1339 1995 1439 2036 quod:
1463 2002 1497 2026 31
1515 2001 1592 2028 tunc
1610 2007 1667 2037 per
1685 1996 1893 2036 parenthesin
1913 1995 2085 2036 legendum

1118 2044 1202 2071 esset
1231 2039 1414 2070 membrum
1443 2039 1541 2077 illud,
1572 2050 1608 2070 ac
1631 2041 1657 2070 si
1682 2039 1801 2071 dictum
1825 2044 1924 2070 esset:
1949 2038 2085 2077 Quoties

1119 2088 1214 2113 erunt
1237 2092 1276 2112 ex
1300 2081 1452 2112 fratribus
1476 2082 1592 2113 vestris
1613 2082 1711 2122 aliqui
1735 2082 1856 2122 inopes,
1881 2082 1971 2112 vobis
1994 2081 2086 2112 offer-

1119 2130 1172 2156 tur
1195 2124 1417 2156 benefaciendi
1440 2125 1584 2156 materia.
1630 2125 1718 2165 Ergo
1737 2124 1901 2155 toleranda
1924 2123 2015 2154 vobis
2038 2128 2086 2154 001

1119 2169 1255 2199 fratrum
1279 2167 1396 2206 inopia,
1421 2172 1456 2197 ut
1478 2166 1569 2198 vobis
1588 2166 1679 2198 Deus
1699 2166 1872 2198 benedicat.
1906 2166 2029 2197 Verum
2049 2170 2086 2196 ut

1119 2211 1235 2241 clarior
1258 2210 1300 2240 sit
1328 2209 1507 2247 sententia,
1534 2209 1700 2241 exclusive
1728 2210 1848 2249 accipio
1879 2209 1960 2239 duas
1989 2219 2085 2240 voces

1119 2260 1148 2285 ’Ξ
1167 2259 1243 2285 0²3⁸,
1271 2262 1306 2283 ac
1329 2252 1356 2283 si
1379 2258 1479 2283 esset:
1503 2252 1641 2283 Prorsus
1662 2263 1703 2283 ne
1726 2253 1767 2283 sit
1785 2251 1961 2282 mendicus.
2008 2251 2083 2282 Vel:

1119 2294 1285 2335 Quidquid
1293 2295 1342 2331 sit,
1352 2305 1393 2325 ne
1403 2294 1572 2334 patiamini
1583 2299 1691 2326 vestra
1702 2295 1797 2334 culpa
1810 2304 2002 2334 quemquam
2015 2303 2085 2325 0000

1119 2340 1204 2370 inter
1227 2348 1283 2368 vos
1305 2337 1497 2368 mendicum.
1544 2337 1626 2368 Vult
1646 2337 1732 2368 enim
1756 2348 1866 2368 omnes
1894 2337 2006 2367 inanes
2029 2347 2085 2367 ex-

1119 2381 1253 2414 cusandi
1276 2384 1462 2420 praetextus
1485 2379 1654 2417 discutere,
1678 2384 1773 2419 atque
1795 2380 1840 2410 ita
1863 2383 1958 2418 prout
1976 2388 2084 2410 neces-

1119 2425 1197 2455 sitas
1220 2423 1345 2460 tulerit,
1378 2422 1448 2453 vult
1470 2422 1509 2453 ad
1532 2422 1785 2454 succurrendum
1809 2432 1878 2453 esse
1900 2432 2084 2462 propensos,

1120 2478 1159 2498 ne
1183 2476 1353 2506 pauperes,
1382 2465 1491 2505 inopia
1520 2471 1551 2496 et
1584 2469 1740 2506 egestate,
1770 2464 1909 2495 miseriis
1937 2475 2084 2496 011001101-

1120 2510 1205 2541 bant.
1240 2509 1311 2539 Non
1331 2518 1408 2548 ergo
1431 2508 1626 2548 generaliter
1650 2507 1802 2547 intelligit
1824 2507 1981 2546 quoslibet
2003 2517 2083 2547 pau-

1120 2563 1225 2592 peres,
1248 2550 1303 2582 sed
1329 2551 1454 2590 penitus
1485 2551 1635 2586 afflictos,
1665 2550 1774 2589 quales
1798 2551 1897 2580 Amos
1927 2549 2086 2589 propheta

1119 2594 1327 2633 conqueritur
1348 2593 1499 2624 venditos
1523 2593 1622 2624 fuisse
1645 2602 1703 2632 pro
1725 2592 1949 2624 calceamentis
1969 2591 2084 2633 (Amos

1120 2637 1147 2675 2,
1172 2637 1213 2678 6).
1259 2636 1360 2667 Porro
1384 2641 1420 2666 ut
1442 2635 1592 2667 alacriter
1615 2634 1753 2666 miseriis
1776 2635 1986 2673 subveniant,
2010 2645 2083 2674 pro—

1569 1186 1727 1226 Exceptio
1756 1186 1903 1225 additur,
1932 1191 1968 1218 ut
1997 1187 2091 1219 liceat
