2304 3034
99 198 160 229 649

99 282 200 315 Iudae
222 288 254 315 et
267 284 416 316 Thamar.
435 283 531 325 (Gen.
551 281 675 323 38‚14).
708 281 778 312 Imo
801 282 962 313 communi
985 283 1056 314 iure

100 326 246 366 gentium
266 327 377 358 mortis
394 336 498 366 poena
512 334 636 364 semper
654 322 818 354 adulteriis
836 324 956 354 inflicta
979 325 1055 355 fuit:

99 378 162 408 quo
200 370 325 409 turpius
356 374 404 400 est
436 368 599 407 magisque
627 365 813 406 pudendum
850 366 1055 403 Christianis,

101 421 166 441 non
196 412 316 442 imitari
345 411 457 442 saltem
486 409 635 450 profanos
664 408 819 439 homines.
862 409 950 447 Lege
973 409 1056 440 Iulia

99 464 163 484 non
193 454 299 485 minus
322 453 462 494 graviter
484 461 579 491 quam
602 451 703 490 ipsius
726 449 787 480 Dei
810 451 943 490 punitur
965 451 1054 482 adul-

98 496 233 527 terium:
258 497 311 536 qui
334 506 367 527 se
388 493 557 526 venditant
570 492 688 524 Christi
711 493 850 529 nomine,
875 493 953 524 adeo
975 495 1055 525 mol-

99 538 146 568 les
165 543 240 569 sunt
257 549 293 570 ac
303 537 437 574 remissi,
456 540 492 566 ut
504 536 559 566 vix
577 535 641 566 levi
659 536 868 574 castigatione
888 540 950 566 tam
964 547 1054 567 exse-

99 581 218 612 crabile
235 580 390 621 flagitium
413 582 568 609 coercent.
613 578 662 608 Ac
685 588 725 608 ne
749 577 853 618 legem
877 578 936 610 Dei
962 579 1054 609 abro-

99 627 178 664 gent
207 623 325 663 absque
354 621 471 657 colore,
502 619 679 651 obtendunt
708 620 830 651 Christi
861 621 1052 660 exemplum,

99 666 152 706 qui
181 675 311 696 uxorem
337 663 525 700 adulteram,
545 673 643 702 quum
667 667 751 693 esset
773 662 952 702 lapidanda,
976 663 1053 694 libe-

98 718 166 738 ram
188 707 308 738 dimisit
325 704 531 747 (Ioh.8,11):
552 715 673 745 nempe,
698 706 790 736 sicuti
809 716 841 736 se
860 706 891 736 in
912 711 1052 736 montem

99 750 261 787 subduxit,
284 759 324 780 ne
350 759 406 778 rex
425 753 618 779 crearetura
631 747 735 778 turba.
765 747 858 786 Quod
878 748 904 778 si
923 754 1050 788 reputa-

97 803 170 823 mus
183 803 259 831 quas
271 796 379 831 partes
397 791 537 821 iniunxit
549 795 639 830 pater
651 791 820 830 unigenito
833 790 896 821 filio
909 801 974 825 suo.
988 801 1050 821 non

96 834 282 865 mirabimur
304 833 482 864 vocationis
505 843 580 863 suae
600 832 719 863 finibus
742 834 838 864 fuisse
857 838 1052 871 contentum,

98 888 138 908 ne
160 877 271 907 iudicis
293 875 395 906 officio
421 877 616 915 fungeretur.
662 876 760 914 Atqui
786 875 845 906 hoc
869 875 1051 915 exemplum

97 923 297 960 'praepostere
316 918 466 948 aemulati
486 923 561 948 sunt
580 918 633 957 qui
654 918 808 948 divinitus
830 918 936 958 gladio
959 924 1052 948 erant

96 961 209 993 armati
238 960 276 992 ad
307 960 468 1000 punienda
491 960 624 991 scelera:
656 971 731 1001 ergo
754 970 873 1000 poenae
897 961 1051 991 relaxatio

97 1015 136 1035 ex
164 1014 270 1034 crassa
300 1003 427 1034 inscitia
450 1004 606 1033 manavit.
651 1002 822 1033 Caeterum
848 1004 995 1042 quamvis
1019 1004 1050 1033 in

96 1047 162 1078 foro
191 1051 320 1076 terreno
348 1056 410 1076 non
442 1056 542 1085 aeque
572 1046 728 1085 puniatur
758 1046 818 1076 viri
849 1055 885 1076 ac
907 1046 1052 1076 mulieris

95 1089 243 1129 perfidia:
277 1088 351 1128 quia
376 1093 482 1118 tamen
506 1094 618 1118 mutuo
640 1088 725 1118 inter
744 1098 777 1118 se
800 1087 942 1120 obstricti
967 1094 1050 1123 sunt,

94 1131 259 1171 utriusque
282 1130 402 1162 vindex
427 1131 485 1161 erit
509 1131 607 1161 Deus
646 1130 786 1170 Ideoque
809 1131 893 1170 apud
917 1131 1052 1162 coeleste

93 1173 233 1204 tribunal
256 1173 344 1204 valet
367 1173 459 1204 Pauli
483 1173 650 1211 sententia,
675 1173 723 1203 Ne
746 1183 780 1203 se
802 1173 940 1204 invicem
964 1174 1050 1204 frau-

93 1215 168 1246 dent
198 1216 366 1256 coniuges:
389 1216 462 1256 quia
485 1216 567 1246 sicut
590 1226 670 1246 uxor
693 1216 813 1255 proprii
837 1217 979 1256 corporis
1002 1217 1051 1246 ius

92 1270 157 1291 non
180 1258 285 1297 habet,
307 1259 352 1289 ita
375 1269 433 1289 nec
456 1258 598 1289 vicissim
617 1259 753 1289 maritus
776 1258 817 1299 (1.
842 1258 915 1289 Cor.
941 1259 967 1295 7,
992 1259 1033 1299 4).

177 1301 227 1332 25.
255 1301 354 1340 Quum
380 1301 476 1340 fuerit
500 1301 605 1340 puella
634 1301 726 1341 virqo.
771 1300 839 1331 Iam
869 1301 966 1331 latius
995 1312 1050 1331 ex-

91 1344 235 1375 tenditur
253 1353 373 1383 poenae
392 1344 555 1380 severitas,
576 1343 652 1373 dum
672 1354 788 1383 sponsa
810 1350 959 1375 censetur
983 1344 1051 1375 loco

92 1387 215 1418 uxoris:
235 1387 329 1425 idque
348 1386 469 1426 optima
488 1386 620 1423 ratione,
641 1387 716 1425 quia
739 1387 801 1416 iam
825 1387 918 1417 fidem
945 1386 1048 1417 dedit:

92 1434 123 1460 et
146 1429 289 1469 perditae
311 1429 562 1459 incontinentiae
585 1429 713 1468 signum
738 1434 800 1465 est,
833 1429 957 1469 puellae
981 1430 1049 1459 ani·
1075 1457 1077 1464 ,

91 1482 180 1503 mum
197 1482 215 1502 a
231 1481 358 1511 sponso,
376 1471 425 1502 cui
440 1471 588 1501 devincta
601 1478 658 1508 est,
677 1472 722 1502 sic
735 1472 876 1508 alienari,
897 1477 933 1502 ut
946 1472 1049 1503 alieno

90 1515 311 1554 virginitatem
331 1524 420 1544 suam
441 1514 611 1553 prostituat
634 1513 804 1545 libandam.
834 1514 955 1545 Verum
977 1516 1049 1554 quia

91 1562 184 1588 extra
207 1567 323 1587 noxam
348 1560 395 1586 est
418 1566 497 1595 quae
521 1557 551 1586 vi
576 1561 721 1596 stuprata
744 1557 849 1596 fuerit,
872 1557 1051 1587 absolvitur

90 1610 171 1640 quae
194 1599 226 1629 in
252 1609 328 1639 agro
352 1608 505 1639 oppressa
528 1599 595 1635 fuit,
619 1599 692 1638 quia
716 1599 878 1639 probabile
897 1607 945 1630 est
967 1600 1050 1630 invi-

90 1646 158 1673 tam
188 1641 406 1675 succubuisse.
436 1652 472 1672 eo
495 1641 576 1680 quod
601 1642 709 1680 procul
736 1642 859 1673 abesset
883 1642 1048 1673 auxilium.

90 1685 163 1715 Etsi
194 1690 299 1715 autem
331 1684 370 1714 ad
396 1690 524 1724 captum
550 1684 637 1714 rudis
661 1684 768 1724 populi
792 1685 1050 1716 accommodatur

91 1737 210 1763 sermo,
241 1727 410 1758 consilium
440 1733 545 1757 tamen
570 1727 630 1757 Dei
655 1727 731 1767 fuit⁷
762 1728 827 1757 vim
853 1738 870 1758 a
893 1738 1049 1758 consensu

92 1769 298 1810 distinguere.
339 1769 452 1808 Itaque
475 1769 500 1799 si
523 1770 556 1799 in
579 1769 704 1799 aedium
728 1781 854 1801 recessu
879 1770 962 1801 unde
986 1770 1049 1801 cla-

91 1822 160 1842 mor
179 1811 325 1843 exaudiri
346 1822 408 1842 non
433 1816 549 1851 posset,
573 1822 725 1851 oppressa
748 1814 852 1843 fuerat
876 1813 991 1852 puella,
1012 1813 1050 1843 li-
1076 1825 1077 1859 ᾗ

93 1854 195 1885 berari
220 1854 304 1885 haud
330 1853 423 1884 dubie
447 1854 549 1884 voluit
566 1853 665 1889 Deus,
690 1855 714 1885 si
739 1855 832 1885 modo
855 1855 978 1887 idoneis
1001 1856 1050 1886 in-

92 1896 183 1928 diciis
206 1907 241 1928 ac
264 1897 456 1928 coniecturis
480 1897 695 1927 innocentiam
720 1908 810 1928 suam
836 1898 995 1937 probaret.

400 2067 462 2098 EX
486 2067 626 2098 LEVIT
650 2067 746 2099 XIX.

177 2151 227 2183 20.
254 2152 312 2183 Vir
329 2152 358 2183 si
376 2152 480 2183 coierit
498 2162 565 2183 cum
583 2152 711 2184 muliere
728 2154 808 2184 coitu
825 2154 952 2184 semini<
972 2164 1049 2193 qnae

93 2193 186 2232 fuerit
204 2195 316 2225 ancilla
335 2195 516 2234 desponsata
534 2196 608 2229 viro,
632 2205 683 2226 nec
700 2196 876 2226 redimendo
895 2196 1048 2235 redempta
1074 2227 1075 2235 ἵ

94 2235 199 2274 fuerit,
234 2247 285 2267 nec
316 2238 411 2276 fuerit
447 2238 657 2269 manumissa.—
692 2238 849 2277 vapulatio
885 2239 950 2276 erit,
988 2249 1075 2280 non;

96 2279 270 2316 morientur,
293 2281 368 2319 quia
388 2290 445 2311 non
468 2283 510 2310 est
535 2280 671 2311 libertate
692 2281 812 2312 donata.
848 2281 897 2311 21.
913 2282 1050 2313 Adducet
1074 2282 1075 2293 ¹

98 2322 195 2350 autem
221 2321 409 2357 oblationem,
435 2333 494 2361 pro
517 2323 624 2354 delicto
646 2333 700 2353 suo
724 2323 852 2354 Ieltovae
876 2324 916 2355 ad
939 2325 1049 2354 ostium

96 2361 279 2394 tabernaculi
302 2366 511 2402 conventionis,
541 2366 666 2396 arietem
694 2376 754 2405 pro
775 2366 888 2397 delicto.

99 2445 221 2483 Ichova,
246 2458 358 2490 proper
382 2453 537 2489 peccatum
565 2461 656 2481 suum
684 2452 763 2489 qnod
780 2453 931 2490 peccavit:
953 2455 978 2482 et
1001 2463 1047 2482 rc-

96 2488 190 2519 mittet
211 2490 237 2519 ei
254 2495 407 2528 peccatum
428 2503 521 2523 suum
542 2494 621 2532 quod
638 2494 781 2532 peccavit.

182 2573 251 2603 Etsi
280 2585 382 2606 coram
412 2577 480 2608 Deo
505 2578 627 2608 nullum
652 2582 701 2608 cst
723 2578 809 2609 inter
831 2589 940 2610 servos
963 2585 994 2611 et
1014 2580 1047 2610 li-

95 2614 188 2645 beros
207 2615 384 2656 discrimen,
407 2620 437 2649 in
458 2621 634 2651 forensibus
654 2628 761 2651 tamen
786 2621 909 2653 iudiciis
922 2622 1048 2653 diversa

786 196 1024 229 SEPTIMUM
1050 199 1367 233 PRAEOEPTUM.

1076 1905 1078 1911 '
1105 1901 1192 1930 Deus
1214 1899 1393 1937 coniunxit,
1426 1899 1520 1929 horno
1554 1910 1617 1930 non
1641 1905 1775 1940 separet.

1077 1976 1078 1982 ἵ
1104 1943 1248 1973 omnium
1280 1941 1364 1972 facta
1393 1942 1452 1971 fuit
1482 1942 1614 1973 libertas
1644 1944 1743 1973 veteri
1772 1943 1901 1983 populo:
1933 1948 2060 1975 tantum

1077 2019 1078 2027 ἵ
1104 1985 1156 2015 hic
1188 1985 1314 2014 miseris
1347 1984 1463 2023 puellis
1497 1991 1643 2021 cavetur,

97 2404 230 2442 expiabit
255 2416 319 2437 eum
350 2408 489 2438 sacerdos
515 2418 575 2447 per
597 2409 722 2439 arietem
741 2419 799 2447 pro
822 2366 1050 2440 (Ιθῑίσΐοῗυῖνιῇξ
1074 2395 1075 2412 ³

2002 205 2064 236 650

1108 288 1156 315 est
1185 295 1295 316 eorum
1325 286 1477 317 conditio:
1507 297 1566 319 nec
1589 298 1665 318 vero
1688 298 1727 318 ex
1750 289 1884 320 ancillae
1908 288 2064 320 adulterio

1108 330 1234 358 tantum
1258 328 1415 359 malorum
1439 330 1654 369 consequitur.
1689 330 1777 370 Ergo
1801 332 1947 371 quamvis
1960 338 2063 362 morte

1108 369 1242 409 dignum
1271 371 1313 401 sit
1341 372 1478 408 crimen,
1508 382 1567 412 pro
1596 372 1786 403 infirmitate
1819 379 1925 405 tamen
1951 375 2063 413 populi

1107 412 1276 452 mitigatur
1293 423 1406 453 poena,
1430 418 1466 444 ut
1484 415 1511 445 si
1529 415 1599 454 quis
1622 415 1770 445 ancillam
1795 417 1972 456 corruperit
1994 417 2064 446 viro

1108 453 1347 493 desponsatam,
1380 456 1472 487 ambo
1506 457 1669 497 vapulent.
1714 457 1808 488 Unde
1827 459 2002 499 colligitur,
2037 459 2063 489 si

1107 498 1284 528 concubina
1312 509 1392 537 quae
1415 500 1477 529 iam
1502 500 1618 530 marito
1641 499 1855 540 cohabitavit,
1879 501 1974 531 fuerit
1996 506 2062 532 stu-

1107 545 1214 577 prata,
1248 542 1370 571 censeri
1401 541 1539 581 capitale
1569 542 1770 573 adulterium.
1817 543 1920 574 Porro
1952 553 1992 573 ne
2023 554 2062 574 ex

1109 580 1186 621 legis
1216 582 1368 613 facilitate
1392 584 1441 614 vel
1466 584 1667 624 indulgentia
1690 584 1768 615 falso
1792 590 1970 616 statuerent
1993 586 2062 617 leve

1107 633 1176 654 esse
1200 624 1359 661 delictum,
1382 625 1457 656 huic
1480 628 1577 657 errori
1598 628 1788 667 tempestive
1806 629 1985 658 occurritur
2006 638 2062 658 ex-

1107 667 1247 705 piatione
1289 668 1505 707 superaddita.
1556 668 1639 700 Nam
1671 670 1696 700 si
1735 670 1923 701 verberibus
1951 681 2062 701 caesus

1106 708 1209 740 adbuc
1240 710 1502 741 reconciliatione
1531 711 1671 752 indiget,
1702 713 1846 752 sequitur
1877 723 1939 744 non
1968 713 2063 744 aesti-

1105 751 1258 782 mandum
1283 763 1352 783 esse
1374 753 1504 783 modum
1528 754 1636 784 delicti
1659 764 1700 784 ex
1723 764 1834 794 poena.

1406 921 1470 952 EX
1494 922 1641 953 EXODI
1664 923 1759 954 XXI.

1190 1006 1216 1036 7.
1243 1006 1342 1045 Quum
1359 1006 1527 1037 vendiderit
1545 1008 1700 1046 quispiam
1721 1008 1821 1047 filiam
1844 1019 1932 1040 suam
1955 1009 1988 1040 in
2010 1020 2064 1040 an-

1103 1048 1214 1085 cillam,
1252 1058 1309 1078 non
1346 1049 1515 1085 eqredietnr
1551 1050 1801 1088 quemadmodum
1835 1053 1937 1092 eyredi
1970 1052 2064 1083 solent

1103 1092 1191 1122 servi.
1227 1091 1254 1122 8.
1277 1091 1312 1121 Si
1333 1091 1524 1130 displicuerit
1543 1092 1612 1123 haro
1634 1102 1698 1126 sno,
1722 1103 1773 1123 nec
1791 1094 1850 1124 sibi
1870 1095 2064 1133 desponderit

1104 1144 1185 1169 eam,
1214 1134 1424 1164 redimendam
1453 1134 1587 1164 curabit:
1605 1135 1722 1173 populo
1744 1136 1842 1166 alieno
1865 1147 1925 1168 non
1947 1137 2064 1168 habebit

1098 1179 1276 1215 potestatem
1298 1176 1444 1206 vendendi
1463 1187 1539 1212 eam,
1559 1187 1652 1216 quum
1670 1179 1817 1216 spreverit
1834 1189 1908 1210 eam.
1933 1179 1962 1211 9.
1978 1180 2062 1218 Quod

1103 1219 1131 1248 si
1147 1219 1212 1257 filio
1230 1228 1284 1249 sno
1302 1219 1495 1258 desponderit
1514 1229 1589 1257 eam,
1608 1220 1772 1251 secundnm
1791 1231 1902 1252 rnorem
1922 1222 2064 1260 filiarum

1102 1262 1192 1299 faciet
1214 1262 1251 1291 ei.
1299 1261 1347 1292 10.
1375 1260 1410 1291 Si
1440 1261 1535 1292 aliam
1566 1263 1713 1300 acceperit
1735 1263 1803 1298 sibi,
1828 1264 2004 1295 alimentum
2027 1265 2062 1295 il-

1103 1304 1179 1334 lius.
1210 1304 1426 1342 operimentum
1448 1304 1554 1341 illius,
1585 1307 1611 1334 et
1632 1305 1872 1336 constitutionem
1894 1307 1980 1337 illius
2002 1317 2063 1338 non

1102 1347 1257 1377 diminuet.
1298 1346 1345 1376 11.
1369 1346 1455 1384 Quod
1472 1347 1501 1377 si
1523 1347 1586 1377 tria
1608 1347 1681 1378 baec
1702 1357 1762 1378 non
1782 1349 1885 1386 fecerit
1903 1349 1959 1387 illi,
1983 1359 2062 1389 cyre-

1102 1389 1201 1419 dietur
1221 1389 1320 1429 gyratis
1341 1388 1454 1428 absque
1476 1392 1607 1429 arqento.

1186 1474 1237 1504 Ex
1260 1473 1319 1504 hoc
1342 1473 1419 1512 loco,
1454 1474 1546 1504 sicuti
1572 1478 1603 1504 et
1627 1485 1666 1505 ex
1690 1475 1759 1505 aliis
1783 1475 1950 1513 similibus,
1974 1480 2063 1516 patet

1103 1526 1196 1556 quam
1219 1516 1323 1546 multa
1345 1517 1425 1546 vitia
1455 1517 1487 1546 in
1519 1517 1635 1556 populo
1664 1516 1718 1548 illo
1742 1518 1909 1549 toleranda
1931 1519 2061 1550 fuerint.

1102 1559 1238 1590 Liberos
1270 1558 1409 1589 vendere
1439 1563 1475 1589 ut
1505 1564 1613 1598 patres
1645 1559 1772 1600 inopiae
1795 1571 1871 1591 suae
1895 1571 2061 1593 succurre-

1102 1608 1190 1637 rent,
1226 1611 1356 1640 prorsus
1389 1601 1560 1632 barbarum
1595 1602 1675 1639 fuit,
1719 1613 1781 1634 non
1817 1604 1922 1643 potuit
1955 1610 2060 1635 tamen

1103 1644 1179 1675 illud
1214 1644 1328 1683 corrigi
1364 1648 1399 1674 ut
1431 1644 1606 1684 optandum
1642 1649 1718 1676 erat.
1765 1645 1889 1676 Deinde
1923 1648 2062 1677 sanctior

1103 1697 1171 1717 esse
1201 1686 1309 1717 debuit
1340 1686 1480 1726 coniugii
1510 1686 1605 1723 fides,
1636 1698 1729 1727 quam
1761 1692 1797 1718 ut
1820 1689 1954 1719 liberum
1978 1694 2062 1720 esset:

1104 1729 1240 1764 domino,
1265 1733 1433 1768 postquam
1457 1728 1515 1759 sibi
1540 1730 1689 1761 ancillam
1713 1730 1746 1761 in
1770 1741 1902 1762 uxorem
1927 1731 2063 1771 despon—

1103 1772 1201 1807 derat,
1227 1782 1293 1801 eam
1319 1771 1469 1802 abiicere:
1495 1772 1643 1803 similiter
1667 1783 1735 1803 eam
1761 1773 1813 1803 ubi
1837 1773 1902 1804 filio
1926 1773 2061 1814 despon-

1104 1816 1201 1847 derat,
1226 1815 1353 1844 irritum
1377 1814 1482 1844 facere
1505 1820 1650 1854 pactum,
1685 1816 1766 1854 quod
1792 1815 1975 1846 inviolabile
2003 1821 2060 1847 est.

1105 1858 1239 1896 Semper
1261 1856 1344 1886 enim
1369 1856 1478 1896 vigere
1502 1857 1610 1887 debuit
1633 1858 1822 1898 principium
1848 1858 1939 1888 illud:
1972 1859 2061 1898 Quos

1822 1901 1920 1940 Atqui
1944 1902 2059 1932 horum

1684 1996 1724 2016 ne
1758 1996 1828 2016 curn
1863 1986 1996 2017 infamia
2029 1991 2060 2018 et

1104 2028 1220 2058 damno
1248 2026 1406 2066 repulsam
1435 2027 1548 2057 ferant.
1604 2028 1675 2058 Etsi
1704 2033 1809 2059 autem
1840 2029 1870 2059 in
1901 2029 2061 2069 exigenda

1104 2080 1205 2110 poena
1228 2069 1391 2099 remissior
1413 2073 1461 2099 est
1486 2070 1590 2104 Deus,
1621 2075 1778 2110 quatenus
1809 2078 1914 2102 tamen
1938 2072 2061 2102 ferebat

1103 2113 1235 2143 durities
1254 2111 1371 2152 populi,
1391 2112 1570 2143 castitatem
1591 2113 1649 2143 sibi
1669 2113 1793 2153 placere
1816 2113 1963 2145 ostendit.
1988 2115 2059 2145 Pri-

1103 2166 1189 2185 mum
1226 2155 1301 2185 hero
1332 2164 1392 2184 non
1423 2155 1581 2193 permittit
1611 2155 1760 2187 ancillam
1790 2156 1890 2195 pretio
1918 2161 2058 2196 emptam

1102 2204 1263 2237 stuprare:
1287 2207 1399 2227 verum
1424 2197 1451 2227 si
1474 2197 1542 2228 eius
1567 2199 1736 2229 concubitu
1761 2199 1854 2238 potiri
1874 2204 1970 2238 optat,
1990 2199 2060 2230 vult

1102 2241 1285 2280 coniugium
1300 2239 1504 2270 intercedere.
1538 2239 1623 2281 [Etsi
1647 2241 1730 2271 enim
1756 2241 1882 2271 disertis
1902 2242 2008 2272 verbis
2027 2242 2059 2272 id

1102 2294 1163 2313 non
1185 2282 1330 2321 explicat,
1353 2293 1392 2312 ex
1412 2292 1448 2312 eo
1467 2287 1573 2313 tamen
1594 2282 1678 2322 quod
1698 2284 1837 2319 damnat,
1861 2286 2058 2315 contrarium

1102 2326 1227 2366 probari
1251 2323 1400 2364 colligere
1422 2324 1519 2367 licet]¹
1565 2325 1636 2364 Quo
1660 2325 1814 2356 refellitur
1837 2336 1949 2357 eorum
1972 2337 2058 2358 com-

1102 2374 1245 2398 mentum
1277 2367 1329 2405 qui
1361 2368 1586 2398 scortationem
1623 2368 1682 2399 sub
1712 2368 1782 2407 lege
1812 2368 1931 2399 licitam
1960 2370 2058 2401 fuisse

1102 2411 1224 2441 volunt.
1278 2408 1341 2439 Sed
1368 2410 1467 2440 verba
1492 2416 1623 2450 propter
1653 2410 1895 2450 ambiguitatem
1929 2413 2058 2452 propius

1101 2451 1290 2483 excutienda
1314 2456 1397 2482 sunt.
1437 2452 1546 2483 Primo
1570 2452 1755 2483 sublevatur
1778 2463 1881 2488 sexus,
1906 2459 1941 2485 ut
1962 2455 2058 2495 paulo

1074 2495 1075 2498 ’
1101 2495 1270 2526 humanior
1299 2494 1340 2524 sit-
1368 2494 1492 2533 puellae
1521 2506 1615 2535 quam
1637 2495 1770 2525 masculi
1801 2496 1953 2528 conditio:
1984 2498 2058 2538 quia

1074 2576 1075 2580 Ἰ
1101 2538 1216 2577 alioqui
1242 2536 1443 2567 imbecillitas
1472 2538 1598 2568 iniuriis
1617 2543 1646 2568 et
1667 2538 1791 2576 probris
1810 2538 1963 2570 obnoxias
1986 2541 2057 2571 red-

1102 2581 1198 2611 deret.
1223 2579 1376 2617 Sequitur
1399 2578 1513 2610 deinde
1537 2580 1705 2619 explicatio
1729 2580 1759 2609 in
1785 2591 1845 2620 qua
1868 2586 1976 2613 tamen
2000 2594 2055 2614 va-

1103 2623 1187 2653 riant
1214 2622 1412 2660 interpretes.
1439 2622 1519 2652 Nam
1544 2622 1733 2661 particulam
1758 2615 1799 2654 ΝΒ
1828 2634 1907 2663 quae
1931 2626 2056 2665 proprie
