2304 3034
134 216 197 247 425

134 310 201 342 ναῖε
227 309 352 347 iudicii,
382 319 469 349 opere
491 307 704 348 phryyionico:
731 306 810 337 sicut
832 316 908 345 opus
930 305 1024 345 ephod
1044 306 1094 345 fa-

134 353 194 383 cies
216 352 295 384 illud
305 378 310 390 ,
334 362 371 383 ea*
393 362 486 389 auro,
511 354 537 382 et
557 349 731 389 hyacintho,
756 351 782 379 et
799 358 955 387 purpura,
978 351 1006 380 et
1028 359 1093 379 ver-

133 395 244 426 miculo
266 395 356 433 cocci,
379 397 406 425 et
426 394 512 433 bysso
534 394 653 423 retorta.
700 391 748 422 16.
776 391 968 430 Quadratum
989 392 1047 421 crit
1069 394 1095 421 et

133 438 338 476 duplicatum.-
354 436 481 476 palmus
503 435 560 466 erit
581 434 736 474 lonyitudo
758 434 841 464 eius:
863 436 889 464 et
903 433 1034 472 palmus
1052 433 1095 464 la-

134 480 230 510 titudo
248 481 322 511 eius.
358 479 406 509 17.
424 478 468 509 Et
492 476 629 515 implebis
652 477 685 506 in
704 486 735 507 eo
758 475 931 514 impletione
955 476 1095 515 lapidum

133 525 264 561 quatuor
300 521 421 553 ordines
456 520 613 559 lapidum:
647 519 721 550 ordo
755 519 814 550 erit
841 519 927 549 talis:
955 519 1093 555 sardius,

134 565 280 604 topazius,
305 566 332 595 et
353 562 562 599 carbunculus,
585 561 658 592 ordo
674 562 810 600 primus.
847 561 895 592 18.
923 561 1005 592 Ordo
1026 571 1094 592 vero

133 607 298 638 sccundus.-
320 605 512 645 smaragdus,
534 603 713 643 sapphirus,
736 606 764 634 et
785 604 894 642 iaspis.
937 603 984 634 19.
1012 603 1094 634 Ordo

126 653 287 688 praeterea
317 648 437 679 tertius:
471 647 643 686 lyncurius,
677 646 813 683 achates,
842 649 869 677 et
898 646 1091 686 amethystus.

133 692 182 723 20.
211 692 363 722 Postremo
382 690 455 720 ordo
474 692 619 728 quartus.-
640 688 850 728 chrysolithus,
869 688 1044 728 onychinus,
1068 690 1094 719 ct

132 734 274 766 berillus:
303 732 454 764 constricti
480 742 557 763 auro
585 734 672 762 erunt
696 732 729 762 in
744 731 992 771 plenitudinibus
1014 731 1090 762 suis.

133 777 182 807 21.
214 776 313 807 Porro
343 775 462 813 lapides
491 774 538 805 illi
567 777 656 805 erunt
686 775 773 804 iuxta
803 775 927 804 nomina
954 774 1092 812 filiorum

134 818 251 856 Israel,
280 817 453 857 duodecim,
477 817 641 848 secundum
665 817 788 848 nomina
811 817 966 855 ipsorum,
990 815 1091 855 sculp-

132 862 212 892 turis
234 860 343 891 annuli
364 860 480 898 sin-auli
505 860 591 891 iuxta
614 869 718 890 nomen
742 869 847 895 suum,
871 862 958 890 erunt
980 859 1090 890 duode-

131 905 189 935 cim
217 903 364 933 tribubus.
409 903 459 933 22.
486 902 595 933 Facies
623 905 648 931 ct
669 903 703 932 in
717 902 866 940 pectorali
887 904 1010 933 catenas
1032 904 1090 931 ter-

131 946 209 977 mini
238 956 325 984 opere
348 945 467 984 plectili
495 955 531 975 cx
560 955 636 976 auro
664 955 751 983 puin.
794 945 842 975 23.
868 944 979 975 Facies
1000 944 1092 974 etiam

130 989 165 1019 in
181 988 329 1028 pectorali
351 988 428 1018 duos
451 987 582 1018 annulos
604 997 728 1024 aureos,
753 990 779 1017 et
804 988 872 1018 illos
893 987 969 1018 duos
992 996 1091 1017 annu-

129 1031 174 1062 los
186 1041 282 1070 pones
300 1031 334 1061 in
351 1030 471 1061 duabus
495 1029 734 1060 eoetrenzilatibus
750 1030 922 1069 pectoralis.
958 1028 1007 1060 24.
1035 1028 1091 1059 Po-

130 1084 183 1104 nes
212 1074 281 1104 item
310 1073 390 1104 duas
417 1075 537 1103 catenas
567 1082 680 1102 aureas
704 1073 736 1102 in
767 1072 884 1103 duobus
912 1072 1036 1103 annulis
1059 1072 1092 1102 in

130 1115 372 1147 extremitatibus
400 1115 572 1154 pectoralis.
625 1114 674 1145 25.
706 1114 749 1145 Et
781 1115 861 1146 daus
888 1115 1092 1145 extremitates

130 1158 264 1189 sticarum
293 1161 468 1189 catenarum
496 1157 611 1188 inseres
633 1156 753 1188 duabus
772 1158 871 1196 palis,
896 1160 921 1188 et
938 1167 1036 1196 pones
1061 1157 1092 1187 in

129 1201 274 1231 lateribus
303 1200 399 1240 ephod
428 1211 447 1230 a
472 1200 572 1238 fronte
601 1201 710 1239 ipsius.
755 1200 805 1231 26.
830 1200 940 1231 Facies
968 1202 994 1230 et
1016 1200 1093 1230 duos

127 1244 257 1274 annulos
287 1253 410 1280 aurcoS,
441 1253 516 1281 quos
538 1252 633 1282 pones
655 1243 687 1273 in
710 1243 829 1273 duabus
852 1242 1091 1273 extremitatibus

125 1286 226 1325 ipsius
239 1285 407 1324 pectoralis
426 1285 456 1315 in
476 1296 531 1316 ora
555 1286 630 1321 eius,
654 1296 731 1324 quae
753 1288 795 1316 est
818 1286 850 1316 in
875 1286 967 1316 latere
990 1285 1091 1324 ipsius

125 1328 220 1367 ephod
252 1328 441 1359 intrinsecus.
487 1328 536 1358 27.
562 1327 674 1359 Facies
702 1328 772 1358 item
795 1328 871 1359 dicos
893 1329 970 1359 alios
993 1338 1090 1358 annu-

126 1371 171 1402 los
184 1381 301 1408 aureos,
320 1381 395 1410 quos
407 1381 503 1409 pones
523 1371 555 1401 in
573 1371 692 1401 duobus
710 1370 856 1402 lateribus
876 1371 978 1410 ipsius
996 1369 1091 1408 ephod

125 1414 244 1453 inferne
280 1423 300 1443 a
327 1413 429 1452 fronte
458 1414 537 1451 eIus,
573 1424 588 1444 e
617 1413 737 1453 reyiom¹
764 1414 983 1444 coniunctionis
1013 1413 1088 1450 eius,

125 1466 225 1494 supra
252 1455 403 1486 baltheum
424 1455 527 1494 ephod.
572 1456 622 1486 28.
646 1455 697 1486 Ita
723 1457 843 1495 iunyent
859 1456 1013 1494 pectorale
1035 1466 1090 1486 an-

126 1498 210 1529 nulis
239 1499 306 1529 suis
335 1499 376 1529 ad
405 1498 535 1529 annulos
565 1499 664 1537 ipsius
694 1498 788 1537 ephod
807 1499 860 1536 filo
883 1498 1088 1538 hyacinthino,

126 1551 222 1580 supra
253 1541 403 1571 baltheum
430 1541 531 1580 ipsius
553 1541 663 1580 ephod,
695 1552 789 1580 neque
811 1544 971 1581 separetur
988 1544 1088 1581 pecto-

126 1584 192 1615 rale
214 1583 252 1614 ab
275 1583 376 1622 ephod.
422 1583 471 1614 29.
499 1584 607 1622 Itaque
627 1584 704 1622 feret
725 1584 855 1614 Ahar-on
879 1584 1003 1614 nomina
1024 1584 1087 1622 fili-

125 1636 212 1657 orum
246 1625 347 1657 Israel
388 1627 418 1656 z'n
446 1626 596 1665 pectorali
630 1626 741 1657 iudicii
773 1637 870 1665 supra
905 1636 955 1657 cor
988 1636 1088 1663 suum,

125 1669 249 1708 quando
278 1668 466 1709 inyreclietur
493 1669 527 1699 in
549 1670 765 1700 sanctuarium
788 1670 821 1700 in
843 1670 1022 1700 memoriam
1045 1679 1089 1700 co-

125 1722 195 1742 ram
225 1711 337 1742 Iehova
366 1712 486 1751 iuyiter.
537 1711 586 1742 30.
622 1712 721 1743 Poncs
754 1714 853 1742 autem
885 1713 914 1742 in
939 1711 1089 1751 pectorali

124 1754 236 1784 iudicii
267 1752 354 1785 l'rini
377 1757 403 1784 et
425 1754 611 1791 Thummim,
634 1757 667 1785 ut
689 1755 751 1785 sint
771 1765 864 1794 super
886 1765 936 1785 cor
960 1754 1090 1785 Aharon

123 1797 245 1836 quando
268 1796 459 1835 inqredietur
480 1807 584 1828 coram
604 1797 731 1828 Ieliova:
752 1797 936 1837 ycstubitque
960 1797 1091 1827 Aharon

124 1839 274 1871 iudicium
303 1839 442 1878 filiorum
466 1839 570 1870 Israel
601 1850 695 1878 super
722 1850 772 1870 cor
800 1850 890 1871 suum
914 1850 1015 1871 corum
1040 1839 1089 1870 Ie-

125 1882 201 1912 hova
230 1892 356 1922 semper.
402 1882 452 1912 31.
475 1882 586 1913 Facies
608 1885 633 1913 et
649 1882 786 1921 pallium
809 1884 912 1921 ipsius
935 1882 1029 1922 ephod
1052 1885 1091 1911 to-

124 1927 187 1955 tum
211 1935 248 1955 esc
267 1924 435 1964 hyacintho.
482 1925 530 1956 32.
554 1925 597 1955 Et
619 1926 676 1956 erit
697 1926 837 1965 foramen
861 1936 998 1956 summac
1014 1935 1090 1965 par-

125 1967 166 1997 tis
189 1967 255 1998 eius
276 1968 310 1998 in
333 1968 430 1999 medio
454 1969 536 1998 eius:
554 1967 675 1998 labrum
694 1969 752 1999 erit
772 1969 922 2007 foramini
946 1969 1034 1999 villius
1056 1969 1090 1998 in

124 2010 253 2041 circuitu
282 2020 369 2048 opere
397 2011 536 2047 textoris,
564 2011 642 2041 sicut
668 2012 806 2050 foramen
836 2011 949 2042 loricae
972 2011 1031 2041 erit
1052 2011 1089 2048 ei,

124 2062 161 2083 ne
190 2055 364 2091 rumpatur.
410 2053 460 2084 33.
493 2053 604 2084 Facies
632 2056 658 2083 et
688 2054 720 2084 in
748 2054 882 2092 fimbriis
903 2054 970 2084 cius
993 2053 1088 2084 mulo-

124 2097 255 2134 yranata
285 2105 322 2125 ea*
345 2096 512 2135 hyacintho,
537 2099 563 2126 ct
580 2107 736 2135 purpura,
761 2099 787 2127 ct
810 2097 974 2127 vermiculo
997 2096 1089 2127 cocci.-

126 2137 158 2167 in
180 2137 327 2176 fimbriiS,
359 2139 501 2177 inquam,
531 2139 597 2169 eius
614 2149 675 2178 prr
696 2140 871 2175 circuitum,
895 2142 921 2170 et
943 2140 1090 2169 tintinna-

128 2178 199 2210 bula
211 2190 306 2211 aurea
319 2181 353 2211 in
372 2182 470 2212 medio
483 2192 543 2220 per
561 2182 731 2212 circuitum.
768 2182 817 2212 34.
835 2181 1091 2212 Tintinnabulum

129 2231 255 2253 aureum
269 2233 365 2254 unum
384 2226 410 2254 et
428 2224 682 2263 maloyranatum.
703 2224 941 2255 tintinnabulum
960 2234 1090 2255 aureum

130 2263 255 2295 alterum
274 2268 301 2296 et
318 2267 565 2306 ncaloyranatum
583 2268 617 2298 in
637 2267 770 2306 fimbriis
786 2268 883 2306 pallii
898 2278 958 2306 per
980 2267 1089 2298 circui-

130 2307 202 2336 tum.
246 2307 294 2338 35.
326 2308 398 2339 Erit
427 2312 527 2339 autem
552 2309 682 2340 Aharon
710 2310 751 2341 ad
778 2310 1036 2347 ministrandum,
1066 2311 1092 2340 et

130 2348 273 2379 audietur
301 2360 392 2382 sonus
421 2352 488 2382 cius
517 2353 640 2390 quando
662 2352 853 2392 inyreclictur
875 2353 1090 2383 sanctuarium

130 2399 231 2420 coram
253 2391 378 2438 Iehova‚
401 2397 426 2424 et
448 2395 568 2433 quando
591 2395 775 2435 eyrcdietur:
806 2398 831 2426 et
854 2406 912 2426 non
934 2396 1090 2426 morietur.

131 2432 181 2479 36.
207 2432 315 2464 Facies
337 2435 462 2475 insuper
482 2437 633 2468 laminam
656 2447 692 2468 ea·
714 2448 791 2468 auro
809 2448 899 2477 puro,
924 2441 949 2469 ct
973 2438 1092 2476 sculpes

130 2484 162 2504 in
204 2485 239 2505 ea
275 2476 439 2516 sculpturis
478 2480 596 2511 annuli.
656 2480 811 2511 Sanctitas
850 2481 912 2519 ipsi
954 2480 1089 2511 Iehorae.

130 2516 182 2547 37.
198 2518 306 2564 ‘Quam
324 2520 420 2556 p'ones
442 2522 475 2552 in
495 2523 546 2560 fllo
570 2522 773 2562 hyacinthino,
797 2524 912 2562 eritque
933 2533 1027 2561 super
1049 2523 1091 2554 ci-

130 2559 248 2597 darim,
282 2570 317 2590 ez
346 2562 472 2594 adverso
496 2564 590 2602 faciei
619 2566 737 2596 cidaris
766 2567 831 2596 erit.
885 2566 933 2597 38.
965 2565 1007 2596 Et
1034 2566 1092 2596 erit

129 2611 229 2649 supra
253 2602 382 2649 frontem
404 2604 548 2643 Aharon,
576 2608 710 2647 feretque
737 2608 866 2639 Aharon
896 2609 1092 2647 iniquitatem

130 2644 402 2683 sanctificationum
421 2656 497 2684 quas
519 2650 748 2689 sanctificabunt
767 2651 827 2690 filii
851 2651 953 2683 Israel
974 2651 1006 2682 in
1030 2661 1090 2681 om-

828 212 1080 245 SECUNDUM
1102 213 1422 246 PRAEOEP'JJUM.

2045 216 2108 246 426

1147 307 1236 338 nibus
1248 307 1427 339 muneribus
1444 308 1718 347 sanctificationum
1736 318 1883 339 suarum:
1902 309 1959 339 crit
1977 308 2105 348 inquam

1145 359 1243 388 supra
1272 352 1400 389 frontem
1423 351 1491 381 eius
1513 351 1624 391 iuyitcr
1645 351 1678 382 in
1701 350 1917 390 beneplacitum
1939 351 1983 382 eis
2004 361 2106 382 coram

1146 391 1264 423 Iehora.
1299 392 1349 423 39.
1370 392 1413 423 Et
1428 393 1525 432 facies
1543 404 1628 432 opere
1649 393 1768 425 ocellato
1786 394 1921 424 tunicam
1939 393 2104 433 byssinam,

1143 434 1239 473 facies
1261 435 1331 465 itcm
1354 436 1486 466 cidarim
1510 435 1674 475 byssinam,
1696 435 1851 476 cinyulum
1874 446 1989 475 quoque
2008 436 2106 475 facies

1145 486 1233 515 opere
1261 477 1466 517 phryyionico.
1517 478 1566 509 40.
1598 478 1695 509 Filiis
1723 481 1823 509 autem
1852 478 1982 509 Aharon
2008 478 2105 518 facies

1146 519 1277 556 tunicas,
1299 520 1395 559 facies
1417 531 1532 559 quoque
1554 521 1619 552 illis
1637 521 1760 561 cinyula
1783 523 1809 550 et
1825 520 1926 559 pileos
1948 521 1988 552 ad
2008 521 2103 561 ylori-

1146 572 1197 592 am
1224 564 1250 592 et
1277 562 1419 594 decorem.
1464 563 1514 593 41.
1539 563 1581 594 Et
1610 564 1717 595 vesties
1738 563 1803 594 ¹illis
1825 563 1955 594 Aharon
1975 563 2105 602 fratrem

1144 606 1239 641 tuum,
1263 607 1289 634 et
1309 604 1390 643 filios
1410 606 1477 636 cius
1497 616 1564 636 cum
1586 606 1647 643 illo,
1671 609 1759 644 atquc
1780 616 1873 645 unyes
1895 605 1979 636 illos:
2000 606 2104 644 imple-

1144 646 1249 685 bis-que
1266 657 1393 677 manum
1411 658 1523 685 eorum,
1542 651 1568 679 et
1585 648 1791 687 sanctificabis
1809 658 1866 684 eos,
1887 650 1919 678 ut
1937 649 2104 679 sacerdotio

1142 688 1312 728 funyantur
1334 690 1419 721 mihi.
1465 690 1514 721 42.
1547 691 1612 722 Fac
1640 692 1684 722 cis
1714 694 1741 721 et
1766 690 1929 730 feminalia
1959 691 2040 722 linea
2062 691 2104 721 ad

1144 732 1301 770 teyendam
1335 742 1455 763 carnem
1487 733 1705 772 turpitudinis:
1739 743 1758 764 a
1792 733 1902 764 lumbis
1935 743 2029 772 usque
2063 733 2104 764 ad

1142 773 1261 812 femora
1283 777 1378 805 erunt.
1423 775 1473 806 43.
1498 775 1660 815 Eruntque
1688 785 1782 814 super
1803 776 1932 806 Aharon
1962 778 1988 806 et
2010 785 2103 814 super

1141 815 1224 854 filios
1247 817 1314 847 cius
1336 818 1457 856 quando
1489 818 1696 858 inyrcdientur
1724 818 1952 849 tabernaculum
1982 828 2102 849 conven-

1144 859 1245 895 tionis,
1269 862 1322 889 aut
1344 870 1437 898 quum
1466 861 1602 891 accedent
1630 861 1671 891 ad
1700 861 1798 892 altare
1820 863 1853 891 ut
1873 861 2047 891 ministrent
2069 861 2103 891 in

1142 903 1336 932 sanctuario:
1358 905 1384 932 et
1402 913 1459 933 non
1477 903 1572 941 ferent
1591 904 1789 942 iniquitatem,
1808 913 1902 942 neque
1922 903 2101 934 morientur.

1145 943 1299 974 Statutum
1316 947 1499 984 perpetuum
1521 945 1570 976 illi
1592 949 1618 976 et
1638 946 1747 977 semini
1769 946 1836 977 eius
1852 948 1922 985 post
1943 956 2020 976 eum.

1229 1028 1322 1060 Nunc
1346 1029 1569 1061 descendimus
1592 1029 1631 1061 ad
1654 1030 1826 1061 secundam
1850 1034 1975 1070 partem
1997 1030 2102 1061 cultus

1144 1071 1269 1111 legalis,
1306 1082 1420 1112 nempe
1449 1072 1488 1103 ad
1523 1073 1742 1104 sacerdotium.
1796 1073 1984 1103 Tenendum
2016 1073 2102 1103 enim

1143 1114 1295 1144 memoria
1330 1115 1412 1154 quod
1455 1115 1609 1153 diximus,
1650 1116 1711 1146 triu
1751 1115 1983 1146 consideranda
2022 1126 2102 1152 esse,

1143 1157 1405 1193 tabernaculum,
1437 1168 1553 1188 munus
1586 1158 1798 1195 sacerdotale,
1833 1162 1864 1189 et
1897 1158 2100 1189 sacrificium.

1144 1200 1187 1229 Et
1211 1205 1296 1229 totus
1319 1199 1445 1239 quidem
1469 1200 1618 1239 splendor
1642 1200 1853 1238 tabernaculi,
1888 1200 1925 1231 dc
1949 1210 2011 1240 quo
2036 1200 2100 1231 dis—

1143 1242 1321 1277 seruimus,
1346 1242 1451 1273 inanis
1474 1242 1590 1274 fuisset
1613 1253 1727 1283 pompa
1750 1243 1818 1273 sine
1842 1242 2020 1279 sacerdote,
2046 1243 2099 1282 qui

1143 1285 1188 1316 sic
1212 1284 1335 1315 medius
1366 1285 1560 1319 intercessit.
1594 1292 1627 1316 ut
1652 1286 1754 1316 Deum
1784 1285 1966 1316 hominibus
1990 1296 2100 1316 recon-

1143 1327 1273 1364 cilians,
1311 1327 1434 1358 coelum
1476 1328 1706 1367 quodammodo
1743 1332 1847 1358 terrae
1883 1329 2099 1368 coniungeret.

1143 1370 1245 1401 Porro
1270 1370 1450 1401 sacerdotes
1473 1371 1615 1402 leviticos
1634 1377 1775 1411 gestasse
1788 1370 1910 1401 Christi
1930 1380 2100 1410 personam

1143 1413 1275 1443 minime
1313 1412 1444 1443 dubium
1479 1418 1541 1444 est:
1576 1414 1649 1453 quia
1682 1413 1824 1444 muneris
1859 1413 1907 1443 sui
1941 1420 2099 1453 respectu,

1143 1455 1266 1495 angelis
1297 1465 1421 1495 quoque
1453 1456 1529 1495 ipsis
1560 1457 1687 1486 fuerunt
1715 1456 1982 1496 praestantiores:
2016 1454 2101 1495 quod

1142 1498 1276 1528 minime
1311 1498 1496 1538 quadraret,
1536 1499 1595 1529 nisi
1629 1499 1734 1538 imago
1769 1499 1837 1529 eius
1875 1498 2012 1528 fuissent
2045 1497 2099 1537 qui

1142 1541 1329 1580 angelorum
1360 1541 1427 1580 ipse
1458 1545 1506 1571 cst
1535 1546 1639 1581 caput.
1691 1541 1838 1571 Fuerunt
1868 1541 1995 1580 quidem
2027 1550 2098 1580 pro-

1141 1584 1223 1614 fanis
1247 1583 1398 1623 gentibus
1422 1594 1583 1614 sacrorum
1608 1584 1782 1620 antistites,
1813 1582 1868 1614 sed
1891 1588 2016 1614 tantum
2041 1582 2098 1613 fal-

1142 1626 1227 1657 laces
1247 1627 1370 1657 larvae:
1394 1626 1468 1665 quin
1487 1626 1575 1657 nulla
1596 1626 1660 1657 illic
1680 1626 1862 1656 mediatoris
1882 1625 1942 1656 fuit
1961 1625 2097 1656 mentio:

1143 1674 1175 1700 ut
1207 1669 1303 1700 sciret
1334 1668 1470 1708 populus
1501 1680 1563 1699 non
1592 1669 1684 1699 aliter
1714 1669 1773 1698 rite
1807 1668 1890 1698 litari
1922 1667 2007 1705 Deo,
2042 1677 2099 1699 nee

1144 1712 1237 1742 aliter
1260 1722 1369 1751 preces
1393 1711 1431 1742 ab
1455 1722 1491 1742 co
1515 1711 1659 1742 exaudiri
1684 1711 1744 1741 nisi
1768 1711 1951 1750 pacificator
1975 1709 2099 1741 medius

1143 1754 1364 1785 interveniret.
1410 1754 1545 1785 Levitici
1580 1758 1686 1784 autem
1716 1753 1884 1784 sacerdotii
1911 1753 2006 1793 longe
2037 1752 2100 1783 alia

1143 1798 1238 1828 ratio:
1275 1797 1349 1836 quia
1383 1796 1486 1828 edocti
1516 1797 1646 1827 fuerunt
1676 1796 1854 1833 Isi-aelirum
1888 1795 2039 1835 indignos
2067 1805 2100 1826 se

1143 1850 1212 1871 esse
1240 1850 1352 1870 omnes
1382 1840 1435 1879 qui
1460 1850 1494 1870 se
1522 1850 1626 1870 eoram
1651 1838 1721 1869 Deo
1744 1839 1909 1876 sisterent,
1941 1844 2034 1877 atque
2056 1837 2101 1868 ita

1141 1883 1354 1914 intercessore
1373 1892 1452 1921 opus
1472 1893 1540 1912 esse
1559 1882 1612 1921 qui
1626 1881 1729 1912 Deum
1744 1881 1892 1920 placaret.
1917 1880 1987 1911 Iam
2001 1890 2101 1920 quum

1142 1925 1303 1965 generalis
1326 1925 1437 1965 regula
1457 1924 1574 1955 traditu
1592 1929 1683 1961 esset,
1707 1924 1814 1954 omnia
1833 1923 1919 1963 exigi
1939 1927 1969 1953 et
1989 1922 2102 1953 referri

1143 1968 1258 1998 debere
1282 1967 1320 1998 ad
1345 1968 1509 2007 exemplar
1532 1967 1613 2007 quod
1638 1967 1720 1997 Mosi
1750 1971 1915 1997 ostensum
1939 1965 2045 1996 fuerat
2067 1965 2100 1995 in

1142 2015 1266 2047 monte,
1296 2010 1392 2041 altius
1423 2010 1523 2040 attolli
1553 2010 1693 2049 oportuit
1717 2019 1824 2039 eorum
1850 2013 1985 2045 mentes,
2017 2007 2101 2047 quod

1142 2054 1239 2083 etiam
1252 2053 1365 2084 multis
1378 2053 1555 2083 rationibus
1576 2052 1724 2092 colligere
1743 2051 1834 2082 facile
1854 2055 1930 2081 erat.
1962 2050 2101 2081 Videbat

1142 2101 1243 2126 totum
1269 2096 1387 2135 vulgus
1412 2095 1571 2126 hominem
1597 2094 1654 2125 sibi
1680 2094 1831 2131 similem,
1862 2093 1916 2132 qui
1947 2093 1978 2123 in
2009 2103 2101 2124 sanc-

1142 2139 1281 2169 tuarium
1296 2138 1420 2178 ingredi
1442 2149 1501 2168 non
1523 2142 1626 2177 posset
1646 2137 1775 2176 propriu
1794 2135 1977 2166 innocentia
1989 2135 2100 2172 frctus,

1142 2186 1174 2211 et.
1197 2182 1288 2212 cuius
1312 2181 1452 2221 dignitas
1476 2186 1544 2211 erat
1566 2181 1599 2210 in
1630 2179 1723 2210 rebus
1753 2178 1954 2215 adventitiis,
1985 2188 2101 2217 nempe

1142 2225 1294 2255 unctione
1318 2229 1350 2254 et
1374 2224 1500 2254 vestitu.
1547 2223 1619 2253 Non
1642 2222 1740 2262 igitur
1764 2221 1828 2252 illio
1851 2221 1977 2252 lucebat
1999 2220 2101 2251 solida

1143 2267 1279 2304 veritas,
1307 2266 1362 2297 sed
1385 2267 1488 2306 figura
1513 2268 1638 2296 tantum
1662 2276 1741 2304 quae
1765 2264 1803 2294 ad
1828 2263 1999 2294 veritatem
2023 2262 2101 2293 diri-

1143 2316 1248 2349 geret:
1275 2309 1313 2339 de
1337 2320 1398 2348 qua
1423 2308 1506 2339 haud
1531 2307 1625 2338 dubie
1648 2307 1804 2338 admoniti
1828 2306 1975 2342 fuerunt,
2004 2315 2043 2335 ne
2067 2306 2101 2335 in

1143 2352 1239 2383 rebus
1270 2352 1406 2382 terrenis
1435 2350 1656 2382 subsisterent.
1701 2349 1864 2379 Atliuucta
1893 2348 1953 2378 fuit
1987 2347 2101 2378 deinde

1143 2395 1383 2435 interpretatio:
1416 2394 1488 2433 quia
1509 2392 1557 2434 (ut
1579 2393 1655 2423 scite
1680 2392 1771 2423 docet
1793 2391 1954 2430 apostolus
1977 2390 2011 2420 in
2035 2390 2101 2430 epi-

1143 2438 1225 2468 stola
1248 2437 1287 2467 ad
1312 2437 1477 2467 Hebraeos
1502 2435 1545 2477 [7,
1571 2434 1639 2476 18])
1663 2446 1725 2465 nou
1748 2438 1847 2464 staret
1872 2432 2039 2473 promissio
2063 2431 2101 2463 de

1143 2480 1307 2511 sacerdote
1331 2479 1460 2510 tandem
1484 2478 1622 2510 creando
1645 2477 1819 2508 secundum
1850 2475 1994 2506 ordinem
2021 2475 2101 2505 Mel-

1143 2522 1328 2559 chisedech,
1361 2522 1421 2552 nisi
1453 2521 1491 2551 ad
1516 2520 1680 2552 Christum
1705 2518 1972 2550 accommodetur.
2016 2517 2100 2554 Nam

1143 2570 1229 2596 corte
1253 2566 1415 2596 confertur
1439 2564 1502 2594 illic
1529 2574 1584 2602 per
1611 2561 1785 2593 antithesin
1813 2561 1978 2592 leviticum
1998 2570 2100 2591 sacer-

1144 2608 1266 2638 dotium
1276 2618 1346 2638 cum
1361 2608 1460 2638 altero
1475 2605 1607 2636 diverso
1635 2604 1744 2643 Quum
1758 2604 1818 2635 hoc
1831 2608 1997 2634 aeternum
2011 2613 2102 2634 voca-

1143 2655 1210 2689 tur,
1235 2650 1379 2690 sequitur
1402 2648 1479 2680 illud
1503 2659 1570 2679 esse
1595 2647 1792 2687 temporales
1813 2656 1911 2686 quum
1935 2645 1994 2677 hoe
2017 2645 2102 2676 iure-
