2304 3034
198 216 262 247 447

200 315 369 340 externum
401 305 513 345 legalis
544 304 604 335 olei
635 314 728 335 usum
758 314 902 336 cessasse
930 305 1047 337 docuit⁴
1093 306 1165 345 Quo

199 353 303 392 magis
332 347 471 388 insipida
498 347 559 378 fuit
588 346 774 386 superstitio
797 352 943 387 papatus,
967 349 1044 379 dum
1068 350 1166 380 saeri-

200 396 286 429 ficos,
315 392 438 427 altaria,
470 396 501 420 et
531 389 672 429 reliquas
702 400 806 430 nugas
836 390 999 430 ungendo,
1028 391 1165 423 Iudaeos

199 436 313 468 imitati
344 438 435 465 sunt:
466 443 502 464 ac
533 433 558 463 si
588 432 757 463 Christum
793 433 913 464 vellent
946 434 1065 464 iterum
1099 435 1166 466 suis

199 478 374 519 unguentis
392 476 537 516 sepelire.
561 475 648 513 Ergo
668 480 887 507 commentum
909 476 990 507 illud
1010 481 1165 517 tanquam

199 521 390 561 sacrilegum
405 519 610 555 detestemur,
627 518 710 558 quod
724 526 825 549 motas
838 529 856 549 a
868 518 939 550 Deo
951 520 1166 560 praescriptas

198 564 323 595 evertit.
366 562 467 592 Porro
491 566 526 591 ut
549 561 741 601 mysterium
766 561 825 592 hoc
852 562 937 592 iusta
961 564 1166 594 veneratione

196 607 386 642 observent,
423 608 511 635 vetat
539 604 609 634 fieri
642 604 747 635 simile
777 611 992 645 unguentum.
1038 604 1166 637 Scimus

197 651 282 680 inter
314 648 440 679 delitias
471 647 552 677 lauti
583 647 724 678 convivii
753 652 831 678 tunc
862 648 960 678 fuisse
987 654 1164 688 unguenta.

197 692 235 724 Si
258 692 318 723 hoc
342 701 444 731 genus
463 694 629 730 usurpent,
652 690 832 729 profanatio
852 694 1012 722 censetur.
1047 691 1090 722 Et
1109 702 1165 722 no-

198 734 297 766 tanda
321 740 400 765 ratio
424 738 484 764 est:
516 732 561 763 Ut
584 737 735 763 sanctum
758 733 823 763 illis
847 734 890 764 sit
912 733 995 773 quod
1019 738 1166 764 sanetum

199 784 257 815 est,
281 778 340 808 hoc
364 781 421 811 est=
455 780 491 806 ut
514 780 704 806 reverenter
726 776 833 806 colant
855 775 938 815 quod
962 776 1167 816 peculiariter

199 820 339 851 dicatum
363 825 410 850 est
433 829 544 849 eorum
569 818 675 849 saluti.
704 818 787 849 Nam
812 820 871 850 etsi
896 828 988 849 saera
1010 819 1168 850 divinitus

199 864 349 894 instituta
374 872 500 901 semper
523 861 669 892 retinent
691 872 781 892 suam
807 866 969 898 naturam,
995 872 1053 893 nec
1080 862 1167 893 vitiis

199 907 320 938 nostris
344 905 393 935 vel
418 904 579 944 inquinari
605 904 654 935 vel
679 905 841 935 exinaniri
865 911 1013 944 possunt:
1044 915 1101 936 nos
1124 911 1169 936 ta-

199 960 273 980 men
305 948 452 979 sordibus
482 947 610 982 nostris,
642 947 769 987 impuro
799 947 900 979 abusu
931 947 982 978 vel
1009 948 1168 988 neglectu,

201 1003 238 1023 ea
260 998 415 1031 quantum
440 991 472 1021 in
497 990 590 1021 nobis
613 995 663 1021 est
685 990 871 1030 polluimus.

507 1161 571 1192 EX
596 1162 746 1193 LEVIT,
771 1161 867 1192 VIII.

288 1250 314 1279 1.
341 1248 559 1288 Loquutusque
582 1250 623 1279 est
645 1248 755 1279 deinde
778 1247 891 1279 Iclzova
914 1248 955 1278 ad
979 1246 1097 1287 Illosen,
1124 1248 1171 1279 cli-

200 1292 311 1324 cendo:
343 1292 371 1322 2
406 1291 489 1322 Tolle
521 1290 661 1328 Alimon,
690 1293 715 1321 et
742 1290 824 1329 filios
852 1291 920 1321 eius
948 1300 1018 1322 cum
1047 1290 1109 1328 illo,
1144 1293 1171 1321 et

199 1338 300 1373 vesus,
324 1337 348 1365 et
361 1334 457 1365 oleum
471 1334 632 1370 unctionis,
647 1336 672 1364 et
693 1334 853 1364 iuvencum
871 1333 1019 1371 sacrificii
1028 1343 1087 1372 pro
1102 1343 1171 1373 pec-

200 1381 281 1409 cato:
304 1380 331 1407 et
352 1377 430 1408 duos
453 1378 570 1413 arietes,
596 1379 622 1406 et
644 1377 816 1408 canistrum
836 1386 1024 1416 azymorum.
1059 1376 1086 1407 3.
1113 1377 1170 1407 At-

200 1432 257 1461 que
288 1430 405 1451 omnem
430 1423 544 1451 coetum
573 1430 723 1460 congressa
758 1420 800 1451 acl
835 1420 948 1451 ostium
983 1418 1172 1451 tabernaculi

200 1463 412 1495 conventionis.

287 1549 316 1580 2.
345 1548 431 1579 Tolle
454 1548 594 1580 Aharon.
634 1548 767 1579 Modum
792 1547 937 1588 ungendi
961 1552 993 1579 et
1016 1547 1172 1578 vestiendi

200 1592 384 1624 sacerdotes
404 1591 522 1623 clarius
541 1592 697 1631 exprimit
717 1602 736 1622 a
756 1591 815 1622 loci
835 1596 866 1621 et
887 1591 1019 1622 testium
1035 1591 1171 1622 circum-

201 1636 331 1666 stantia.
395 1635 491 1665 Iubet
523 1635 610 1665 enim
648 1634 817 1665 eeclesiam
852 1634 956 1665 edicto
992 1634 1097 1665 vocari
1132 1633 1172 1664 ad

203 1677 439 1709 sanctuarium:
470 1677 585 1708 deinde
615 1688 721 1708 coram
749 1677 805 1707 illa
828 1677 959 1717 produci
983 1677 1117 1708 Abaron
1141 1682 1172 1707 et

201 1722 269 1752 eius
300 1721 392 1758 filios,
421 1724 457 1751 ut
488 1721 557 1751 Deo
589 1726 702 1751 autore
732 1721 973 1760 inaugurentur
1003 1720 1043 1750 ad
1077 1729 1171 1751 suum

201 1774 330 1801 munus,
362 1769 394 1794 et
424 1768 512 1794 totus
541 1764 635 1794 simul
668 1764 803 1803 populus
835 1767 988 1803 agnoscat
1014 1762 1171 1793 divinitus

201 1813 326 1838 creatos
357 1817 426 1837 esse
455 1811 487 1837 et
516 1806 690 1837 ordinatos.
745 1806 837 1845 Quae
866 1817 931 1837 uno
953 1810 1107 1838 contextu
1131 1804 1171 1835 ad

201 1850 317 1880 Mosen
327 1849 446 1890 legitur
459 1849 605 1880 mandati
616 1850 818 1889 exsequutio,
828 1848 915 1880 haud
929 1849 1023 1880 dubie
1036 1848 1075 1879 ad
1085 1848 1171 1879 aliud

202 1898 331 1933 tempus
364 1893 523 1932 pertinet,
554 1903 671 1932 nempe
701 1903 764 1932 quo
796 1897 928 1932 peraeta
956 1897 1004 1923 est
1033 1891 1173 1923 solennis

202 1935 401 1966 tabernaculi
422 1935 588 1966 dedicatio.
617 1936 705 1976 Ergo
725 1935 809 1976 quod
829 1935 882 1966 hic
901 1935 1006 1966 alieno
1019 1934 1087 1965 loco
1099 1944 1173 1965 nar-

202 1986 301 2015 ratur,
332 1978 410 2009 illuc
439 1979 571 2010 relicere
601 1979 706 2009 visum
739 1984 803 2015 est,
837 1986 874 2009 ut
908 1982 1062 2018 perpetua
1095 1978 1174 2008 fluat

202 2020 356 2052 historiae
390 2022 506 2052 series:
542 2021 626 2061 quod
661 2021 701 2052 ad
735 2021 926 2053 facilitatem
960 2032 1025 2052 non
1059 2030 1172 2061 parum

203 2064 336 2095 iuvabit.

510 2235 573 2266 EX
598 2236 747 2267 LEVIT.
773 2235 869 2266 XXI.

291 2321 317 2351 1.
350 2321 393 2351 Ei
422 2321 505 2352 dixit
529 2321 642 2352 leliova
674 2321 714 2351 as?
739 2321 864 2352 Mosen:
888 2321 1054 2359 Alloquere
1075 2329 1173 2350 sacer-

203 2363 284 2394 dotes
305 2364 388 2402 filios·
411 2364 557 2400 Aharon,
588 2367 613 2394 et
637 2364 728 2395 dicito
751 2365 811 2395 eis.-
847 2364 949 2403 Super
977 2363 1084 2394 anima
1113 2372 1172 2392 non

205 2407 422 2437 contaminabit
451 2418 482 2437 sc
509 2407 676 2446 qaisquam
707 2410 841 2438 vestrum
873 2407 905 2436 in
932 2405 1062 2445 populis
1089 2405 1172 2436 suis:

205 2448 232 2478 2.
261 2450 319 2479 Sed
342 2460 438 2488 snper
463 2451 640 2489 propinquo
663 2460 732 2487 suo,
761 2450 940 2489 propinquo
962 2449 1039 2485 sibi,
1068 2458 1172 2486 nempe

205 2502 298 2529 super
320 2495 416 2522 matre
439 2503 515 2528 sina,
547 2496 573 2523 ct
604 2503 696 2532 super
718 2497 812 2532 patre
833 2502 904 2529 suo,
933 2495 960 2523 et
987 2501 1080 2530 super
1107 2490 1173 2529 silio

205 2544 273 2566 sno.
305 2537 330 2564 ct
353 2545 447 2573 snper
467 2535 536 2574 filia
559 2546 633 2573 sua,
664 2539 690 2565 et
719 2546 813 2575 super
841 2536 940 2574 fratrc
969 2544 1032 2571 suo,
1078 2534 1106 2564 3.
1132 2532 1174 2563 Et

205 2586 297 2614 super
325 2588 426 2608 sorore
459 2589 519 2609 sna
547 2579 667 2619 virqine
691 2579 871 2618 propinqua
898 2578 973 2614 sibi,
1008 2586 1085 2615 quae
1112 2585 1173 2606 non

204 2619 300 2657 fucrit
324 2620 405 2650 ciro.-
433 2631 527 2659 super
556 2632 592 2652 ea
615 2621 834 2652 contaminabit
856 2631 896 2651 se.
942 2620 971 2651 4.
1004 2619 1076 2649 Non
1105 2628 1171 2649 con-

206 2662 369 2693 taminabit
389 2674 420 2694 se
445 2665 475 2694 in
493 2664 636 2703 principe
664 2665 697 2695 in
722 2664 852 2703 populis
881 2662 966 2699 suis,
994 2664 1027 2692 ut
1051 2661 1172 2700 polluat

894 210 1146 245 SECUNDUM
1170 213 1491 245 PRAEOEPTUM.

2124 215 2187 247 448

1217 317 1288 339 sese.
1335 308 1363 339 5.
1392 308 1461 338 Non
1483 307 1680 338 decalvabant
1705 307 1865 338 calvitium
1887 307 1919 338 in
1942 309 2040 347 capite
2061 319 2129 347 suo,
2161 312 2188 341 et

1218 351 1439 381 eoetremitatem
1461 350 1572 381 barbae
1594 359 1670 380 suae
1687 360 1750 380 non
1772 349 1890 385 radent,
1915 352 1941 380 et
1963 351 1997 381 in
2018 361 2109 383 earne
2127 362 2188 383 sua

1216 403 1279 424 non
1304 394 1434 424 incident
1458 393 1556 423 ullam
1578 393 1760 424 incisuram.
1807 392 1835 422 6.
1870 392 1978 424 Sancti
2006 397 2096 425 erunt
2119 395 2187 427 Deo

1217 446 1289 474 suo,
1317 446 1413 476 neque
1436 435 1575 475 polluent
1603 445 1711 466 nomen
1734 435 1797 465 Dei
1824 435 1891 466 sui:
1920 435 1996 474 quia
2024 436 2188 469 oblationes

1218 479 1333 518 iynitas
1357 478 1501 516 Ielzovae,
1529 481 1556 509 et
1577 488 1693 518 panem
1715 477 1779 508 Dei·
1807 478 1854 508 tui
1883 478 2029 517 offerunt,
2053 480 2188 518 proinde

1217 524 1308 552 erunt
1328 521 1435 553 sancti.

1474 691 1539 722 EX
1561 689 1725 722 EODEM
1749 689 1925 721 OAPITE.

1306 777 1354 808 10.
1382 777 1532 808 Sacerdos
1550 779 1653 807 autem
1669 776 1865 815 praecipuus
1882 776 1963 808 inter
1978 776 2097 814 fratres
2115 787 2189 809 suos

1219 830 1313 859 super
1336 821 1425 851 cuius
1455 822 1546 858 capnt
1574 820 1683 858 fusum
1710 818 1808 858 fuerit
1838 819 1936 850 oleum
1962 820 2133 857 unctionis,
2163 822 2189 851 et

1219 863 1438 895 consecraverit
1466 872 1594 893 manum
1623 871 1714 892 suam
1743 864 1777 892 ut
1808 862 1920 893 induat
1952 864 2063 900 vestes,
2098 865 2191 902 caput

1218 916 1311 937 susum
1340 916 1399 937 non
1430 905 1642 944 iiscooperid,
1674 906 1701 935 ct
1729 907 1824 935 vestes
1862 915 1940 936 suas
1973 915 2034 936 non
2062 905 2188 938 scindet.

1222 950 1270 980 11.
1295 949 1338 980 Et
1361 949 1402 980 ad
1426 957 1530 979 omnes
1552 948 1677 978 animas
1699 947 1813 978 mortui
1836 957 1896 979 non
1919 948 2123 988 ingredietur,
2153 958 2189 980 ne

1220 1002 1314 1031 super
1334 994 1423 1030 patre
1445 991 1567 1030 quidem
1590 1000 1653 1027 suo,
1678 993 1733 1020 aut
1755 993 1854 1021 matre
1875 1000 1950 1029 sua,
1972 991 2192 1023 contaminabit

1220 1045 1261 1066 se.
1299 1035 1347 1066 12.
1373 1034 1415 1064 Et
1433 1035 1467 1064 dc
1486 1033 1665 1064 sanctuario
1685 1043 1744 1064 non
1762 1034 1941 1073 eyredietur,
1964 1044 2061 1073 neque
2078 1034 2193 1074 polluet

1220 1078 1435 1109 saizctuarium
1456 1076 1516 1107 Dei
1537 1077 1604 1107 sui:
1635 1077 1710 1115 quia
1738 1086 1850 1107 corona
1873 1076 1929 1108 olei
1951 1077 2106 1108 unctionis
2127 1076 2192 1109 Dei

1221 1121 1273 1151 sui
1295 1123 1338 1152 est
1360 1130 1454 1159 super
1475 1129 1550 1150 eum.
1594 1118 1662 1159 Eyo
1686 1118 1808 1150 Ieliova.

1310 1207 1335 1236 1.
1351 1205 1517 1244 Alloqnere
1535 1204 1712 1236 sacerdotes.
1735 1205 1826 1236 Haec
1838 1204 1948 1236 omnia
1960 1215 2040 1245 quae
2054 1215 2192 1245 sequun-

1224 1253 1286 1285 tur,
1311 1248 1449 1279 tendunt
1472 1249 1506 1278 in
1529 1258 1603 1278 eum
1628 1248 1742 1284 finem,
1766 1251 1803 1278 ut
1826 1247 2008 1279 sacerdotes
2031 1259 2050 1279 a
2072 1248 2191 1288 populo

1225 1292 1377 1323 differant.
1400 1290 1583 1330 insignibus
1608 1291 1701 1327 notis,
1726 1291 1818 1330 quasi
1842 1290 1882 1321 ab
1904 1290 2072 1322 hominum
2093 1291 2191 1332 vulgo

1224 1333 1396 1375 segregati.
1443 1333 1528 1364 Nam
1559 1343 1612 1363 eos
1642 1333 1696 1372 qui
1727 1333 1851 1364 Christi
1882 1343 2054 1374 personam
2085 1339 2193 1374 gesta-

1224 1377 1303 1408 bant.
1326 1377 1430 1407 decuit
1454 1376 1629 1416 singularis
1653 1376 1788 1416 puritas.
1834 1378 1883 1407 Ac
1913 1376 1952 1407 de
1982 1376 2093 1417 parvis
2123 1377 2194 1417 qui-

1225 1420 1299 1451 dem
1333 1420 1429 1451 rebus
1463 1424 1494 1450 et
1528 1419 1608 1450 levis
1642 1420 1799 1450 momenti
1837 1418 1967 1450 videtur
2008 1419 2100 1451 Deus
2140 1419 2193 1451 hic

1224 1468 1395 1503 praecepta
1417 1462 1506 1492 darc:
1542 1472 1656 1492 verum
1680 1462 1755 1493 alibi
1779 1462 1936 1500 diximus,
1966 1462 2049 1493 ritus
2071 1462 2192 1503 legales

1225 1506 1315 1546 quasi
1339 1504 1458 1545 gradus
1482 1504 1588 1541 fuisse,
1612 1504 1728 1544 quibus
1748 1505 1916 1536 Israelitae
1935 1505 2193 1536 conscenderent

1224 1548 1263 1579 ad
1298 1548 1440 1579 studium
1474 1558 1570 1578 verae
1611 1548 1850 1579 sanctimoniae.
1907 1548 2022 1579 Valuit
2062 1548 2192 1588 quidem

1224 1601 1352 1631 semper
1375 1590 1453 1621 illud
1479 1590 1571 1621 Pauli
1591 1589 1633 1631 (1.
1659 1591 1741 1621 Tim.
1762 1591 1791 1627 4,
1812 1590 1844 1632 8)
1868 1591 2011 1631 corporis
2034 1591 2192 1623 exercita-

1224 1635 1327 1665 tiones
1358 1644 1420 1664 non
1449 1633 1587 1663 multum
1618 1633 1783 1673 prodesse:
1814 1633 1870 1664 sed
1895 1638 2041 1665 veterum
2065 1633 2192 1665 umbra,-

1223 1688 1295 1708 rum
1326 1676 1385 1708 sub
1415 1676 1485 1716 lege
1519 1676 1645 1707 utilitas
1666 1687 1685 1707 a
1707 1687 1765 1707 suo
1788 1677 1853 1708 fine
1876 1676 2041 1707 aestimari
2072 1676 2191 1708 debuit.

1223 1720 1384 1759 Quamvis
1407 1729 1483 1759 ergo
1507 1729 1633 1756 rerum,
1668 1718 1707 1749 de
1730 1719 1849 1759 quibus
1872 1730 1959 1751 nunc
1983 1719 2107 1760 agitur,
2136 1720 2192 1751 ob-

1222 1762 1362 1794 servatio
1386 1772 1443 1801 per
1466 1772 1499 1792 se
1523 1772 1587 1792 non
1611 1772 1808 1802 magnopere
1832 1763 1902 1793 Deo
1925 1762 2092 1802 placuerit,
2115 1762 2192 1803 quia.

1222 1811 1331 1837 tamen
1356 1805 1453 1835 altius
1476 1803 1638 1841 tendebat,
1662 1815 1732 1835 eam
1757 1806 1849 1845 parvi
1873 1805 1990 1836 ducere
2009 1805 2100 1837 nefas
2119 1805 2191 1837 fuit.

1223 1848 1295 1879 Etsi
1320 1852 1426 1878 autem
1457 1847 1613 1877 admoniti
1644 1848 1776 1878 fuerunt
1807 1848 2006 1886 sacerdotes,
2038 1848 2193 1888 peculiari

1224 1891 1330 1923 studio
1360 1890 1528 1922 colendam
1558 1890 1620 1920 sibi
1649 1901 1718 1921 esse
1752 1891 1968 1928 sanctitatem,
2004 1896 2040 1922 ut
2067 1891 2192 1923 ferebat

1224 1934 1320 1965 officii
1353 1933 1483 1973 religio:
1524 1933 1731 1972 praecipuum
1773 1938 1880 1964 tamen
1917 1934 1979 1965 Dei
2020 1934 2192 1966 consilium

1225 1978 1294 2013 fuit,
1319 1976 1493 2016 imaginem
1519 1986 1695 2015 proponere
1715 1976 1878 2016 perfectae
1894 1976 2086 2014 sanctitatis,
2109 1987 2192 2016 quae

1224 2021 1257 2051 in
1283 2019 1413 2051 Christo
1436 2018 1567 2049 demum
1591 2025 1761 2058 conspecta
1784 2019 1854 2050 fuit.
1900 2019 2013 2050 Prima.
2041 2019 2094 2050 lex
2118 2030 2192 2059 pro-

1225 2062 1416 2094 hibitionem
1440 2061 1585 2092 continet
1620 2061 1726 2092 luctus
1749 2062 1907 2093 funebris:
1938 2061 2129 2101 simpliciter
2159 2066 2192 2094 et

1224 2105 1344 2145 absque
1389 2104 1578 2144 exceptione
1622 2104 1724 2143 quoad
1772 2115 1937 2135 summum
1981 2104 2190 2144 sacerdotem,

1224 2147 1326 2188 quoad
1351 2147 1432 2178 filios
1456 2147 1589 2177 Aharon
1614 2147 1815 2177 restrictione
1839 2147 1957 2178 addita.
1989 2147 2061 2178 Etsi
2081 2153 2191 2179 autem

1225 2190 1300 2222 alibi
1325 2189 1520 2230 generaliter
1543 2189 1692 2228 prohibet
1717 2190 1806 2220 Deus
1825 2201 1866 2220 ne
1889 2189 2027 2230 populus
2046 2190 2079 2220 in
2102 2190 2191 2222 luctu

1224 2243 1344 2265 vesano
1367 2233 1513 2263 imitetur
1536 2232 1682 2272 gentium
1706 2242 1843 2263 morem:
1875 2232 1927 2264 hic
1950 2237 2060 2263 tamen
2084 2234 2191 2265 maius

1224 2275 1389 2316 quidpiam
1410 2286 1428 2305 a
1450 2275 1667 2306 sacerdotibus
1688 2275 1798 2313 exigit,
1818 2280 1856 2305 ut
1874 2275 1971 2306 etiam
1991 2285 2009 2306 a
2027 2277 2191 2308 communi

1224 2324 1257 2349 et
1287 2319 1358 2349 aliis
1389 2318 1545 2357 permisso
1576 2317 1665 2349 luctu
1699 2317 1893 2348 abstineant.
1947 2318 2037 2349 Haec
2059 2319 2191 2359 quidem

1224 2361 1397 2402 prohibitio
1425 2365 1534 2400 postea
1563 2361 1682 2391 iterum
1714 2372 1753 2391 ex
1781 2371 1816 2391 re
1840 2361 2003 2400 praesenti
2034 2362 2190 2400 manavit,

1225 2410 1259 2435 ut
1294 2404 1483 2434 videbimus.
1538 2403 1621 2433 Nam
1657 2414 1753 2443 quum
1790 2403 1902 2434 Nadab
1936 2408 1967 2435 et
1991 2404 2102 2435 Abihu
2136 2405 2191 2445 qui

1224 2447 1368 2478 suffitum
1392 2446 1535 2476 fecerant
1558 2446 1632 2485 igne
1652 2446 1765 2484 alieno,
1789 2447 1970 2486 consumpti
1989 2452 2098 2478 essent
2115 2448 2190 2488 igne

1223 2489 1363 2525 coelesti,
1388 2488 1492 2528 lugeri
1511 2489 1596 2528 ipsos
1614 2498 1729 2528 passus
1752 2496 1800 2519 est
1818 2488 1908 2520 Deus
1932 2500 1950 2520 a
1973 2494 2040 2521 toto
2062 2491 2189 2531 populo,

1224 2532 1367 2571 exceptis
1390 2531 1616 2562 sacerdotibus.
1673 2531 1739 2562 Sed
1764 2532 1823 2563 hac
1846 2532 2010 2563 occasione
2033 2538 2190 2573 perpetua

1224 2576 1276 2606 lex
1297 2575 1336 2605 dc
1356 2575 1480 2613 integro
1500 2580 1575 2605 tunc
1600 2575 1724 2604 sancita.
1747 2575 1815 2611 fuit,
1840 2586 1879 2606 ne
1902 2575 2084 2607 sacerdotes
2104 2586 2189 2607 mor-

1225 2623 1297 2648 tuos
1320 2616 1460 2657 lugendo
1483 2627 1517 2647 se
1540 2616 1734 2656 polluerent:
1772 2618 1833 2648 nisi
1857 2618 1942 2657 quod
1973 2618 2039 2649 illic
2068 2619 2102 2650 in
2133 2618 2190 2651 do-

1224 2660 1355 2691 mestico
1378 2660 1477 2690 etiam
1500 2660 1611 2691 funere
1637 2660 1741 2691 luctus
1764 2660 1977 2698 interdicitur,
2012 2665 2047 2692 ut
2069 2661 2190 2694 iudicio
