2304 3034
197 183 259 215 523

199 287 267 309 esse
291 274 403 315 quibus
426 272 613 312 profanatur
624 269 687 299 Dei
707 277 841 298 nomen:
866 267 941 306 quia
959 266 986 297 si
1007 266 1162 299 vitiosum

199 321 241 350 sit
264 316 464 358 principium,
488 314 521 343 in
544 311 759 343 obstinatione
783 310 904 349 duplex
928 314 977 339 cst
1000 309 1161 349 impietas.

199 362 312 400 Itaque
332 357 518 389 malefacere
538 355 598 386 hoc
618 355 684 384 loco
706 364 770 384 non
790 358 839 384 est
857 351 979 392 aliquid
994 362 1162 392 perperam

199 410 340 437 tentare,
373 399 428 430 sed
463 397 582 437 aliquid
617 397 781 435 suscipere
815 395 896 435 quod
931 396 1020 426 carni
1044 395 1163 436 alioqui

198 455 297 486 grave
319 450 350 474 et
373 442 542 472 molestum
573 444 636 470 est:
667 437 940 479 quemadmodum
965 438 992 468 si
1016 438 1087 478 quis
1111 439 1161 469 vel

197 491 326 527 sumptu
350 495 416 515 rem
441 483 649 514 domesticam
672 482 797 512 minuat
822 481 871 512 vel
895 481 1003 521 privet
1026 491 1060 511 se
1083 480 1162 512 deli·

197 531 258 565 tiis,
282 528 333 559 vel
356 526 584 558 abstinentiam
608 525 669 556 sibi
693 525 738 555 rei
764 529 875 564 gratae
902 523 952 554 vel
975 524 1162 555 commodae

196 572 323 604 indicat.

280 614 308 645 6.
344 612 483 644 Adducet
513 611 701 642 oblationem.
757 610 936 641 Continuat
969 609 1051 649 quod
1087 614 1162 640 ante

197 656 336 688 vidimus
360 656 397 685 de
420 653 545 694 piaculo
569 653 727 689 tollendo,
758 652 813 683 sed
841 652 956 692 incipit
979 652 1162 683 discernere

197 701 283 730 inter
306 698 422 729 divites
444 702 476 727 et
500 707 670 736 pauperes:
703 705 785 735 quae
809 694 972 726 distinctio
1003 694 1042 725 ad
1066 705 1161 734 supe-

195 743 281 773 riora
314 739 515 772 extenditur:
558 739 643 770 unde
678 743 827 778 apparet,
869 737 1058 768 methodum
1097 748 1161 768 non

195 790 307 816 exacte
329 782 493 814 observari
516 792 533 812 a
558 782 658 819 Mose,
680 782 755 821 quia
778 782 900 820 species
921 791 1001 820 quas
1024 780 1162 811 inseruit

196 827 346 859 videntur
369 825 459 856 filum
489 825 745 864 interrumpere:
775 834 825 855 res
855 829 962 854 tamen
994 824 1162 864 perspicua

195 874 312 903 manet.
336 869 519 908 quicunque
543 878 653 898 errore
677 867 756 907 lapsi
781 872 860 898 sunt
878 866 1063 897 immundos
1082 876 1161 903 esse,

195 913 294 944 donec
325 911 540 951 placationem
570 910 757 941 obtulerint.
803 908 899 948 Quod
933 915 1040 940 autem
1064 909 1162 940 omis-

195 966 265 986 sum
295 955 399 984 fuerat
430 964 514 984 nunc
548 953 757 993 exprimitur,
794 962 952 992 pauperes
982 957 1015 983 et
1044 963 1162 992 egenos

196 1009 259 1029 non
282 1007 350 1028 esse
374 995 536 1036 urgendos
559 996 632 1036 plus
651 1006 747 1035 quam
771 995 853 1026 ferat
877 1006 988 1026 eorum
1008 994 1158 1026 facultas:

194 1042 258 1071 imo
292 1039 411 1080 gradus
445 1044 613 1079 ponuntur
642 1044 679 1069 ut
709 1039 826 1078 exigua
857 1038 978 1069 farinae
1009 1049 1161 1069 mensura

193 1083 325 1122 defungi
349 1082 450 1122 possit
473 1082 527 1113 cui
551 1092 617 1112 non
641 1081 703 1112 erit
722 1080 926 1112 commodum
943 1081 1060 1112 offerre
1079 1081 1161 1112 duos

193 1132 336 1156 turtures
358 1125 409 1156 vel
433 1123 604 1156 columbas.
650 1123 745 1155 Unde
776 1124 959 1164 colligimus
983 1134 1047 1155 non
1073 1123 1160 1154 aliud

193 1169 290 1199 fuisse
315 1168 384 1199 Deo
407 1167 608 1208 propositum
632 1177 727 1207 quam
752 1178 865 1198 verum
895 1172 927 1197 et
957 1168 1087 1198 unicum
1111 1177 1160 1197 re-

191 1211 424 1243 conciliationis
446 1210 576 1241 modum
593 1210 711 1249 populo
730 1210 910 1246 ostendere,
931 1214 967 1241 ut
986 1210 1025 1240 ad
1038 1209 1160 1241 media-

192 1259 294 1285 torem
318 1259 350 1284 et
373 1253 567 1284 sacrificium
591 1263 625 1283 se
655 1253 848 1284 conferrent.
894 1253 958 1284 Hic
989 1253 1076 1283 enim
1107 1252 1160 1283 vel

192 1297 273 1328 duos
297 1301 448 1332 turtures,
474 1296 525 1326 vel
550 1295 703 1336 pusillum
725 1296 847 1326 farinae
871 1296 1025 1327 iubentur
1044 1296 1161 1326 offerre

192 1348 364 1380 pauperes:
393 1338 477 1379 quod
503 1338 636 1378 perinde
658 1339 738 1378 ipsis
761 1339 868 1370 Deum
893 1339 1042 1378 propitiet
1065 1344 1161 1378 atque

193 1382 346 1413 divitibus
380 1382 511 1413 victima
545 1392 625 1421 quae
660 1382 699 1412 ab
740 1382 818 1422 ipsis
858 1382 1010 1420 exigitur.
1067 1381 1161 1420 Quod

193 1431 301 1455 tamen
323 1425 426 1455 citant
450 1425 550 1455 nostri
574 1425 768 1463 interpretes
797 1435 837 1455 ex
868 1431 979 1464 poeta,
1009 1424 1160 1455 mutilum

192 1475 249 1505 est,
273 1479 402 1507 nempe:
429 1467 625 1507 Quicunque
649 1467 689 1498 ad
714 1468 832 1507 templa
852 1467 1023 1498 attulerint
1043 1468 1160 1499 mentis

192 1511 424 1551 integritatem,
449 1510 534 1541 farre
558 1511 666 1541 litare:
691 1511 766 1550 quia
789 1520 901 1542 caecus
926 1511 978 1541 ille
999 1522 1062 1541 non
1081 1510 1162 1541 vidit

193 1564 346 1593 quorsum
367 1553 538 1584 tenderent
562 1554 736 1584 sacrificia:
769 1559 864 1593 atque
888 1554 933 1584 ita
956 1555 1065 1584 omnia
1089 1554 1161 1584 lita-

194 1597 317 1627 tionum
341 1607 460 1637 genera
484 1596 640 1635 despexit,
665 1607 701 1627 ac
724 1597 749 1627 si
774 1597 842 1627 sola
865 1597 989 1636 puritas
1012 1603 1045 1627 et
1067 1597 1161 1627 inno-

193 1640 297 1670 centia
319 1640 560 1670 commendaret
592 1639 738 1670 homines
762 1640 840 1670 Deo.
887 1640 1078 1670 Tenendum
1101 1640 1162 1679 igi-

193 1688 247 1712 tur
265 1687 321 1718 est,
342 1682 490 1713 victimas
508 1682 629 1713 nullius
643 1693 699 1722 per
718 1693 752 1712 se
771 1683 870 1713 fuisse
884 1683 1048 1721 momenti,
1068 1688 1100 1714 et
1114 1687 1162 1713 ta-

193 1735 267 1755 men
291 1725 446 1765 populum
469 1732 609 1756 veterem
634 1727 846 1756 exercitatum
877 1726 975 1756 fuisse
999 1727 1031 1756 in
1055 1736 1162 1757 eaere-

193 1768 324 1804 moniis,
354 1779 435 1807 quae
468 1768 620 1799 docerent
650 1779 713 1799 non
744 1769 837 1800 aliter
867 1779 963 1808 quam
987 1770 1090 1809 pretio
1114 1779 1163 1800 re-

194 1810 389 1850 demptionis
414 1810 521 1841 Deum
546 1812 676 1851 placari.

454 1956 513 1987 EX
539 1957 702 1988 EODEM
728 1957 905 1988 CAPITE.

281 2025 328 2055 14.
354 2024 514 2064 Loquums
536 2028 579 2056 est
607 2026 737 2064 insuper
760 2026 873 2057 Ielzova
903 2027 944 2057 ad
968 2025 1095 2064 BIosen,
1119 2026 1165 2057 (Ζὶ-

192 2068 300 2098 cende:
345 2068 394 2098 15.
426 2068 545 2098 Anima
575 2079 669 2108 qaum
697 2070 919 2108 praevaricata
947 2070 1044 2108 fuerit
1067 2080 1164 2108 prae-

193 2111 427 2147 varicationem,
459 2114 486 2141 et
503 2112 673 2150 peccaverit
689 2122 749 2150 per
772 2122 906 2142 errorem
929 2113 963 2143 in
984 2123 1048 2143 una
1070 2123 1103 2143 re
1125 2123 1163 2143 ex

192 2153 486 2191 sanctificate'enibus
511 2154 652 2192 Ielzomc,
676 2155 810 2186 adducat
834 2155 1015 2186 oblationem
1033 2166 1094 2193 pro
1114 2156 1160 2186 de-

190 2196 258 2227 licto
281 2206 337 2227 suo
360 2196 497 2232 Iehorac,
523 2198 649 2228 anetem
671 2198 838 2236 perfectum
861 2198 898 2228 cle
917 2198 1095 2236 pecudibus,
1119 2208 1163 2229 se-

190 2239 323 2269 candum
347 2240 589 2270 aestimatimwm
612 2243 697 2271 tecam
720 2241 837 2280 amente?
865 2241 1025 2277 siclorum,
1056 2252 1161 2272 secan-

190 2282 264 2311 dum
284 2282 395 2313 siclam
418 2283 591 2313 >ventilatis-
613 2294 669 2322 ltro
692 2283 806 2314 (leuato.
856 2284 903 2314 16.
930 2283 970 2313 Et
994 2284 1073 2322 quod
1090 2294 1160 2323 pec-

190 2325 303 2354 caverit
337 2325 366 2355 ιή
401 2326 638 2364 sanctificatione
674 2326 790 2361 reddet,
820 2329 845 2356 μί
873 2327 1014 2365 matutam
1039 2330 1161 2366 partem

193 2367 293 2405 [wius
316 2368 406 2398 addet
428 2369 464 2403 ei,
484 2369 638 2407 trztflvlqus»
659 2369 736 2399 illud
754 2370 911 2400 sacerdoti.
934 2370 1074 2400 sacerdos
1092 2380 1161 2400 vero

191 2410 326 2447 ‹nqnabit
349 2421 415 2441 enm
440 2411 472 2441 in
496 2412 592 2441 rodata
611 2411 771 2442 oblationis
789 2423 850 2451 pro
869 2412 991 2443 deltam.-
1014 2415 1041 2442 εἰ
1059 2414 1161 2443 remit-

191 2454 268 2482 tme-
296 2453 331 2483 ω’.
386 2454 433 2483 17.
465 2453 574 2493 ltaque
602 2455 631 2484 si
660 2456 766 2485 (olima
789 2456 973 2494 penem-erit,
1002 2458 1029 2485 et
1055 2455 1160 2494 fecerit

193 2504 287 2525 mmm
310 2496 346 2525 ab
369 2497 509 2527 ancilibus
532 2498 706 2536 pruverptzsss
731 2498 874 2535 Rhome,
905 2508 983 2536 quae
1005 2508 1065 2528 nrm
1087 2501 1159 2529 sunt
1184 2516 1186 2535 .;

1185 2538 1186 2549 ³
1211 2541 1429 2582 praescribere
1460 2540 1611 2580 expiandi
1641 2540 1773 2571 delicta:
1806 2541 1890 2572 idem
1921 2543 2007 2573 enim
2038 2544 2174 2574 verbum

190 2537 347 2575 facienda,
373 2542 398 2567 et
422 2550 479 2569 nen
502 2541 669 2579 coymmwre'f
693 2543 719 2570 ct
740 2541 918 2579 deliquerit,
942 2543 967 2571 ct
987 2542 1158 2580 portaverit

194 2580 385 2617 iniquitatem
408 2593 515 2612 mmm:
565 2583 608 2613 IS.
642 2584 722 2613 'l'nnr
746 2584 873 2613 addam
898 2585 1023 2613 arietem
1049 2584 1158 2615 imma-

191 2623 324 2652 culatum
349 2625 384 2654 fle
403 2625 587 2663 Jmmdibws.
619 2626 784 2657 secandum
807 2627 1048 2657 aestimationem
1071 2630 1158 2658 tuam

891 173 1144 207 SECUNDUM
1168 176 1488 210 PRAECEPTUM.

2123 182 2188 215 524

1217 271 1250 302 in
1273 271 1450 303 oblationem
1468 283 1528 310 pro
1559 273 1667 304 delicto
1696 274 1739 304 ad
1766 274 1966 312 sacerdotem,
1995 277 2022 306 et
2049 276 2185 315 expiabit

1216 323 1285 344 eum
1314 315 1456 346 sacerdos
1486 315 1523 345 ab
1550 325 1653 346 errore
1681 325 1736 346 suo
1764 326 1852 354 quem
1869 326 1930 354 per
1952 327 2086 349 errorem
2106 329 2183 350 com-

1214 356 1308 393 misit,
1333 367 1428 396 neque
1450 358 1612 394 intelleoeit,
1637 360 1663 388 et
1685 358 1854 389 remittetur
1874 359 1911 390 ei.
1958 359 2006 391 19.
2029 360 2184 393 Delictum

1214 402 1273 430 est.-
1295 399 1495 439 delinquendo
1518 400 1645 440 deliquit
1669 400 1805 432 Ielzovae.

1301 485 1349 515 14.
1386 485 1546 524 Loquutus
1579 488 1623 516 est
1652 486 1789 525 insuper.
1844 485 2028 519 Diversitas
2058 487 2182 521 hostiae

1214 527 1299 558 clare
1323 527 1523 559 demonstrat
1553 528 1640 559 aliud
1671 539 1774 568 genus
1803 527 1911 559 delicti
1940 540 2027 561 nunc
2055 531 2182 572 attingi,

1214 570 1290 609 quia
1320 570 1388 601 loco
1415 571 1553 602 feminae
1583 572 1762 602 masculum
1794 580 1882 602 nunc
1914 573 2047 612 requirit
2081 573 2180 606 Deus.

1214 612 1302 643 Ante
1332 618 1504 645 contentus
1536 613 1598 644 fuit
1628 625 1713 654 agna
1741 613 1793 645 vel
1821 624 1931 653 capra:
1966 616 2041 654 quia
2073 621 2182 648 autem

1215 655 1321 686 maius
1344 662 1393 686 est
1416 656 1556 695 pretium
1580 657 1699 693 arietis,
1727 657 1873 696 sequitur
1895 667 2032 697 poenam
2055 658 2182 700 iniungi

1214 699 1356 737 graviori
1379 699 1505 730 delicto.
1550 699 1675 739 Culpae
1697 710 1772 731 vero
1796 699 1939 739 gravitas
1968 711 2008 731 ex
2031 701 2078 732 rei
2101 712 2180 742 qua-

1214 740 1306 771 litate
1329 741 1462 781 pendet,
1494 742 1550 772 ubi
1578 742 1700 773 scilicet
1730 742 1891 782 quispiam
1919 753 1983 774 non
2015 743 2179 776 hominem

1215 786 1342 814 tantum
1365 784 1533 815 mortalem
1562 785 1670 823 laesit,
1703 785 1759 816 sed
1784 785 1892 816 Deum
1922 786 2045 826 ipsum:
2075 797 2180 827 neque

1214 826 1404 866 simpliciter
1448 838 1550 858 unum
1591 838 1631 858 ex
1671 828 1850 868 praeceptis
1891 829 2014 868 primae
2053 829 2180 861 tabulae

1214 874 1437 909 transgressus
1465 870 1577 907 fuerit,
1606 871 1662 901 sed
1692 871 1747 910 qui
1771 875 1883 902 votum
1906 881 1969 902 non
1993 871 2178 911 reddiderit,

1214 911 1266 942 vel
1289 912 1441 943 obtulerit
1465 913 1612 944 vitiosam
1637 914 1791 951 hostiam,
1823 913 1875 944 vel
1903 914 1937 944 in
1959 914 2074 954 quavis
2092 915 2180 946 obla-

1214 955 1300 985 tione
1333 954 1440 986 Deum
1474 955 1674 986 fraudaverit
1706 956 1777 987 iure
1812 965 1887 987 suo:
1922 957 1983 988 hoc
2016 957 2076 988 sibi
2109 958 2179 990 vult

1214 997 1381 1037 particula,
1406 998 1457 1028 Ex
1480 999 1787 1030 sanctificationibus
1808 999 1958 1031 Iehovae.
2005 999 2080 1038 Qua
2101 1011 2179 1033 voce

1213 1040 1436 1080 complectitur
1460 1041 1567 1072 Moses
1590 1046 1657 1072 tam
1681 1046 1756 1072 vota
1778 1046 1892 1082 sponte
1911 1047 2066 1083 concepta
2084 1054 2180 1083 quam

1213 1082 1388 1114 oblationes
1407 1083 1578 1124 legitimas,
1597 1090 1632 1115 ut
1645 1089 1739 1115 erant
1759 1084 1910 1123 decimae,
1923 1085 2095 1125 primitiae,
2113 1087 2180 1127 pri-

1213 1126 1452 1166 mogenitorum
1475 1126 1609 1157 oblatio:
1645 1127 1799 1167 quoniam
1823 1127 1858 1158 in
1882 1128 1933 1159 his
1957 1129 2106 1161 omnibus
2130 1140 2179 1161 se-

1213 1179 1290 1200 vere
1313 1169 1391 1200 iussi
1419 1170 1549 1200 fuerant
1571 1170 1739 1201 Israelitae
1769 1170 1925 1210 optimam
1955 1171 2053 1202 fidem
2084 1182 2178 1212 prae-

1213 1216 1300 1242 stare
1323 1211 1401 1243 Deo.
1448 1211 1484 1243 Si
1507 1212 1587 1243 forte
1610 1213 1750 1244 avaritia
1772 1214 1957 1254 quempiam
1980 1224 2174 1247 excaecave-

1214 1259 1273 1291 rat,
1298 1260 1333 1285 ut
1353 1255 1518 1295 proprium
1542 1255 1666 1286 lucrum
1690 1256 1851 1296 captando
1874 1257 1983 1287 minus
2005 1267 2101 1297 quam
2120 1267 2179 1298 par

1214 1302 1283 1328 erat
1305 1298 1374 1328 Deo
1396 1297 1547 1334 solveret.
1582 1299 1697 1329 merito
1720 1299 1876 1330 securitas
1899 1299 2083 1340 graviorem
2104 1311 2178 1341 poe-

1214 1351 1290 1371 nam
1313 1340 1477 1372 sustinuit.
1524 1340 1701 1373 Sciendum
1731 1345 1840 1373 tamen
1871 1347 1920 1373 est
1947 1341 2099 1374 delictum
2126 1343 2178 1375 hic

1214 1383 1336 1421 notari,
1365 1383 1419 1414 ubi
1442 1384 1530 1414 fraus
1554 1388 1585 1414 et
1607 1384 1700 1415 dolus
1724 1384 1828 1416 malus
1851 1394 1917 1415 non
1940 1385 2177 1417 intervenerat:

1215 1426 1306 1466 quia,
1341 1426 1368 1456 si
1398 1427 1467 1466 quis
1497 1426 1572 1457 data
1602 1437 1700 1466 opera
1730 1433 1761 1457 et
1795 1431 1901 1458 astute
1930 1428 2013 1467 quod
2048 1438 2176 1460 sacrum

1215 1474 1284 1500 erat
1328 1469 1361 1499 in
1406 1480 1473 1499 rem
1518 1480 1608 1500 suam
1653 1470 1820 1505 vertisset,
1864 1480 1931 1501 non
1975 1475 2042 1502 tam
2085 1471 2179 1504 facile

1215 1513 1345 1551 expiata
1367 1511 1480 1543 fuisset
1501 1512 1651 1552 impietas
1674 1513 1844 1553 sacrilegii.
1889 1512 1954 1545 Sed
1977 1514 2050 1554 quia
2083 1525 2179 1555 saepe

1215 1554 1373 1595 contingit
1395 1559 1430 1585 ut
1453 1554 1512 1585 sibi
1536 1555 1632 1586 nimis
1656 1555 1864 1595 indulgenter
1886 1560 2022 1596 parcant
2049 1562 2178 1589 tenaces

1216 1602 1249 1629 et
1271 1598 1368 1634 avari,
1392 1598 1583 1629 sacrificium
1606 1598 1750 1638 iniungit
1773 1598 1864 1629 Deus
1887 1599 1946 1630 hoe
1969 1599 2053 1637 loco,
2077 1601 2103 1632 si
2127 1600 2180 1632 do-

1217 1641 1349 1672 mestica
1384 1641 1505 1672 utilitas
1539 1641 1669 1681 pietatis
1704 1641 1809 1672 studio
1842 1652 1900 1681 per
1933 1642 2178 1683 incogitantiam

1216 1684 1439 1724 praevaluerit.
1467 1683 1561 1722 Quod
1574 1683 1699 1721 dicitur,
1720 1683 1907 1715 Secundum
1921 1686 2179 1717 aestimationem

1217 1732 1321 1765 tuam,
1352 1727 1405 1757 alii
1435 1726 1474 1757 ad
1496 1727 1624 1764 Mosen,
1653 1727 1706 1757 alii
1736 1726 1776 1757 ad
1799 1727 1997 1759 sacerdotem
2020 1728 2176 1760 referunt.

1217 1770 1288 1810 Ego
1318 1780 1391 1801 vero
1421 1770 1549 1809 passive
1579 1770 1721 1809 accipere
1751 1770 1835 1801 malo
1864 1781 1920 1810 pro
1954 1771 2178 1803 aestimatione

1217 1813 1371 1844 divinitus
1394 1813 1603 1852 praescripta:
1628 1823 1708 1852 quae
1730 1812 1800 1844 ideo
1823 1814 1931 1853 populi
1956 1814 2081 1853 dicitur,
2104 1815 2180 1855 quia

1217 1856 1281 1896 legi
1305 1866 1323 1886 a
1346 1855 1415 1886 Deb
1439 1855 1559 1895 positae
1583 1856 1784 1895 acquiescere
1813 1856 1938 1895 debuit,
1968 1867 2008 1888 ne
2038 1858 2179 1897 pretium

1218 1909 1274 1939 pro
1287 1898 1417 1930 arbitrio
1436 1903 1583 1929 mutaret.
1616 1899 1750 1929 Duobus
1770 1904 1877 1930 autem
1898 1899 1983 1931 siclis
2005 1901 2179 1932 sanctuarii

1217 1941 1366 1973 aestimat
1389 1941 1496 1972 Moses
1527 1941 1675 1978 arietem,
1706 1942 1754 1972 vel
1789 1946 1925 1981 quatuor
1951 1942 2038 1974 siclis
2064 1943 2177 1984 vulga-

1218 1985 1314 2023 ribus,
1327 1984 1381 2024 qui
1393 1984 1537 2015 efficiunt
1549 1984 1682 2025 gallicae
1696 1989 1842 2015 monetae
1862 1985 1989 2016 circiter
2007 1986 2056 2017 28.
2079 1997 2175 2017 asses.

1304 2028 1352 2058 16,
1379 2027 1421 2058 Et
1446 2027 1525 2066 qaod
1549 2028 1726 2065 peccaverit.
1778 2027 1866 2058 Hinc
1895 2028 2012 2060 clarius
2043 2035 2178 2069 apparet

1216 2069 1300 2111 quod
1324 2080 1426 2110 nuper
1448 2069 1548 2110 attigi,
1572 2070 1604 2099 in
1626 2070 1878 2101 sanctificatione
1897 2081 2045 2110 peccasse
2065 2073 2117 2112 qui
2137 2083 2178 2103 ex

1216 2115 1341 2154 integro
1355 2113 1415 2144 Dei
1434 2113 1502 2143 iure
1521 2112 1640 2152 aliquid
1661 2112 1887 2144 detrahebant:
1912 2114 1987 2153 quia
2010 2115 2179 2146 restituere

1216 2157 1367 2187 iubentur
1407 2156 1520 2196 quinta
1559 2160 1649 2195 parte
1690 2155 1906 2195 superaddita.
1966 2156 2178 2189 Meminerint

1215 2205 1324 2231 tamen
1349 2199 1489 2236 lectores,
1514 2208 1575 2228 non
1601 2198 1639 2228 ad
1664 2199 1899 2229 restitutionem
1923 2199 1994 2239 cogi
2017 2200 2071 2239 qui
2094 2201 2177 2232 frau-

1215 2243 1362 2273 dulenter
1384 2252 1434 2272 res
1456 2251 1563 2272 sacras
1586 2246 1781 2277 averterant,
1805 2241 1862 2271 sed
1884 2242 1940 2281 qui
1963 2252 2047 2274 vano
2067 2243 2176 2284 aliquo

1215 2289 1384 2325 praetextu
1408 2283 1465 2315 sibi
1490 2283 1528 2314 ad
1552 2289 1680 2324 tempus
1703 2283 1838 2314 blanditi
1863 2284 2003 2323 fuerant,
2029 2290 2063 2316 ut
2087 2286 2176 2318 nulla

1213 2339 1266 2359 eos
1290 2332 1437 2367 tangeret
1459 2326 1571 2366 culpae
1595 2327 1756 2357 admissio.
1790 2327 1882 2357 Finis
1905 2338 1980 2367 ergo
2005 2328 2101 2361 huius
2125 2340 2175 2361 sa-

1212 2371 1323 2402 crificii
1348 2370 1421 2407 fuit,
1446 2374 1606 2400 attentum
1631 2369 1782 2409 populum
1807 2370 1955 2407 reddere,
1987 2375 2022 2402 ut
2045 2372 2175 2411 postha-

1213 2414 1287 2445 bitis
1310 2413 1443 2453 privatis
1466 2412 1656 2449 commodis,
1681 2412 1858 2443 liberaliter
1882 2414 1951 2444 Deo
1975 2415 2174 2453 persolveret

1185 2453 1188 2464 ’
1212 2456 1295 2496 quod
1319 2455 1461 2487 debebat.
1496 2454 1616 2486 Inscite
1636 2465 1711 2485 vcro
1730 2455 1861 2494 quidam
1881 2462 2048 2496 nugantur
2060 2458 2174 2489 Mosen

1212 2509 1310 2539 quum
1334 2503 1428 2529 antea
1451 2498 1489 2528 de
1512 2498 1651 2537 peccatis
1675 2498 1827 2537 loquutus
1851 2500 1909 2536 sit,
1934 2510 2020 2531 nunc
2043 2500 2173 2532 modum

1213 2586 1327 2624 ubique
1350 2584 1529 2623 promiscue
1549 2591 1693 2622 usurpat,
1717 2591 1747 2613 et
1768 2584 1877 2615 codem
1898 2595 2023 2624 quoque
2044 2587 2174 2618 nomine

1212 2627 1357 2668 designat
1391 2637 1500 2657 omnes
1535 2626 1692 2657 victimas.
1752 2626 1915 2658 Delictum
1953 2638 2029 2659 vero
2070 2629 2174 2660 facere
