<?xml version="1.0" encoding="UTF-8"?>
<!DOCTYPE html PUBLIC "-//W3C//DTD XHTML 1.0 Transitional//EN"
    "http://www.w3.org/TR/xhtml1/DTD/xhtml1-transitional.dtd">
<html xmlns="http://www.w3.org/1999/xhtml" xml:lang="en" lang="en">
 <head>
  <title>
</title>
<meta http-equiv="Content-Type" content="text/html;charset=utf-8" />
  <meta name='ocr-system' content='tesseract 3.04.00' />
  <meta name='ocr-capabilities' content='ocr_page ocr_carea ocr_par ocr_line ocrx_word'/>
</head>
<body>
  <div class='ocr_page' id='page_1' title='image "./ioanniscalviniop24calv_0016.png"; bbox 0 0 2294 3008; ppageno 0'>
   <div class='ocr_carea' id='block_1_1' title="bbox 133 204 2120 242">
    <p class='ocr_par' dir='ltr' id='par_1_1' title="bbox 133 204 2120 242">
     <span class='ocr_line' id='line_1_1' title="bbox 133 204 2120 242; baseline -0.001 -1"><span class='ocrx_word' id='word_1_1' title='bbox 133 213 168 242; x_wconf 86' lang='grc'>11</span> <span class='ocrx_word' id='word_1_2' title='bbox 734 204 1102 238; x_wconf 78' lang='lat' dir='ltr'><strong>COMMENTARIUS</strong></span> <span class='ocrx_word' id='word_1_3' title='bbox 1126 204 1175 236; x_wconf 92' lang='lat' dir='ltr'>IN</span> <span class='ocrx_word' id='word_1_4' title='bbox 1196 204 1347 236; x_wconf 86' lang='lat' dir='ltr'>EXODI</span> <span class='ocrx_word' id='word_1_5' title='bbox 1370 204 1467 237; x_wconf 83' lang='lat' dir='ltr'>GAP.</span> <span class='ocrx_word' id='word_1_6' title='bbox 1490 204 1515 236; x_wconf 93' lang='lat' dir='ltr'>I.</span> <span class='ocrx_word' id='word_1_7' title='bbox 2080 208 2120 240; x_wconf 83' lang='lat'>12</span> 
     </span>
    </p>
   </div>
   <div class='ocr_carea' id='block_1_2' title="bbox 131 299 1103 2566">
    <p class='ocr_par' dir='ltr' id='par_1_2' title="bbox 131 299 1103 2566">
     <span class='ocr_line' id='line_1_2' title="bbox 131 299 1096 344; baseline -0.006 -9"><span class='ocrx_word' id='word_1_8' title='bbox 131 314 257 344; x_wconf 89' lang='lat' dir='ltr'>quaque</span> <span class='ocrx_word' id='word_1_9' title='bbox 280 303 365 333; x_wconf 89' lang='lat' dir='ltr'>tribu</span> <span class='ocrx_word' id='word_1_10' title='bbox 389 301 583 341; x_wconf 76' lang='lat' dir='ltr'>prodiissent</span> <span class='ocrx_word' id='word_1_11' title='bbox 608 300 691 331; x_wconf 87' lang='lat' dir='ltr'>dena</span> <span class='ocrx_word' id='word_1_12' title='bbox 716 299 827 330; x_wconf 85' lang='lat' dir='ltr'>millia.</span> <span class='ocrx_word' id='word_1_13' title='bbox 875 299 965 330; x_wconf 90' lang='lat' dir='ltr'>Haec</span> <span class='ocrx_word' id='word_1_14' title='bbox 989 304 1096 330; x_wconf 87' lang='lat' dir='ltr'>autem</span> 
     </span>
     <span class='ocr_line' id='line_1_3' title="bbox 131 342 1097 387; baseline -0.006 -9"><span class='ocrx_word' id='word_1_15' title='bbox 131 346 309 387; x_wconf 88' lang='lat' dir='ltr'>quadruplo</span> <span class='ocrx_word' id='word_1_16' title='bbox 334 345 429 384; x_wconf 85' lang='lat' dir='ltr'>longe</span> <span class='ocrx_word' id='word_1_17' title='bbox 460 343 596 374; x_wconf 81' lang='lat' dir='ltr'>excedit.</span> <span class='ocrx_word' id='word_1_18' title='bbox 643 343 757 382; x_wconf 84' lang='lat' dir='ltr'>Itaque</span> <span class='ocrx_word' id='word_1_19' title='bbox 782 342 883 373; x_wconf 85' lang='lat' dir='ltr'>Mosis</span> <span class='ocrx_word' id='word_1_20' title='bbox 907 342 1097 378; x_wconf 77' lang='lat' dir='ltr'>narrationi,</span> 
     </span>
     <span class='ocr_line' id='line_1_4' title="bbox 131 384 1098 430; baseline -0.005 -10"><span class='ocrx_word' id='word_1_21' title='bbox 131 390 205 430; x_wconf 86' lang='lat' dir='ltr'>quia</span> <span class='ocrx_word' id='word_1_22' title='bbox 237 398 438 420; x_wconf 88' lang='lat' dir='ltr'>communem</span> <span class='ocrx_word' id='word_1_23' title='bbox 473 385 651 426; x_wconf 85' lang='lat' dir='ltr'>generandi</span> <span class='ocrx_word' id='word_1_24' title='bbox 685 384 816 415; x_wconf 90' lang='lat' dir='ltr'>modum</span> <span class='ocrx_word' id='word_1_25' title='bbox 850 384 1098 425; x_wconf 76' lang='lat' dir='ltr'>transgreditur,</span> 
     </span>
     <span class='ocr_line' id='line_1_5' title="bbox 132 427 1099 472; baseline -0.006 -9"><span class='ocrx_word' id='word_1_26' title='bbox 132 432 222 472; x_wconf 80' lang='lat' dir='ltr'>quasi</span> <span class='ocrx_word' id='word_1_27' title='bbox 245 430 408 461; x_wconf 87' lang='lat' dir='ltr'>fabulosae</span> <span class='ocrx_word' id='word_1_28' title='bbox 432 429 526 460; x_wconf 87' lang='lat' dir='ltr'>fidem</span> <span class='ocrx_word' id='word_1_29' title='bbox 550 429 708 468; x_wconf 77' lang='lat' dir='ltr'>abrogant</span> <span class='ocrx_word' id='word_1_30' title='bbox 730 427 837 458; x_wconf 86' lang='lat' dir='ltr'>nasuti</span> <span class='ocrx_word' id='word_1_31' title='bbox 861 427 1020 464; x_wconf 85' lang='lat' dir='ltr'>homines,</span> <span class='ocrx_word' id='word_1_32' title='bbox 1045 428 1099 467; x_wconf 91' lang='lat' dir='ltr'>qui</span> 
     </span>
     <span class='ocr_line' id='line_1_6' title="bbox 132 470 1098 510; baseline -0.006 -4"><span class='ocrx_word' id='word_1_33' title='bbox 132 475 192 506; x_wconf 87' lang='lat' dir='ltr'>Dei</span> <span class='ocrx_word' id='word_1_34' title='bbox 225 474 377 504; x_wconf 79' lang='lat' dir='ltr'>virtutem</span> <span class='ocrx_word' id='word_1_35' title='bbox 410 472 538 502; x_wconf 88' lang='lat' dir='ltr'>nonnisi</span> <span class='ocrx_word' id='word_1_36' title='bbox 562 482 601 502; x_wconf 80' lang='lat' dir='ltr'>ex</span> <span class='ocrx_word' id='word_1_37' title='bbox 626 481 683 501; x_wconf 88' lang='lat' dir='ltr'>suo</span> <span class='ocrx_word' id='word_1_38' title='bbox 713 481 811 502; x_wconf 86' lang='lat' dir='ltr'>sensu</span> <span class='ocrx_word' id='word_1_39' title='bbox 835 475 867 501; x_wconf 91' lang='lat' dir='ltr'>et</span> <span class='ocrx_word' id='word_1_40' title='bbox 897 470 1098 510; x_wconf 77' lang='lat' dir='ltr'>experientia</span> 
     </span>
     <span class='ocr_line' id='line_1_7' title="bbox 132 512 1098 553; baseline -0.006 -5"><span class='ocrx_word' id='word_1_41' title='bbox 132 517 312 548; x_wconf 84' lang='lat' dir='ltr'>aestimant.</span> <span class='ocrx_word' id='word_1_42' title='bbox 358 515 407 546; x_wconf 89' lang='lat' dir='ltr'>Ea</span> <span class='ocrx_word' id='word_1_43' title='bbox 438 515 524 545; x_wconf 86' lang='lat' dir='ltr'>enim</span> <span class='ocrx_word' id='word_1_44' title='bbox 554 519 603 545; x_wconf 87' lang='lat' dir='ltr'>est</span> <span class='ocrx_word' id='word_1_45' title='bbox 633 513 802 544; x_wconf 89' lang='lat' dir='ltr'>hominum</span> <span class='ocrx_word' id='word_1_46' title='bbox 833 512 1034 553; x_wconf 79' lang='lat' dir='ltr'>malignitas,</span> <span class='ocrx_word' id='word_1_47' title='bbox 1061 517 1098 543; x_wconf 89' lang='lat' dir='ltr'>ut</span> 
     </span>
     <span class='ocr_line' id='line_1_8' title="bbox 134 556 1096 598; baseline -0.004 -8"><span class='ocrx_word' id='word_1_48' title='bbox 134 561 182 590; x_wconf 72' lang='lat' dir='ltr'>vel</span> <span class='ocrx_word' id='word_1_49' title='bbox 217 557 406 598; x_wconf 76' lang='lat' dir='ltr'>spernendis</span> <span class='ocrx_word' id='word_1_50' title='bbox 441 558 501 588; x_wconf 89' lang='lat' dir='ltr'>Dei</span> <span class='ocrx_word' id='word_1_51' title='bbox 537 556 685 596; x_wconf 87' lang='lat' dir='ltr'>operibus</span> <span class='ocrx_word' id='word_1_52' title='bbox 729 566 857 595; x_wconf 88' lang='lat' dir='ltr'>semper</span> <span class='ocrx_word' id='word_1_53' title='bbox 897 556 1096 587; x_wconf 80' lang='lat' dir='ltr'>occasionem</span> 
     </span>
     <span class='ocr_line' id='line_1_9' title="bbox 132 598 1097 639; baseline -0.004 -7"><span class='ocrx_word' id='word_1_54' title='bbox 132 603 315 632; x_wconf 74' lang='lat' dir='ltr'>inveniant:</span> <span class='ocrx_word' id='word_1_55' title='bbox 350 611 387 631; x_wconf 89' lang='lat' dir='ltr'>ea</span> <span class='ocrx_word' id='word_1_56' title='bbox 421 600 519 630; x_wconf 86' lang='lat' dir='ltr'>etiam</span> <span class='ocrx_word' id='word_1_57' title='bbox 553 599 743 639; x_wconf 79' lang='lat' dir='ltr'>improbitas</span> <span class='ocrx_word' id='word_1_58' title='bbox 774 603 806 629; x_wconf 87' lang='lat' dir='ltr'>et</span> <span class='ocrx_word' id='word_1_59' title='bbox 835 598 1030 639; x_wconf 79' lang='lat' dir='ltr'>petulantia,</span> <span class='ocrx_word' id='word_1_60' title='bbox 1061 603 1097 628; x_wconf 88' lang='lat' dir='ltr'>ut</span> 
     </span>
     <span class='ocr_line' id='line_1_10' title="bbox 133 640 1098 682; baseline -0.004 -7"><span class='ocrx_word' id='word_1_61' title='bbox 133 655 267 676; x_wconf 87' lang='lat' dir='ltr'>acumen</span> <span class='ocrx_word' id='word_1_62' title='bbox 280 654 374 674; x_wconf 86' lang='lat' dir='ltr'>suum</span> <span class='ocrx_word' id='word_1_63' title='bbox 388 643 506 682; x_wconf 88' lang='lat' dir='ltr'>absque</span> <span class='ocrx_word' id='word_1_64' title='bbox 527 642 646 682; x_wconf 88' lang='lat' dir='ltr'>pudore</span> <span class='ocrx_word' id='word_1_65' title='bbox 660 645 834 673; x_wconf 74' lang='lat' dir='ltr'>exerceant</span> <span class='ocrx_word' id='word_1_66' title='bbox 852 642 883 671; x_wconf 89' lang='lat' dir='ltr'>in</span> <span class='ocrx_word' id='word_1_67' title='bbox 898 640 1098 672; x_wconf 84' lang='lat' dir='ltr'>obscuranda</span> 
     </span>
     <span class='ocr_line' id='line_1_11' title="bbox 133 684 1098 727; baseline -0.003 -10"><span class='ocrx_word' id='word_1_68' title='bbox 133 689 200 718; x_wconf 85' lang='lat' dir='ltr'>eius</span> <span class='ocrx_word' id='word_1_69' title='bbox 231 687 341 727; x_wconf 86' lang='lat' dir='ltr'>gloria.</span> <span class='ocrx_word' id='word_1_70' title='bbox 390 686 425 717; x_wconf 60' lang='lat' dir='ltr'>si</span> <span class='ocrx_word' id='word_1_71' title='bbox 454 685 581 716; x_wconf 82' lang='lat' dir='ltr'>ratione</span> <span class='ocrx_word' id='word_1_72' title='bbox 611 684 890 724; x_wconf 80' lang='lat' dir='ltr'>comprehendant</span> <span class='ocrx_word' id='word_1_73' title='bbox 912 684 982 714; x_wconf 88' lang='lat' dir='ltr'>fieri</span> <span class='ocrx_word' id='word_1_74' title='bbox 1006 694 1098 723; x_wconf 86' lang='lat' dir='ltr'>posse</span> 
     </span>
     <span class='ocr_line' id='line_1_12' title="bbox 133 727 1097 770; baseline -0.005 -9"><span class='ocrx_word' id='word_1_75' title='bbox 133 730 216 770; x_wconf 80' lang='lat' dir='ltr'>quod</span> <span class='ocrx_word' id='word_1_76' title='bbox 246 740 302 769; x_wconf 86' lang='lat' dir='ltr'>pro</span> <span class='ocrx_word' id='word_1_77' title='bbox 331 728 485 759; x_wconf 85' lang='lat' dir='ltr'>miraculo</span> <span class='ocrx_word' id='word_1_78' title='bbox 520 733 689 764; x_wconf 79' lang='lat' dir='ltr'>narratur,</span> <span class='ocrx_word' id='word_1_79' title='bbox 724 733 859 758; x_wconf 87' lang='lat' dir='ltr'>naturae</span> <span class='ocrx_word' id='word_1_80' title='bbox 893 727 1097 758; x_wconf 83' lang='lat' dir='ltr'>adscribunt:</span> 
     </span>
     <span class='ocr_line' id='line_1_13' title="bbox 132 768 1099 814; baseline -0.004 -11"><span class='ocrx_word' id='word_1_81' title='bbox 132 774 189 814; x_wconf 68' lang='lat' dir='ltr'>(ita</span> <span class='ocrx_word' id='word_1_82' title='bbox 212 772 341 803; x_wconf 79' lang='lat' dir='ltr'>virtutis</span> <span class='ocrx_word' id='word_1_83' title='bbox 364 782 441 801; x_wconf 76' lang='lat' dir='ltr'>suae</span> <span class='ocrx_word' id='word_1_84' title='bbox 465 771 559 801; x_wconf 82' lang='lat' dir='ltr'>lande</span> <span class='ocrx_word' id='word_1_85' title='bbox 578 770 733 810; x_wconf 87' lang='lat' dir='ltr'>spoliatur</span> <span class='ocrx_word' id='word_1_86' title='bbox 752 781 789 801; x_wconf 88' lang='lat' dir='ltr'>ac</span> <span class='ocrx_word' id='word_1_87' title='bbox 808 769 977 800; x_wconf 81' lang='lat' dir='ltr'>fraudatur</span> <span class='ocrx_word' id='word_1_88' title='bbox 998 768 1099 810; x_wconf 86' lang='lat' dir='ltr'>Deus)</span> 
     </span>
     <span class='ocr_line' id='line_1_14' title="bbox 133 813 1099 853; baseline -0.004 -7"><span class='ocrx_word' id='word_1_89' title='bbox 133 817 158 846; x_wconf 74' lang='lat' dir='ltr'>si</span> <span class='ocrx_word' id='word_1_90' title='bbox 183 815 244 846; x_wconf 87' lang='lat' dir='ltr'>illis</span> <span class='ocrx_word' id='word_1_91' title='bbox 269 813 593 853; x_wconf 75' lang='lat' dir='ltr'>incomprehensibile</span> <span class='ocrx_word' id='word_1_92' title='bbox 623 819 687 851; x_wconf 86' lang='lat' dir='ltr'>est,</span> <span class='ocrx_word' id='word_1_93' title='bbox 718 813 809 852; x_wconf 80' lang='lat' dir='ltr'>quasi</span> <span class='ocrx_word' id='word_1_94' title='bbox 839 817 1025 852; x_wconf 82' lang='lat' dir='ltr'>portentum</span> <span class='ocrx_word' id='word_1_95' title='bbox 1049 822 1099 842; x_wconf 85' lang='lat' dir='ltr'>re-</span> 
     </span>
     <span class='ocr_line' id='line_1_15' title="bbox 133 856 1097 899; baseline -0.005 -10"><span class='ocrx_word' id='word_1_96' title='bbox 133 859 275 899; x_wconf 89' lang='lat' dir='ltr'>pudiant.</span> <span class='ocrx_word' id='word_1_97' title='bbox 329 857 427 896; x_wconf 83' lang='lat' dir='ltr'>Atqui</span> <span class='ocrx_word' id='word_1_98' title='bbox 461 857 487 887; x_wconf 88' lang='lat' dir='ltr'>si</span> <span class='ocrx_word' id='word_1_99' title='bbox 518 856 579 886; x_wconf 91' lang='lat' dir='ltr'>Dei</span> <span class='ocrx_word' id='word_1_100' title='bbox 615 857 791 895; x_wconf 84' lang='lat' dir='ltr'>potentiam</span> <span class='ocrx_word' id='word_1_101' title='bbox 824 865 1000 896; x_wconf 81' lang='lat' dir='ltr'>agnoscere</span> <span class='ocrx_word' id='word_1_102' title='bbox 1035 865 1097 884; x_wconf 90' lang='grc'><strong>1100</strong></span> 
     </span>
     <span class='ocr_line' id='line_1_16' title="bbox 133 897 1099 939; baseline -0.004 -8"><span class='ocrx_word' id='word_1_103' title='bbox 133 902 300 937; x_wconf 86' lang='lat' dir='ltr'>sustinent,</span> <span class='ocrx_word' id='word_1_104' title='bbox 324 899 386 930; x_wconf 84' lang='grc'><strong>0151</strong></span> <span class='ocrx_word' id='word_1_105' title='bbox 409 899 499 930; x_wconf 80' lang='lat' dir='ltr'>euius</span> <span class='ocrx_word' id='word_1_106' title='bbox 519 899 742 939; x_wconf 77' lang='lat' dir='ltr'>magnitudine</span> <span class='ocrx_word' id='word_1_107' title='bbox 762 898 942 929; x_wconf 88' lang='lat' dir='ltr'>reddantur</span> <span class='ocrx_word' id='word_1_108' title='bbox 961 897 1099 935; x_wconf 84' lang='lat' dir='ltr'>att-oniti,</span> 
     </span>
     <span class='ocr_line' id='line_1_17' title="bbox 133 940 1100 981; baseline -0.004 -7"><span class='ocrx_word' id='word_1_109' title='bbox 133 955 190 975; x_wconf 88' lang='lat' dir='ltr'>cur</span> <span class='ocrx_word' id='word_1_110' title='bbox 207 944 265 974; x_wconf 80' lang='lat' dir='ltr'>sibi</span> <span class='ocrx_word' id='word_1_111' title='bbox 286 954 396 973; x_wconf 80' lang='lat' dir='ltr'>verum</span> <span class='ocrx_word' id='word_1_112' title='bbox 417 952 487 973; x_wconf 84' lang='lat' dir='ltr'>esse</span> <span class='ocrx_word' id='word_1_113' title='bbox 506 952 572 973; x_wconf 89' lang='lat' dir='ltr'>non</span> <span class='ocrx_word' id='word_1_114' title='bbox 592 941 789 981; x_wconf 80' lang='lat' dir='ltr'>persuadent</span> <span class='ocrx_word' id='word_1_115' title='bbox 808 940 962 981; x_wconf 89' lang='lat' dir='ltr'>quidquid</span> <span class='ocrx_word' id='word_1_116' title='bbox 975 940 1100 979; x_wconf 75' lang='lat' dir='ltr'>respuit</span> 
     </span>
     <span class='ocr_line' id='line_1_18' title="bbox 131 983 1100 1025; baseline -0.004 -8"><span class='ocrx_word' id='word_1_117' title='bbox 131 986 308 1018; x_wconf 82' lang='lat' dir='ltr'>eommunis</span> <span class='ocrx_word' id='word_1_118' title='bbox 349 984 485 1016; x_wconf 74' lang='lat' dir='ltr'>sensus?</span> <span class='ocrx_word' id='word_1_119' title='bbox 521 985 652 1025; x_wconf 78' lang='lat' dir='ltr'>Rogant</span> <span class='ocrx_word' id='word_1_120' title='bbox 694 985 853 1024; x_wconf 88' lang='lat' dir='ltr'>quomodo</span> <span class='ocrx_word' id='word_1_121' title='bbox 892 983 926 1014; x_wconf 87' lang='lat' dir='ltr'>id</span> <span class='ocrx_word' id='word_1_122' title='bbox 958 983 1100 1023; x_wconf 86' lang='lat' dir='ltr'>potuerit</span> 
     </span>
     <span class='ocr_line' id='line_1_19' title="bbox 131 1026 1098 1067; baseline -0.004 -7"><span class='ocrx_word' id='word_1_123' title='bbox 131 1029 282 1060; x_wconf 81' lang='lat' dir='ltr'>accidere.</span> <span class='ocrx_word' id='word_1_124' title='bbox 339 1028 438 1067; x_wconf 77' lang='lat' dir='ltr'>Quasi</span> <span class='ocrx_word' id='word_1_125' title='bbox 482 1038 559 1058; x_wconf 77' lang='lat' dir='ltr'>vero</span> <span class='ocrx_word' id='word_1_126' title='bbox 601 1038 737 1067; x_wconf 88' lang='lat' dir='ltr'>aequum</span> <span class='ocrx_word' id='word_1_127' title='bbox 777 1027 833 1063; x_wconf 90' lang='lat' dir='ltr'>sit,</span> <span class='ocrx_word' id='word_1_128' title='bbox 870 1026 931 1057; x_wconf 89' lang='lat' dir='ltr'>Dei</span> <span class='ocrx_word' id='word_1_129' title='bbox 966 1036 1098 1056; x_wconf 88' lang='lat' dir='ltr'>manum</span> 
     </span>
     <span class='ocr_line' id='line_1_20' title="bbox 131 1069 1098 1111; baseline -0.003 -9"><span class='ocrx_word' id='word_1_130' title='bbox 131 1072 281 1111; x_wconf 73' lang='lat' dir='ltr'>restringi</span> <span class='ocrx_word' id='word_1_131' title='bbox 296 1082 334 1101; x_wconf 90' lang='lat' dir='ltr'>ne</span> <span class='ocrx_word' id='word_1_132' title='bbox 354 1072 387 1101; x_wconf 91' lang='lat' dir='ltr'>in</span> <span class='ocrx_word' id='word_1_133' title='bbox 407 1071 476 1101; x_wconf 89' lang='lat' dir='ltr'>eius</span> <span class='ocrx_word' id='word_1_134' title='bbox 495 1070 630 1101; x_wconf 86' lang='lat' dir='ltr'>arbitrio</span> <span class='ocrx_word' id='word_1_135' title='bbox 644 1071 685 1101; x_wconf 88' lang='lat' dir='ltr'>sit</span> <span class='ocrx_word' id='word_1_136' title='bbox 705 1070 830 1109; x_wconf 85' lang='lat' dir='ltr'>operari</span> <span class='ocrx_word' id='word_1_137' title='bbox 850 1080 946 1109; x_wconf 88' lang='lat' dir='ltr'>supra</span> <span class='ocrx_word' id='word_1_138' title='bbox 965 1069 1098 1099; x_wconf 87' lang='lat' dir='ltr'>humani</span> 
     </span>
     <span class='ocr_line' id='line_1_21' title="bbox 131 1111 1098 1155; baseline -0.004 -10"><span class='ocrx_word' id='word_1_139' title='bbox 131 1115 254 1155; x_wconf 78' lang='lat' dir='ltr'>ingenii</span> <span class='ocrx_word' id='word_1_140' title='bbox 284 1122 420 1153; x_wconf 83' lang='lat' dir='ltr'>captum.</span> <span class='ocrx_word' id='word_1_141' title='bbox 468 1113 554 1152; x_wconf 74' lang='lat' dir='ltr'>Quin</span> <span class='ocrx_word' id='word_1_142' title='bbox 588 1113 694 1153; x_wconf 84' lang='lat' dir='ltr'>potius</span> <span class='ocrx_word' id='word_1_143' title='bbox 726 1113 800 1152; x_wconf 85' lang='lat' dir='ltr'>quia</span> <span class='ocrx_word' id='word_1_144' title='bbox 831 1118 895 1143; x_wconf 88' lang='lat' dir='ltr'>tam</span> <span class='ocrx_word' id='word_1_145' title='bbox 928 1111 1010 1142; x_wconf 78' lang='lat' dir='ltr'>male</span> <span class='ocrx_word' id='word_1_146' title='bbox 1039 1122 1098 1151; x_wconf 89' lang='lat' dir='ltr'>pro</span> 
     </span>
     <span class='ocr_line' id='line_1_22' title="bbox 133 1155 1098 1195; baseline -0.004 -7"><span class='ocrx_word' id='word_1_147' title='bbox 133 1165 241 1188; x_wconf 83' lang='lat' dir='ltr'>nostra</span> <span class='ocrx_word' id='word_1_148' title='bbox 273 1157 423 1187; x_wconf 76' lang='lat' dir='ltr'>tarditate</span> <span class='ocrx_word' id='word_1_149' title='bbox 447 1157 479 1186; x_wconf 94' lang='grc'>10</span> <span class='ocrx_word' id='word_1_150' title='bbox 503 1156 676 1187; x_wconf 84' lang='lat' dir='ltr'>ordinariis</span> <span class='ocrx_word' id='word_1_151' title='bbox 699 1157 768 1186; x_wconf 88' lang='lat' dir='ltr'>eius</span> <span class='ocrx_word' id='word_1_152' title='bbox 799 1155 949 1195; x_wconf 86' lang='lat' dir='ltr'>operibus</span> <span class='ocrx_word' id='word_1_153' title='bbox 973 1155 1098 1194; x_wconf 73' lang='lat' dir='ltr'>profici-</span> 
     </span>
     <span class='ocr_line' id='line_1_23' title="bbox 131 1198 1099 1237; baseline -0.003 -7"><span class='ocrx_word' id='word_1_154' title='bbox 131 1212 217 1235; x_wconf 84' lang='lat' dir='ltr'>mus,</span> <span class='ocrx_word' id='word_1_155' title='bbox 243 1210 372 1230; x_wconf 77' lang='lat' dir='ltr'>neeesse</span> <span class='ocrx_word' id='word_1_156' title='bbox 396 1205 444 1230; x_wconf 79' lang='lat' dir='ltr'>est</span> <span class='ocrx_word' id='word_1_157' title='bbox 468 1199 599 1229; x_wconf 84' lang='lat' dir='ltr'>insolita</span> <span class='ocrx_word' id='word_1_158' title='bbox 623 1199 814 1230; x_wconf 85' lang='lat' dir='ltr'>documenta</span> <span class='ocrx_word' id='word_1_159' title='bbox 838 1198 930 1228; x_wconf 82' lang='lat' dir='ltr'>nobis</span> <span class='ocrx_word' id='word_1_160' title='bbox 954 1198 1099 1237; x_wconf 88' lang='lat' dir='ltr'>proponi,</span> 
     </span>
     <span class='ocr_line' id='line_1_24' title="bbox 132 1240 1099 1282; baseline -0.001 -11"><span class='ocrx_word' id='word_1_161' title='bbox 132 1254 211 1282; x_wconf 65' lang='lat' dir='ltr'>(piae</span> <span class='ocrx_word' id='word_1_162' title='bbox 244 1243 276 1273; x_wconf 88' lang='lat' dir='ltr'>in</span> <span class='ocrx_word' id='word_1_163' title='bbox 311 1242 558 1273; x_wconf 75' lang='lat' dir='ltr'>admirationem</span> <span class='ocrx_word' id='word_1_164' title='bbox 595 1253 651 1272; x_wconf 89' lang='lat' dir='ltr'>nos</span> <span class='ocrx_word' id='word_1_165' title='bbox 688 1242 823 1281; x_wconf 80' lang='lat' dir='ltr'>rapiant.</span> <span class='ocrx_word' id='word_1_166' title='bbox 878 1240 1013 1272; x_wconf 78' lang='lat' dir='ltr'>Summa</span> <span class='ocrx_word' id='word_1_167' title='bbox 1048 1240 1099 1278; x_wconf 87' lang='lat' dir='ltr'>sit,</span> 
     </span>
     <span class='ocr_line' id='line_1_25' title="bbox 131 1283 1100 1325; baseline -0.003 -9"><span class='ocrx_word' id='word_1_168' title='bbox 131 1286 281 1325; x_wconf 87' lang='lat' dir='ltr'>quianon</span> <span class='ocrx_word' id='word_1_169' title='bbox 302 1285 339 1315; x_wconf 80' lang='lat' dir='ltr'>de</span> <span class='ocrx_word' id='word_1_170' title='bbox 360 1285 501 1315; x_wconf 83' lang='lat' dir='ltr'>naturali</span> <span class='ocrx_word' id='word_1_171' title='bbox 520 1285 638 1315; x_wconf 80' lang='lat' dir='ltr'>sobolis</span> <span class='ocrx_word' id='word_1_172' title='bbox 660 1285 881 1324; x_wconf 77' lang='lat' dir='ltr'>procreatione</span> <span class='ocrx_word' id='word_1_173' title='bbox 900 1283 951 1314; x_wconf 84' lang='grc'><strong>1110</strong></span> <span class='ocrx_word' id='word_1_174' title='bbox 971 1283 1100 1313; x_wconf 83' lang='lat' dir='ltr'>disserit</span> 
     </span>
     <span class='ocr_line' id='line_1_26' title="bbox 132 1326 1099 1368; baseline -0.003 -9"><span class='ocrx_word' id='word_1_175' title='bbox 132 1329 248 1367; x_wconf 75' lang='lat' dir='ltr'>Moses,</span> <span class='ocrx_word' id='word_1_176' title='bbox 270 1328 325 1359; x_wconf 79' lang='lat' dir='ltr'>sed</span> <span class='ocrx_word' id='word_1_177' title='bbox 345 1328 537 1359; x_wconf 85' lang='lat' dir='ltr'>miraculum</span> <span class='ocrx_word' id='word_1_178' title='bbox 556 1328 646 1368; x_wconf 84' lang='lat' dir='ltr'>prius</span> <span class='ocrx_word' id='word_1_179' title='bbox 666 1326 846 1358; x_wconf 86' lang='lat' dir='ltr'>inauditum</span> <span class='ocrx_word' id='word_1_180' title='bbox 867 1326 1017 1364; x_wconf 82' lang='lat' dir='ltr'>celebrat,</span> <span class='ocrx_word' id='word_1_181' title='bbox 1037 1336 1099 1366; x_wconf 90' lang='lat' dir='ltr'>quo</span> 
     </span>
     <span class='ocr_line' id='line_1_27' title="bbox 132 1370 1099 1410; baseline -0.003 -8"><span class='ocrx_word' id='word_1_182' title='bbox 132 1372 220 1403; x_wconf 82' lang='lat' dir='ltr'>Deus</span> <span class='ocrx_word' id='word_1_183' title='bbox 243 1382 319 1402; x_wconf 82' lang='lat' dir='ltr'>suae</span> <span class='ocrx_word' id='word_1_184' title='bbox 342 1371 565 1410; x_wconf 83' lang='lat' dir='ltr'>promissionis</span> <span class='ocrx_word' id='word_1_185' title='bbox 590 1370 686 1401; x_wconf 84' lang='lat' dir='ltr'>fidem</span> <span class='ocrx_word' id='word_1_186' title='bbox 710 1371 863 1408; x_wconf 81' lang='lat' dir='ltr'>sancivit,</span> <span class='ocrx_word' id='word_1_187' title='bbox 887 1379 984 1409; x_wconf 85' lang='lat' dir='ltr'>quum</span> <span class='ocrx_word' id='word_1_188' title='bbox 1010 1379 1099 1399; x_wconf 86' lang='lat' dir='ltr'>reve-</span> 
     </span>
     <span class='ocr_line' id='line_1_28' title="bbox 133 1413 1100 1454; baseline -0.002 -10"><span class='ocrx_word' id='word_1_189' title='bbox 133 1422 239 1445; x_wconf 83' lang='lat' dir='ltr'>renter</span> <span class='ocrx_word' id='word_1_190' title='bbox 253 1415 413 1454; x_wconf 77' lang='lat' dir='ltr'>suspicere</span> <span class='ocrx_word' id='word_1_191' title='bbox 432 1414 604 1445; x_wconf 79' lang='lat' dir='ltr'>conveniat</span> <span class='ocrx_word' id='word_1_192' title='bbox 623 1413 706 1452; x_wconf 91' lang='lat' dir='ltr'>quod</span> <span class='ocrx_word' id='word_1_193' title='bbox 721 1424 834 1444; x_wconf 88' lang='grc'><strong>500505</strong></span> <span class='ocrx_word' id='word_1_194' title='bbox 848 1423 959 1443; x_wconf 89' lang='lat' dir='ltr'>omnes</span> <span class='ocrx_word' id='word_1_195' title='bbox 974 1418 1100 1442; x_wconf 89' lang='lat' dir='ltr'>nostros</span> 
     </span>
     <span class='ocr_line' id='line_1_29' title="bbox 132 1455 1100 1496; baseline -0.003 -9"><span class='ocrx_word' id='word_1_196' title='bbox 132 1458 289 1488; x_wconf 82' lang='lat' dir='ltr'>immenso</span> <span class='ocrx_word' id='word_1_197' title='bbox 314 1457 418 1496; x_wconf 64' lang='lat' dir='ltr'>:patio</span> <span class='ocrx_word' id='word_1_198' title='bbox 443 1456 654 1493; x_wconf 84' lang='lat' dir='ltr'>transcendit,</span> <span class='ocrx_word' id='word_1_199' title='bbox 679 1466 831 1496; x_wconf 76' lang='lat' dir='ltr'>perverse</span> <span class='ocrx_word' id='word_1_200' title='bbox 856 1455 894 1485; x_wconf 90' lang='lat' dir='ltr'>de</span> <span class='ocrx_word' id='word_1_201' title='bbox 917 1465 954 1485; x_wconf 90' lang='lat' dir='ltr'>eo</span> <span class='ocrx_word' id='word_1_202' title='bbox 978 1460 1009 1485; x_wconf 85' lang='lat' dir='ltr'>et</span> <span class='ocrx_word' id='word_1_203' title='bbox 1032 1465 1100 1484; x_wconf 90' lang='lat' dir='ltr'>ma-</span> 
     </span>
     <span class='ocr_line' id='line_1_30' title="bbox 131 1497 1098 1540; baseline -0.003 -10"><span class='ocrx_word' id='word_1_204' title='bbox 131 1500 218 1540; x_wconf 85' lang='lat' dir='ltr'>ligne</span> <span class='ocrx_word' id='word_1_205' title='bbox 252 1510 291 1530; x_wconf 76' lang='lat' dir='ltr'>ex</span> <span class='ocrx_word' id='word_1_206' title='bbox 326 1500 459 1530; x_wconf 87' lang='lat' dir='ltr'>rationis</span> <span class='ocrx_word' id='word_1_207' title='bbox 501 1504 627 1530; x_wconf 79' lang='lat' dir='ltr'>nostrae</span> <span class='ocrx_word' id='word_1_208' title='bbox 660 1499 791 1530; x_wconf 87' lang='lat' dir='ltr'>modulo</span> <span class='ocrx_word' id='word_1_209' title='bbox 830 1498 985 1529; x_wconf 85' lang='lat' dir='ltr'>iudicium</span> <span class='ocrx_word' id='word_1_210' title='bbox 1020 1497 1098 1528; x_wconf 86' lang='lat' dir='ltr'>ficri.</span> 
     </span>
     <span class='ocr_line' id='line_1_31' title="bbox 133 1539 1100 1582; baseline -0.003 -9"><span class='ocrx_word' id='word_1_211' title='bbox 133 1542 242 1581; x_wconf 84' lang='lat' dir='ltr'>Quare</span> <span class='ocrx_word' id='word_1_212' title='bbox 260 1543 365 1582; x_wconf 86' lang='lat' dir='ltr'>potius</span> <span class='ocrx_word' id='word_1_213' title='bbox 384 1542 414 1573; x_wconf 88' lang='lat' dir='ltr'>id</span> <span class='ocrx_word' id='word_1_214' title='bbox 435 1542 468 1572; x_wconf 89' lang='lat' dir='ltr'>in</span> <span class='ocrx_word' id='word_1_215' title='bbox 488 1542 678 1573; x_wconf 84' lang='lat' dir='ltr'>memoriam</span> <span class='ocrx_word' id='word_1_216' title='bbox 698 1542 810 1572; x_wconf 79' lang='lat' dir='ltr'>veniat</span> <span class='ocrx_word' id='word_1_217' title='bbox 830 1540 915 1580; x_wconf 85' lang='lat' dir='ltr'>quod</span> <span class='ocrx_word' id='word_1_218' title='bbox 935 1539 1100 1571; x_wconf 84' lang='lat' dir='ltr'>incredulo</span> 
     </span>
     <span class='ocr_line' id='line_1_32' title="bbox 132 1583 1099 1626; baseline -0.003 -9"><span class='ocrx_word' id='word_1_219' title='bbox 132 1586 249 1626; x_wconf 91' lang='lat' dir='ltr'>populo</span> <span class='ocrx_word' id='word_1_220' title='bbox 277 1585 451 1625; x_wconf 81' lang='lat' dir='ltr'>exprobrat</span> <span class='ocrx_word' id='word_1_221' title='bbox 474 1585 564 1616; x_wconf 90' lang='lat' dir='ltr'>Deus</span> <span class='ocrx_word' id='word_1_222' title='bbox 588 1585 671 1625; x_wconf 88' lang='lat' dir='ltr'>apud</span> <span class='ocrx_word' id='word_1_223' title='bbox 696 1585 815 1616; x_wconf 85' lang='lat' dir='ltr'>Isaiam</span> <span class='ocrx_word' id='word_1_224' title='bbox 840 1584 903 1625; x_wconf 79' lang='lat'>(51,</span> <span class='ocrx_word' id='word_1_225' title='bbox 930 1583 970 1625; x_wconf 80' lang='lat'>1).</span> <span class='ocrx_word' id='word_1_226' title='bbox 1015 1583 1099 1614; x_wconf 84' lang='lat' dir='ltr'>Nam</span> 
     </span>
     <span class='ocr_line' id='line_1_33' title="bbox 134 1626 1099 1668; baseline -0.003 -9"><span class='ocrx_word' id='word_1_227' title='bbox 134 1637 167 1659; x_wconf 83' lang='lat' dir='ltr'>ut</span> <span class='ocrx_word' id='word_1_228' title='bbox 202 1628 311 1668; x_wconf 88' lang='lat' dir='ltr'>probet</span> <span class='ocrx_word' id='word_1_229' title='bbox 342 1629 402 1659; x_wconf 88' lang='grc'><strong>51111</strong></span> <span class='ocrx_word' id='word_1_230' title='bbox 432 1639 498 1659; x_wconf 87' lang='grc'>000</span> <span class='ocrx_word' id='word_1_231' title='bbox 528 1638 597 1659; x_wconf 89' lang='lat' dir='ltr'>esse</span> <span class='ocrx_word' id='word_1_232' title='bbox 628 1627 775 1665; x_wconf 84' lang='lat' dir='ltr'>difficile,</span> <span class='ocrx_word' id='word_1_233' title='bbox 806 1638 845 1658; x_wconf 80' lang='lat' dir='ltr'>cx</span> <span class='ocrx_word' id='word_1_234' title='bbox 875 1627 1036 1667; x_wconf 86' lang='lat' dir='ltr'>paucitate</span> <span class='ocrx_word' id='word_1_235' title='bbox 1060 1626 1099 1656; x_wconf 87' lang='lat' dir='ltr'>ad</span> 
     </span>
     <span class='ocr_line' id='line_1_34' title="bbox 132 1669 1101 1711; baseline -0.003 -9"><span class='ocrx_word' id='word_1_236' title='bbox 132 1682 227 1711; x_wconf 81' lang='lat' dir='ltr'>quani</span> <span class='ocrx_word' id='word_1_237' title='bbox 263 1671 382 1702; x_wconf 82' lang='lat' dir='ltr'>redacti</span> <span class='ocrx_word' id='word_1_238' title='bbox 417 1675 510 1702; x_wconf 82' lang='lat' dir='ltr'>erant</span> <span class='ocrx_word' id='word_1_239' title='bbox 542 1670 673 1708; x_wconf 89' lang='lat' dir='ltr'>Iudaei,</span> <span class='ocrx_word' id='word_1_240' title='bbox 715 1670 893 1710; x_wconf 83' lang='lat' dir='ltr'>producere</span> <span class='ocrx_word' id='word_1_241' title='bbox 933 1669 1101 1709; x_wconf 84' lang='lat' dir='ltr'>ingentem</span> 
     </span>
     <span class='ocr_line' id='line_1_35' title="bbox 132 1713 1101 1752; baseline -0.002 -8"><span class='ocrx_word' id='word_1_242' title='bbox 132 1714 390 1752; x_wconf 81' lang='lat' dir='ltr'>multitudinem,</span> <span class='ocrx_word' id='word_1_243' title='bbox 431 1714 518 1744; x_wconf 88' lang='lat' dir='ltr'>iubet</span> <span class='ocrx_word' id='word_1_244' title='bbox 556 1724 610 1745; x_wconf 89' lang='lat' dir='ltr'>eos</span> <span class='ocrx_word' id='word_1_245' title='bbox 652 1713 820 1745; x_wconf 84' lang='lat' dir='ltr'>attendere</span> <span class='ocrx_word' id='word_1_246' title='bbox 853 1713 893 1743; x_wconf 93' lang='lat' dir='ltr'>ad</span> <span class='ocrx_word' id='word_1_247' title='bbox 927 1722 1101 1744; x_wconf 88' lang='lat' dir='ltr'>cavernam</span> 
     </span>
     <span class='ocr_line' id='line_1_36' title="bbox 133 1754 1101 1797; baseline -0.002 -10"><span class='ocrx_word' id='word_1_248' title='bbox 133 1757 216 1788; x_wconf 90' lang='lat' dir='ltr'>unde</span> <span class='ocrx_word' id='word_1_249' title='bbox 245 1758 343 1789; x_wconf 80' lang='lat' dir='ltr'>excisi</span> <span class='ocrx_word' id='word_1_250' title='bbox 375 1762 482 1794; x_wconf 82' lang='lat' dir='ltr'>erant,</span> <span class='ocrx_word' id='word_1_251' title='bbox 514 1767 628 1797; x_wconf 86' lang='lat' dir='ltr'>nempe</span> <span class='ocrx_word' id='word_1_252' title='bbox 658 1756 697 1787; x_wconf 89' lang='lat' dir='ltr'>ad</span> <span class='ocrx_word' id='word_1_253' title='bbox 723 1756 889 1788; x_wconf 83' lang='lat' dir='ltr'>Abraham</span> <span class='ocrx_word' id='word_1_254' title='bbox 920 1759 952 1786; x_wconf 88' lang='lat' dir='ltr'>et</span> <span class='ocrx_word' id='word_1_255' title='bbox 977 1754 1101 1792; x_wconf 74' lang='lat' dir='ltr'>Sarum,</span> 
     </span>
     <span class='ocr_line' id='line_1_37' title="bbox 133 1798 1101 1839; baseline -0.002 -9"><span class='ocrx_word' id='word_1_256' title='bbox 133 1811 149 1830; x_wconf 86' lang='lat' dir='ltr'>a</span> <span class='ocrx_word' id='word_1_257' title='bbox 170 1800 284 1839; x_wconf 77' lang='lat' dir='ltr'>quibus</span> <span class='ocrx_word' id='word_1_258' title='bbox 309 1805 477 1830; x_wconf 74' lang='lat' dir='ltr'>traxerant</span> <span class='ocrx_word' id='word_1_259' title='bbox 501 1800 670 1839; x_wconf 74' lang='lat' dir='ltr'>originem,</span> <span class='ocrx_word' id='word_1_260' title='bbox 695 1809 774 1839; x_wconf 87' lang='lat' dir='ltr'>quos</span> <span class='ocrx_word' id='word_1_261' title='bbox 797 1798 959 1830; x_wconf 86' lang='lat' dir='ltr'>solitarios</span> <span class='ocrx_word' id='word_1_262' title='bbox 983 1802 1015 1828; x_wconf 89' lang='lat' dir='ltr'>et</span> <span class='ocrx_word' id='word_1_263' title='bbox 1038 1801 1101 1828; x_wconf 91' lang='lat' dir='ltr'>ste—</span> 
     </span>
     <span class='ocr_line' id='line_1_38' title="bbox 134 1840 1101 1882; baseline -0.003 -9"><span class='ocrx_word' id='word_1_264' title='bbox 134 1843 206 1873; x_wconf 84' lang='lat' dir='ltr'>riles</span> <span class='ocrx_word' id='word_1_265' title='bbox 231 1843 509 1882; x_wconf 81' lang='lat' dir='ltr'>multiplicaverat.</span> <span class='ocrx_word' id='word_1_266' title='bbox 548 1842 688 1873; x_wconf 87' lang='lat' dir='ltr'>Rabbini</span> <span class='ocrx_word' id='word_1_267' title='bbox 711 1841 841 1882; x_wconf 86' lang='lat' dir='ltr'>quidam</span> <span class='ocrx_word' id='word_1_268' title='bbox 865 1852 922 1872; x_wconf 85' lang='grc'><strong>5110</strong></span> <span class='ocrx_word' id='word_1_269' title='bbox 945 1851 1033 1871; x_wconf 87' lang='lat' dir='ltr'>more</span> <span class='ocrx_word' id='word_1_270' title='bbox 1055 1840 1101 1871; x_wconf 93' lang='lat' dir='ltr'>di-</span> 
     </span>
     <span class='ocr_line' id='line_1_39' title="bbox 133 1884 1099 1925; baseline -0.003 -9"><span class='ocrx_word' id='word_1_271' title='bbox 133 1887 247 1916; x_wconf 74' lang='lat' dir='ltr'>vinant</span> <span class='ocrx_word' id='word_1_272' title='bbox 272 1893 444 1925; x_wconf 82' lang='lat' dir='ltr'>quaternos</span> <span class='ocrx_word' id='word_1_273' title='bbox 465 1885 569 1915; x_wconf 80' lang='lat' dir='ltr'>foetus</span> <span class='ocrx_word' id='word_1_274' title='bbox 589 1886 690 1916; x_wconf 87' lang='lat' dir='ltr'>editos</span> <span class='ocrx_word' id='word_1_275' title='bbox 713 1886 821 1916; x_wconf 76' lang='lat' dir='ltr'>fuisse.</span> <span class='ocrx_word' id='word_1_276' title='bbox 859 1884 994 1923; x_wconf 73' lang='lat' dir='ltr'>Quoties</span> <span class='ocrx_word' id='word_1_277' title='bbox 1014 1884 1099 1914; x_wconf 88' lang='lat' dir='ltr'>enim</span> 
     </span>
     <span class='ocr_line' id='line_1_40' title="bbox 134 1927 1102 1968; baseline -0.002 -10"><span class='ocrx_word' id='word_1_278' title='bbox 134 1929 239 1968; x_wconf 84' lang='lat' dir='ltr'>aliqua</span> <span class='ocrx_word' id='word_1_279' title='bbox 270 1929 360 1959; x_wconf 86' lang='grc'><strong>1010</strong></span> <span class='ocrx_word' id='word_1_280' title='bbox 390 1928 537 1968; x_wconf 83' lang='lat' dir='ltr'>perplexi</span> <span class='ocrx_word' id='word_1_281' title='bbox 562 1929 711 1965; x_wconf 75' lang='lat' dir='ltr'>haerent,</span> <span class='ocrx_word' id='word_1_282' title='bbox 742 1928 882 1959; x_wconf 80' lang='lat' dir='ltr'>libenter</span> <span class='ocrx_word' id='word_1_283' title='bbox 913 1927 1102 1965; x_wconf 82' lang='lat' dir='ltr'>confingunt</span> 
     </span>
     <span class='ocr_line' id='line_1_41' title="bbox 134 1969 1102 2011; baseline -0.002 -10"><span class='ocrx_word' id='word_1_284' title='bbox 134 1971 286 2011; x_wconf 86' lang='lat' dir='ltr'>quidquid</span> <span class='ocrx_word' id='word_1_285' title='bbox 311 1972 439 2011; x_wconf 81' lang='lat' dir='ltr'>placuit,</span> <span class='ocrx_word' id='word_1_286' title='bbox 465 1970 579 2002; x_wconf 88' lang='lat' dir='ltr'>deinde</span> <span class='ocrx_word' id='word_1_287' title='bbox 599 1971 723 2002; x_wconf 88' lang='lat' dir='ltr'>somnia</span> <span class='ocrx_word' id='word_1_288' title='bbox 742 1981 800 2001; x_wconf 85' lang='lat' dir='ltr'>sua</span> <span class='ocrx_word' id='word_1_289' title='bbox 819 1981 875 2010; x_wconf 91' lang='lat' dir='ltr'>pro</span> <span class='ocrx_word' id='word_1_290' title='bbox 895 1969 990 2000; x_wconf 87' lang='lat' dir='ltr'>certis</span> <span class='ocrx_word' id='word_1_291' title='bbox 1012 1969 1102 2000; x_wconf 84' lang='lat' dir='ltr'>testi-</span> 
     </span>
     <span class='ocr_line' id='line_1_42' title="bbox 136 2012 1102 2053; baseline -0.003 -9"><span class='ocrx_word' id='word_1_292' title='bbox 136 2015 249 2045; x_wconf 75' lang='lat' dir='ltr'>moniis</span> <span class='ocrx_word' id='word_1_293' title='bbox 269 2014 462 2044; x_wconf 84' lang='lat' dir='ltr'>obtrudunt:</span> <span class='ocrx_word' id='word_1_294' title='bbox 485 2014 584 2044; x_wconf 81' lang='lat' dir='ltr'>stulte</span> <span class='ocrx_word' id='word_1_295' title='bbox 603 2024 728 2053; x_wconf 87' lang='lat' dir='ltr'>quoque</span> <span class='ocrx_word' id='word_1_296' title='bbox 741 2019 772 2044; x_wconf 88' lang='lat' dir='ltr'>et</span> <span class='ocrx_word' id='word_1_297' title='bbox 791 2014 975 2052; x_wconf 86' lang='lat' dir='ltr'>importune</span> <span class='ocrx_word' id='word_1_298' title='bbox 996 2012 1102 2051; x_wconf 79' lang='lat' dir='ltr'>dispu-</span> 
     </span>
     <span class='ocr_line' id='line_1_43' title="bbox 137 2054 1101 2098; baseline -0.001 -12"><span class='ocrx_word' id='word_1_299' title='bbox 137 2064 215 2091; x_wconf 80' lang='lat' dir='ltr'>tant.</span> <span class='ocrx_word' id='word_1_300' title='bbox 236 2057 411 2088; x_wconf 82' lang='lat' dir='ltr'>secuudum</span> <span class='ocrx_word' id='word_1_301' title='bbox 427 2057 594 2098; x_wconf 68' lang='lat' dir='ltr'>physicam</span> <span class='ocrx_word' id='word_1_302' title='bbox 614 2059 772 2087; x_wconf 85' lang='lat' dir='ltr'>rationem</span> <span class='ocrx_word' id='word_1_303' title='bbox 793 2055 825 2086; x_wconf 88' lang='lat' dir='ltr'>id</span> <span class='ocrx_word' id='word_1_304' title='bbox 839 2066 907 2086; x_wconf 81' lang='lat' dir='ltr'>esse</span> <span class='ocrx_word' id='word_1_305' title='bbox 927 2054 1101 2094; x_wconf 80' lang='lat' dir='ltr'>probabile.</span> 
     </span>
     <span class='ocr_line' id='line_1_44' title="bbox 138 2097 1103 2139; baseline -0.004 -9"><span class='ocrx_word' id='word_1_306' title='bbox 138 2100 206 2129; x_wconf 58' lang='lat' dir='ltr'>Hos-</span> <span class='ocrx_word' id='word_1_307' title='bbox 229 2111 354 2139; x_wconf 78' lang='lat' dir='ltr'>quoque</span> <span class='ocrx_word' id='word_1_308' title='bbox 379 2100 527 2130; x_wconf 88' lang='lat' dir='ltr'>nonnulli</span> <span class='ocrx_word' id='word_1_309' title='bbox 552 2111 591 2130; x_wconf 82' lang='lat' dir='ltr'>ex</span> <span class='ocrx_word' id='word_1_310' title='bbox 616 2100 734 2130; x_wconf 81' lang='grc'><strong>0051115</strong></span> <span class='ocrx_word' id='word_1_311' title='bbox 758 2109 870 2139; x_wconf 88' lang='lat' dir='ltr'>parum</span> <span class='ocrx_word' id='word_1_312' title='bbox 903 2097 1103 2128; x_wconf 69' lang='lat' dir='ltr'>considerate</span> 
     </span>
     <span class='ocr_line' id='line_1_45' title="bbox 138 2141 1103 2181; baseline -0.002 -9"><span class='ocrx_word' id='word_1_313' title='bbox 138 2143 253 2173; x_wconf 84' lang='lat' dir='ltr'>imitati</span> <span class='ocrx_word' id='word_1_314' title='bbox 295 2149 385 2174; x_wconf 85' lang='lat' dir='ltr'>sunt.</span> <span class='ocrx_word' id='word_1_315' title='bbox 428 2142 503 2173; x_wconf 88' lang='lat' dir='ltr'>dum</span> <span class='ocrx_word' id='word_1_316' title='bbox 546 2142 746 2173; x_wconf 84' lang='lat' dir='ltr'>contendunt</span> <span class='ocrx_word' id='word_1_317' title='bbox 781 2141 999 2181; x_wconf 75' lang='lat' dir='ltr'>experientiae</span> <span class='ocrx_word' id='word_1_318' title='bbox 1034 2150 1103 2171; x_wconf 81' lang='lat' dir='ltr'>esse</span> 
     </span>
     <span class='ocr_line' id='line_1_46' title="bbox 137 2183 1101 2224; baseline -0.003 -9"><span class='ocrx_word' id='word_1_319' title='bbox 137 2192 388 2216; x_wconf 56' lang='lat' dir='ltr'>consentaneum</span> <span class='ocrx_word' id='word_1_320' title='bbox 411 2186 494 2224; x_wconf 86' lang='lat' dir='ltr'>quod</span> <span class='ocrx_word' id='word_1_321' title='bbox 515 2185 625 2216; x_wconf 85' lang='lat' dir='ltr'>scribit</span> <span class='ocrx_word' id='word_1_322' title='bbox 646 2186 762 2221; x_wconf 83' lang='lat' dir='ltr'>Moses,</span> <span class='ocrx_word' id='word_1_323' title='bbox 787 2184 860 2223; x_wconf 81' lang='lat' dir='ltr'>quia</span> <span class='ocrx_word' id='word_1_324' title='bbox 881 2194 943 2214; x_wconf 91' lang='lat' dir='ltr'>non</span> <span class='ocrx_word' id='word_1_325' title='bbox 964 2183 1101 2213; x_wconf 86' lang='lat' dir='ltr'>multum</span> 
     </span>
     <span class='ocr_line' id='line_1_47' title="bbox 139 2225 1102 2268; baseline -0.002 -11"><span class='ocrx_word' id='word_1_326' title='bbox 139 2227 291 2258; x_wconf 52' lang='grc'><strong>0115100115</strong></span> <span class='ocrx_word' id='word_1_327' title='bbox 315 2229 356 2258; x_wconf 72' lang='lat' dir='ltr'>sit</span> <span class='ocrx_word' id='word_1_328' title='bbox 379 2228 580 2268; x_wconf 71' lang='lat' dir='ltr'>spiarundam</span> <span class='ocrx_word' id='word_1_329' title='bbox 606 2229 750 2268; x_wconf 85' lang='lat' dir='ltr'>gentium</span> <span class='ocrx_word' id='word_1_330' title='bbox 772 2226 980 2257; x_wconf 78' lang='lat' dir='ltr'>foecunditas,</span> <span class='ocrx_word' id='word_1_331' title='bbox 1019 2225 1102 2256; x_wconf 89' lang='lat' dir='ltr'>Insi-</span> 
     </span>
     <span class='ocr_line' id='line_1_48' title="bbox 139 2268 1102 2310; baseline -0.002 -10"><span class='ocrx_word' id='word_1_332' title='bbox 139 2271 253 2310; x_wconf 60' lang='lat' dir='ltr'>gnibus</span> <span class='ocrx_word' id='word_1_333' title='bbox 277 2271 405 2310; x_wconf 75' lang='lat' dir='ltr'>quidem</span> <span class='ocrx_word' id='word_1_334' title='bbox 431 2271 586 2310; x_wconf 72' lang='lat' dir='ltr'>exemplis</span> <span class='ocrx_word' id='word_1_335' title='bbox 609 2270 792 2301; x_wconf 80' lang='lat' dir='ltr'>confirmari</span> <span class='ocrx_word' id='word_1_336' title='bbox 816 2268 979 2299; x_wconf 90' lang='lat' dir='ltr'>interdum</span> <span class='ocrx_word' id='word_1_337' title='bbox 999 2269 1102 2299; x_wconf 87' lang='lat' dir='ltr'>cerui—</span> 
     </span>
     <span class='ocr_line' id='line_1_49' title="bbox 140 2311 1101 2353; baseline -0.002 -11"><span class='ocrx_word' id='word_1_338' title='bbox 140 2325 209 2343; x_wconf 71' lang='grc'><strong>1005</strong></span> <span class='ocrx_word' id='word_1_339' title='bbox 244 2314 327 2352; x_wconf 82' lang='lat' dir='ltr'>quod</span> <span class='ocrx_word' id='word_1_340' title='bbox 362 2315 394 2344; x_wconf 92' lang='lat' dir='ltr'>in</span> <span class='ocrx_word' id='word_1_341' title='bbox 432 2314 560 2344; x_wconf 75' lang='lat' dir='ltr'>Psalmo</span> <span class='ocrx_word' id='word_1_342' title='bbox 593 2312 684 2353; x_wconf 76' lang='lat'>(107,</span> <span class='ocrx_word' id='word_1_343' title='bbox 718 2313 772 2353; x_wconf 74' lang='lat'>37)</span> <span class='ocrx_word' id='word_1_344' title='bbox 807 2311 961 2349; x_wconf 82' lang='lat' dir='ltr'>traditur,</span> <span class='ocrx_word' id='word_1_345' title='bbox 996 2312 1101 2341; x_wconf 85' lang='lat' dir='ltr'>Deum</span> 
     </span>
     <span class='ocr_line' id='line_1_50' title="bbox 139 2354 1101 2396; baseline -0.003 -11"><span class='ocrx_word' id='word_1_346' title='bbox 139 2356 241 2386; x_wconf 52' lang='lat' dir='ltr'>heare</span> <span class='ocrx_word' id='word_1_347' title='bbox 259 2357 420 2388; x_wconf 76' lang='lat' dir='ltr'>famelicos</span> <span class='ocrx_word' id='word_1_348' title='bbox 440 2358 470 2387; x_wconf 90' lang='lat' dir='ltr'>in</span> <span class='ocrx_word' id='word_1_349' title='bbox 492 2356 627 2394; x_wconf 81' lang='lat' dir='ltr'>deserto,</span> <span class='ocrx_word' id='word_1_350' title='bbox 651 2356 705 2396; x_wconf 87' lang='lat' dir='ltr'>qui</span> <span class='ocrx_word' id='word_1_351' title='bbox 724 2356 788 2386; x_wconf 88' lang='lat' dir='ltr'>illic</span> <span class='ocrx_word' id='word_1_352' title='bbox 808 2354 975 2385; x_wconf 83' lang='lat' dir='ltr'>aedificent</span> <span class='ocrx_word' id='word_1_353' title='bbox 998 2354 1101 2389; x_wconf 78' lang='grc'><strong>1111105,</strong></span> 
     </span>
     <span class='ocr_line' id='line_1_51' title="bbox 140 2397 1102 2436; baseline -0.001 -10"><span class='ocrx_word' id='word_1_354' title='bbox 140 2406 245 2428; x_wconf 49' lang='lat' dir='ltr'>&gt;vi-ant</span> <span class='ocrx_word' id='word_1_355' title='bbox 267 2401 347 2429; x_wconf 70' lang='lat' dir='ltr'>vites</span> <span class='ocrx_word' id='word_1_356' title='bbox 367 2410 401 2430; x_wconf 86' lang='lat' dir='ltr'>ac</span> <span class='ocrx_word' id='word_1_357' title='bbox 425 2400 585 2430; x_wconf 70' lang='grc'><strong>5011110001</strong></span> <span class='ocrx_word' id='word_1_358' title='bbox 610 2399 763 2433; x_wconf 84' lang='lat' dir='ltr'>triticum,</span> <span class='ocrx_word' id='word_1_359' title='bbox 788 2409 823 2428; x_wconf 80' lang='lat' dir='ltr'>ac</span> <span class='ocrx_word' id='word_1_360' title='bbox 847 2397 1102 2436; x_wconf 85' lang='lat' dir='ltr'>multiplicentur</span> 
     </span>
     <span class='ocr_line' id='line_1_52' title="bbox 142 2439 1102 2473; baseline -0.001 -4"><span class='ocrx_word' id='word_1_361' title='bbox 142 2442 247 2471; x_wconf 74' lang='lat' dir='ltr'>xade:</span> <span class='ocrx_word' id='word_1_362' title='bbox 282 2442 374 2472; x_wconf 71' lang='lat' dir='ltr'>sicuti</span> <span class='ocrx_word' id='word_1_363' title='bbox 405 2453 530 2473; x_wconf 65' lang='lat' dir='ltr'>rursum</span> <span class='ocrx_word' id='word_1_364' title='bbox 565 2450 666 2472; x_wconf 79' lang='lat' dir='ltr'>terras</span> <span class='ocrx_word' id='word_1_365' title='bbox 698 2440 887 2472; x_wconf 82' lang='lat' dir='ltr'>habitabiles</span> <span class='ocrx_word' id='word_1_366' title='bbox 911 2440 943 2470; x_wconf 89' lang='grc'>111</span> <span class='ocrx_word' id='word_1_367' title='bbox 977 2439 1102 2469; x_wconf 88' lang='lat' dir='ltr'>deserta</span> 
     </span>
     <span class='ocr_line' id='line_1_53' title="bbox 140 2481 1101 2516; baseline -0.002 -3"><span class='ocrx_word' id='word_1_368' title='bbox 140 2485 296 2514; x_wconf 66' lang='lat' dir='ltr'>convertit</span> <span class='ocrx_word' id='word_1_369' title='bbox 322 2492 351 2514; x_wconf 66' lang='lat' dir='ltr'>et</span> <span class='ocrx_word' id='word_1_370' title='bbox 376 2485 487 2515; x_wconf 62' lang='lat' dir='ltr'>incoli-</span> <span class='ocrx_word' id='word_1_371' title='bbox 511 2485 624 2515; x_wconf 82' lang='lat' dir='ltr'>nudat:</span> <span class='ocrx_word' id='word_1_372' title='bbox 657 2484 711 2515; x_wconf 88' lang='lat' dir='ltr'>sed</span> <span class='ocrx_word' id='word_1_373' title='bbox 735 2483 902 2514; x_wconf 79' lang='lat' dir='ltr'>consilium</span> <span class='ocrx_word' id='word_1_374' title='bbox 924 2481 1023 2512; x_wconf 71' lang='lat' dir='ltr'>Mosis</span> <span class='ocrx_word' id='word_1_375' title='bbox 1044 2487 1101 2516; x_wconf 75' lang='lat' dir='ltr'>est,</span> 
     </span>
     <span class='ocr_line' id='line_1_54' title="bbox 142 2526 1101 2566; baseline -0.002 -10"><span class='ocrx_word' id='word_1_376' title='bbox 142 2527 265 2557; x_wconf 70' lang='lat' dir='ltr'>docere.</span> <span class='ocrx_word' id='word_1_377' title='bbox 299 2527 419 2558; x_wconf 86' lang='lat' dir='ltr'>nullam</span> <span class='ocrx_word' id='word_1_378' title='bbox 446 2528 542 2558; x_wconf 64' lang='lat' dir='ltr'>fuisse</span> <span class='ocrx_word' id='word_1_379' title='bbox 567 2538 709 2566; x_wconf 83' lang='lat' dir='ltr'>uuquam</span> <span class='ocrx_word' id='word_1_380' title='bbox 733 2526 998 2560; x_wconf 71' lang='lat' dir='ltr'>seecunditatem,</span> <span class='ocrx_word' id='word_1_381' title='bbox 1022 2535 1101 2563; x_wconf 85' lang='lat' dir='ltr'>quac</span> 
     </span>
    </p>
   </div>
   <div class='ocr_carea' id='block_1_3' title="bbox 1125 871 1131 2664">
    <p class='ocr_par' dir='ltr' id='par_1_3' title="bbox 1125 871 1131 2664">
     <span class='ocr_line' id='line_1_55' title="bbox 1125 871 1131 2664; baseline 0 0"><span class='ocrx_word' id='word_1_382' title='bbox 1125 871 1131 2664; x_wconf 95' lang='lat' dir='ltr'> </span> 
     </span>
    </p>
   </div>
   <div class='ocr_carea' id='block_1_4' title="bbox 1149 298 2119 683">
    <p class='ocr_par' dir='ltr' id='par_1_4' title="bbox 1149 298 2119 683">
     <span class='ocr_line' id='line_1_56' title="bbox 1153 298 2119 340; baseline 0.004 -12"><span class='ocrx_word' id='word_1_383' title='bbox 1153 298 1332 329; x_wconf 87' lang='lat' dir='ltr'>benedictio</span> <span class='ocrx_word' id='word_1_384' title='bbox 1355 298 1394 329; x_wconf 84' lang='lat' dir='ltr'>ab</span> <span class='ocrx_word' id='word_1_385' title='bbox 1418 299 1490 330; x_wconf 87' lang='lat' dir='ltr'>aliis</span> <span class='ocrx_word' id='word_1_386' title='bbox 1512 299 1663 331; x_wconf 85' lang='lat' dir='ltr'>omnibus</span> <span class='ocrx_word' id='word_1_387' title='bbox 1693 304 1875 340; x_wconf 84' lang='lat' dir='ltr'>separetur:</span> <span class='ocrx_word' id='word_1_388' title='bbox 1907 300 2024 332; x_wconf 88' lang='lat' dir='ltr'>deinde</span> <span class='ocrx_word' id='word_1_389' title='bbox 2045 311 2119 332; x_wconf 88' lang='lat' dir='ltr'>ver-</span> 
     </span>
     <span class='ocr_line' id='line_1_57' title="bbox 1153 341 2119 384; baseline 0.004 -13"><span class='ocrx_word' id='word_1_390' title='bbox 1153 341 1264 372; x_wconf 89' lang='lat' dir='ltr'>borum</span> <span class='ocrx_word' id='word_1_391' title='bbox 1299 342 1482 381; x_wconf 83' lang='lat' dir='ltr'>congeries,</span> <span class='ocrx_word' id='word_1_392' title='bbox 1517 352 1597 382; x_wconf 87' lang='lat' dir='ltr'>quae</span> <span class='ocrx_word' id='word_1_393' title='bbox 1629 343 1840 382; x_wconf 90' lang='lat' dir='ltr'>proculdubio</span> <span class='ocrx_word' id='word_1_394' title='bbox 1870 343 1910 374; x_wconf 87' lang='lat' dir='ltr'>ad</span> <span class='ocrx_word' id='word_1_395' title='bbox 1941 344 2119 384; x_wconf 84' lang='lat' dir='ltr'>amplifica-</span> 
     </span>
     <span class='ocr_line' id='line_1_58' title="bbox 1151 383 2118 426; baseline 0.005 -13"><span class='ocrx_word' id='word_1_396' title='bbox 1151 384 1270 414; x_wconf 88' lang='lat' dir='ltr'>tionem</span> <span class='ocrx_word' id='word_1_397' title='bbox 1291 383 1384 421; x_wconf 87' lang='lat' dir='ltr'>valet,</span> <span class='ocrx_word' id='word_1_398' title='bbox 1408 384 1491 423; x_wconf 92' lang='lat' dir='ltr'>quod</span> <span class='ocrx_word' id='word_1_399' title='bbox 1510 384 1789 423; x_wconf 85' lang='lat' dir='ltr'>fructificaverint,</span> <span class='ocrx_word' id='word_1_400' title='bbox 1815 386 2023 426; x_wconf 87' lang='lat' dir='ltr'>multiplicati</span> <span class='ocrx_word' id='word_1_401' title='bbox 2042 387 2118 424; x_wconf 86' lang='lat' dir='ltr'>sint,</span> 
     </span>
     <span class='ocr_line' id='line_1_59' title="bbox 1151 427 2119 469; baseline 0.004 -13"><span class='ocrx_word' id='word_1_402' title='bbox 1151 427 1313 457; x_wconf 83' lang='lat' dir='ltr'>creverint</span> <span class='ocrx_word' id='word_1_403' title='bbox 1330 432 1359 456; x_wconf 87' lang='lat' dir='ltr'>et</span> <span class='ocrx_word' id='word_1_404' title='bbox 1379 427 1518 458; x_wconf 83' lang='lat' dir='ltr'>roborati</span> <span class='ocrx_word' id='word_1_405' title='bbox 1537 427 1602 458; x_wconf 91' lang='lat' dir='ltr'>sint</span> <span class='ocrx_word' id='word_1_406' title='bbox 1621 438 1719 467; x_wconf 88' lang='lat' dir='ltr'>supra</span> <span class='ocrx_word' id='word_1_407' title='bbox 1738 428 1879 462; x_wconf 76' lang='lat' dir='ltr'>modum.</span> <span class='ocrx_word' id='word_1_408' title='bbox 1900 433 1936 459; x_wconf 87' lang='lat' dir='ltr'>ut</span> <span class='ocrx_word' id='word_1_409' title='bbox 1955 429 2119 469; x_wconf 88' lang='lat' dir='ltr'>replerent</span> 
     </span>
     <span class='ocr_line' id='line_1_60' title="bbox 1151 469 2118 512; baseline 0.004 -13"><span class='ocrx_word' id='word_1_410' title='bbox 1151 476 1281 500; x_wconf 86' lang='lat' dir='ltr'>terram.</span> <span class='ocrx_word' id='word_1_411' title='bbox 1318 469 1403 500; x_wconf 86' lang='lat' dir='ltr'>Nam</span> <span class='ocrx_word' id='word_1_412' title='bbox 1425 470 1573 510; x_wconf 88' lang='lat' dir='ltr'>repetitio</span> <span class='ocrx_word' id='word_1_413' title='bbox 1592 470 1737 501; x_wconf 86' lang='lat' dir='ltr'>adverbii</span> <span class='ocrx_word' id='word_1_414' title='bbox 1752 471 1846 502; x_wconf 90' lang='lat' dir='ltr'>Meod</span> <span class='ocrx_word' id='word_1_415' title='bbox 1869 472 1972 509; x_wconf 89' lang='lat' dir='ltr'>Meod,</span> <span class='ocrx_word' id='word_1_416' title='bbox 1992 472 2118 512; x_wconf 77' lang='lat' dir='ltr'>copiam</span> 
     </span>
     <span class='ocr_line' id='line_1_61' title="bbox 1149 512 2119 560; baseline 0.004 -18"><span class='ocrx_word' id='word_1_417' title='bbox 1149 512 1285 542; x_wconf 89' lang='lat' dir='ltr'>minime</span> <span class='ocrx_word' id='word_1_418' title='bbox 1315 513 1468 543; x_wconf 88' lang='lat' dir='ltr'>usitatam</span> <span class='ocrx_word' id='word_1_419' title='bbox 1501 515 1597 544; x_wconf 85' lang='lat' dir='ltr'>notat.</span> <span class='ocrx_word' id='word_1_420' title='bbox 1644 512 1738 552; x_wconf 76' lang='lat' dir='ltr'>Quod</span> <span class='ocrx_word' id='word_1_421' title='bbox 1760 515 1793 544; x_wconf 91' lang='lat' dir='ltr'>in</span> <span class='ocrx_word' id='word_1_422' title='bbox 1819 514 1916 545; x_wconf 91' lang='lat' dir='ltr'>verbo</span> <span class='ocrx_word' id='word_1_423' title='bbox 1940 521 2012 560; x_wconf 68' lang='grc' dir='ltr'>γἾΨ</span> <span class='ocrx_word' id='word_1_424' title='bbox 2038 525 2119 545; x_wconf 85' lang='lat' dir='ltr'>non-</span> 
     </span>
     <span class='ocr_line' id='line_1_62' title="bbox 1150 555 2118 597; baseline 0.004 -13"><span class='ocrx_word' id='word_1_425' title='bbox 1150 555 1232 585; x_wconf 90' lang='lat' dir='ltr'>nulli</span> <span class='ocrx_word' id='word_1_426' title='bbox 1257 555 1477 594; x_wconf 86' lang='lat' dir='ltr'>metaphoram</span> <span class='ocrx_word' id='word_1_427' title='bbox 1502 566 1571 586; x_wconf 88' lang='lat' dir='ltr'>esse</span> <span class='ocrx_word' id='word_1_428' title='bbox 1591 555 1710 586; x_wconf 90' lang='lat' dir='ltr'>volunt</span> <span class='ocrx_word' id='word_1_429' title='bbox 1733 567 1751 587; x_wconf 87' lang='lat' dir='ltr'>a</span> <span class='ocrx_word' id='word_1_430' title='bbox 1773 557 1914 597; x_wconf 85' lang='lat' dir='ltr'>piscibus</span> <span class='ocrx_word' id='word_1_431' title='bbox 1944 562 2118 597; x_wconf 82' lang='lat' dir='ltr'>sumptam,</span> 
     </span>
     <span class='ocr_line' id='line_1_63' title="bbox 1150 597 2118 638; baseline 0.003 -10"><span class='ocrx_word' id='word_1_432' title='bbox 1150 608 1213 628; x_wconf 91' lang='lat' dir='ltr'>non</span> <span class='ocrx_word' id='word_1_433' title='bbox 1238 597 1454 637; x_wconf 80' lang='lat' dir='ltr'>reprehendo:</span> <span class='ocrx_word' id='word_1_434' title='bbox 1480 598 1588 629; x_wconf 87' lang='lat' dir='ltr'>nescio</span> <span class='ocrx_word' id='word_1_435' title='bbox 1612 603 1721 630; x_wconf 88' lang='lat' dir='ltr'>tamen</span> <span class='ocrx_word' id='word_1_436' title='bbox 1746 610 1786 630; x_wconf 87' lang='lat' dir='ltr'>an</span> <span class='ocrx_word' id='word_1_437' title='bbox 1811 602 1888 631; x_wconf 85' lang='lat' dir='ltr'>satis</span> <span class='ocrx_word' id='word_1_438' title='bbox 1912 600 2042 631; x_wconf 87' lang='lat' dir='ltr'>firmum</span> <span class='ocrx_word' id='word_1_439' title='bbox 2066 600 2118 638; x_wconf 88' lang='lat' dir='ltr'>sit,</span> 
     </span>
     <span class='ocr_line' id='line_1_64' title="bbox 1150 641 2118 683; baseline 0.002 -12"><span class='ocrx_word' id='word_1_440' title='bbox 1150 641 1225 680; x_wconf 86' lang='lat' dir='ltr'>quia</span> <span class='ocrx_word' id='word_1_441' title='bbox 1245 641 1441 680; x_wconf 86' lang='lat' dir='ltr'>generaliter</span> <span class='ocrx_word' id='word_1_442' title='bbox 1468 651 1525 680; x_wconf 87' lang='lat' dir='ltr'>pro</span> <span class='ocrx_word' id='word_1_443' title='bbox 1551 642 1665 681; x_wconf 87' lang='lat' dir='ltr'>quavis</span> <span class='ocrx_word' id='word_1_444' title='bbox 1686 642 1957 682; x_wconf 83' lang='lat' dir='ltr'>multiplicatione</span> <span class='ocrx_word' id='word_1_445' title='bbox 1982 643 2118 683; x_wconf 87' lang='lat' dir='ltr'>eapitur.</span> 
     </span>
    </p>
   </div>
   <div class='ocr_carea' id='block_1_5' title="bbox 1145 725 2120 1149">
    <p class='ocr_par' dir='ltr' id='par_1_5' title="bbox 1145 725 2120 1149">
     <span class='ocr_line' id='line_1_65' title="bbox 1237 725 2117 768; baseline 0.001 -10"><span class='ocrx_word' id='word_1_446' title='bbox 1237 727 1264 758; x_wconf 83' lang='lat'>8.</span> <span class='ocrx_word' id='word_1_447' title='bbox 1299 725 1444 756; x_wconf 65' lang='lat' dir='ltr'>Surrexit</span> <span class='ocrx_word' id='word_1_448' title='bbox 1473 728 1575 756; x_wconf 78' lang='lat' dir='ltr'>autem</span> <span class='ocrx_word' id='word_1_449' title='bbox 1605 737 1660 757; x_wconf 67' lang='lat' dir='ltr'>rea:</span> <span class='ocrx_word' id='word_1_450' title='bbox 1687 737 1783 759; x_wconf 75' lang='lat' dir='ltr'>novus</span> <span class='ocrx_word' id='word_1_451' title='bbox 1811 738 1905 767; x_wconf 75' lang='lat' dir='ltr'>super</span> <span class='ocrx_word' id='word_1_452' title='bbox 1932 728 2117 768; x_wconf 72' lang='lat' dir='ltr'>Aeyyptum,</span> 
     </span>
     <span class='ocr_line' id='line_1_66' title="bbox 1150 768 2118 810; baseline 0.001 -10"><span class='ocrx_word' id='word_1_453' title='bbox 1150 770 1206 808; x_wconf 72' lang='lat' dir='ltr'>qui</span> <span class='ocrx_word' id='word_1_454' title='bbox 1235 779 1293 799; x_wconf 69' lang='lat' dir='ltr'>uon</span> <span class='ocrx_word' id='word_1_455' title='bbox 1327 771 1452 799; x_wconf 73' lang='lat' dir='ltr'>noverat</span> <span class='ocrx_word' id='word_1_456' title='bbox 1482 768 1610 807; x_wconf 59' lang='lat' dir='ltr'>Ioseplc:</span> <span class='ocrx_word' id='word_1_457' title='bbox 1654 769 1682 800; x_wconf 83' lang='lat'>9.</span> <span class='ocrx_word' id='word_1_458' title='bbox 1715 770 1866 810; x_wconf 67' lang='lat' dir='ltr'>Dimitqzce</span> <span class='ocrx_word' id='word_1_459' title='bbox 1898 771 1940 802; x_wconf 75' lang='lat' dir='ltr'>ad</span> <span class='ocrx_word' id='word_1_460' title='bbox 1964 771 2118 810; x_wconf 74' lang='lat' dir='ltr'>populum</span> 
     </span>
     <span class='ocr_line' id='line_1_67' title="bbox 1151 810 2120 850; baseline 0.002 -7"><span class='ocrx_word' id='word_1_461' title='bbox 1151 822 1259 843; x_wconf 73' lang='lat' dir='ltr'>smmi:</span> <span class='ocrx_word' id='word_1_462' title='bbox 1277 810 1364 845; x_wconf 71' lang='lat' dir='ltr'>Ecce,</span> <span class='ocrx_word' id='word_1_463' title='bbox 1379 811 1517 850; x_wconf 71' lang='lat' dir='ltr'>populus</span> <span class='ocrx_word' id='word_1_464' title='bbox 1532 812 1669 850; x_wconf 76' lang='lat' dir='ltr'>filiorum</span> <span class='ocrx_word' id='word_1_465' title='bbox 1683 813 1787 843; x_wconf 74' lang='lat' dir='ltr'>Israel</span> <span class='ocrx_word' id='word_1_466' title='bbox 1804 814 1917 844; x_wconf 70' lang='lat' dir='ltr'>multus</span> <span class='ocrx_word' id='word_1_467' title='bbox 1932 816 1958 844; x_wconf 77' lang='lat' dir='ltr'>et</span> <span class='ocrx_word' id='word_1_468' title='bbox 1975 814 2120 845; x_wconf 75' lang='lat' dir='ltr'>robustus</span> 
     </span>
     <span class='ocr_line' id='line_1_68' title="bbox 1145 855 2119 897; baseline 0.003 -13"><span class='ocrx_word' id='word_1_469' title='bbox 1145 865 1226 893; x_wconf 75' lang='lat' dir='ltr'>prae</span> <span class='ocrx_word' id='word_1_470' title='bbox 1248 855 1342 885; x_wconf 72' lang='lat' dir='ltr'>nobis.</span> <span class='ocrx_word' id='word_1_471' title='bbox 1382 855 1429 884; x_wconf 88' lang='lat'>10.</span> <span class='ocrx_word' id='word_1_472' title='bbox 1451 855 1601 895; x_wconf 61' lang='lat' dir='ltr'>Agedum,</span> <span class='ocrx_word' id='word_1_473' title='bbox 1621 855 1790 894; x_wconf 75' lang='lat' dir='ltr'>prudenter</span> <span class='ocrx_word' id='word_1_474' title='bbox 1809 866 1864 887; x_wconf 72' lang='lat' dir='ltr'>nos</span> <span class='ocrx_word' id='word_1_475' title='bbox 1884 866 2028 896; x_wconf 70' lang='lat' dir='ltr'>qerarnus</span> <span class='ocrx_word' id='word_1_476' title='bbox 2045 867 2119 897; x_wconf 73' lang='lat' dir='ltr'>erya</span> 
     </span>
     <span class='ocr_line' id='line_1_69' title="bbox 1150 896 2118 937; baseline 0.003 -10"><span class='ocrx_word' id='word_1_477' title='bbox 1150 897 1247 933; x_wconf 75' lang='lat' dir='ltr'>illum,</span> <span class='ocrx_word' id='word_1_478' title='bbox 1272 908 1308 927; x_wconf 76' lang='lat' dir='ltr'>ne</span> <span class='ocrx_word' id='word_1_479' title='bbox 1326 896 1559 935; x_wconf 56' lang='grc' dir='ltr'>Ὶ11111Πῶρῖἱιηεηὲιιν.·</span> <span class='ocrx_word' id='word_1_480' title='bbox 1582 908 1618 927; x_wconf 73' lang='lat' dir='ltr'>nc</span> <span class='ocrx_word' id='word_1_481' title='bbox 1636 899 1763 936; x_wconf 74' lang='lat' dir='ltr'>accidat,</span> <span class='ocrx_word' id='word_1_482' title='bbox 1787 899 1816 929; x_wconf 73' lang='lat' dir='ltr'>si</span> <span class='ocrx_word' id='word_1_483' title='bbox 1834 899 1982 930; x_wconf 74' lang='lat' dir='ltr'>obvenerit</span> <span class='ocrx_word' id='word_1_484' title='bbox 1999 898 2118 937; x_wconf 77' lang='lat' dir='ltr'>bellum,</span> 
     </span>
     <span class='ocr_line' id='line_1_70' title="bbox 1151 939 2119 981; baseline 0.002 -10"><span class='ocrx_word' id='word_1_485' title='bbox 1151 941 1301 980; x_wconf 60' lang='grc' dir='ltr'>1ἰυηῃτιΐιιν</span> <span class='ocrx_word' id='word_1_486' title='bbox 1321 941 1385 978; x_wconf 65' lang='lat' dir='ltr'>ipse</span> <span class='ocrx_word' id='word_1_487' title='bbox 1403 950 1519 978; x_wconf 64' lang='lat' dir='ltr'>quoque</span> <span class='ocrx_word' id='word_1_488' title='bbox 1538 939 1672 971; x_wconf 72' lang='lat' dir='ltr'>hostibus</span> <span class='ocrx_word' id='word_1_489' title='bbox 1691 942 1815 979; x_wconf 67' lang='lat' dir='ltr'>nostris,</span> <span class='ocrx_word' id='word_1_490' title='bbox 1838 944 1865 971; x_wconf 70' lang='lat' dir='ltr'>et</span> <span class='ocrx_word' id='word_1_491' title='bbox 1882 944 1997 981; x_wconf 69' lang='lat' dir='ltr'>puynet</span> <span class='ocrx_word' id='word_1_492' title='bbox 2015 945 2119 973; x_wconf 75' lang='lat' dir='ltr'>contra</span> 
     </span>
     <span class='ocr_line' id='line_1_71' title="bbox 1151 983 2120 1024; baseline 0.002 -11"><span class='ocrx_word' id='word_1_493' title='bbox 1151 993 1221 1019; x_wconf 73' lang='lat' dir='ltr'>nos,</span> <span class='ocrx_word' id='word_1_494' title='bbox 1256 983 1459 1022; x_wconf 68' lang='lat' dir='ltr'>ascendatque</span> <span class='ocrx_word' id='word_1_495' title='bbox 1489 994 1503 1012; x_wconf 75' lang='lat' dir='ltr'>e</span> <span class='ocrx_word' id='word_1_496' title='bbox 1532 985 1622 1013; x_wconf 75' lang='lat' dir='ltr'>terra.</span> <span class='ocrx_word' id='word_1_497' title='bbox 1678 984 1725 1014; x_wconf 87' lang='grc'>11.</span> <span class='ocrx_word' id='word_1_498' title='bbox 1765 984 1990 1015; x_wconf 56' lang='lat' dir='ltr'>Conseruarum</span> <span class='ocrx_word' id='word_1_499' title='bbox 2022 985 2120 1024; x_wconf 73' lang='lat' dir='ltr'>iyitur</span> 
     </span>
     <span class='ocr_line' id='line_1_72' title="bbox 1150 1026 2119 1067; baseline 0.002 -11"><span class='ocrx_word' id='word_1_500' title='bbox 1150 1036 1245 1064; x_wconf 75' lang='lat' dir='ltr'>super</span> <span class='ocrx_word' id='word_1_501' title='bbox 1263 1026 1352 1056; x_wconf 68' lang='lat' dir='ltr'>⁴illum</span> <span class='ocrx_word' id='word_1_502' title='bbox 1369 1026 1541 1064; x_wconf 62' lang='lat' dir='ltr'>praefecto-s</span> <span class='ocrx_word' id='word_1_503' title='bbox 1564 1027 1764 1066; x_wconf 56' lang='lat' dir='ltr'>vectigalium,</span> <span class='ocrx_word' id='word_1_504' title='bbox 1787 1030 1820 1057; x_wconf 79' lang='lat' dir='ltr'>ut</span> <span class='ocrx_word' id='word_1_505' title='bbox 1842 1027 2013 1067; x_wconf 68' lang='lat' dir='ltr'>affliyerent</span> <span class='ocrx_word' id='word_1_506' title='bbox 2031 1027 2119 1058; x_wconf 74' lang='lat' dir='ltr'>illum</span> 
     </span>
     <span class='ocr_line' id='line_1_73' title="bbox 1151 1069 2120 1111; baseline 0.003 -13"><span class='ocrx_word' id='word_1_507' title='bbox 1151 1069 1293 1099; x_wconf 68' lang='lat' dir='ltr'>oneribus</span> <span class='ocrx_word' id='word_1_508' title='bbox 1314 1069 1396 1098; x_wconf 73' lang='lat' dir='ltr'>suis:</span> <span class='ocrx_word' id='word_1_509' title='bbox 1419 1071 1695 1107; x_wconf 69' lang='lat' dir='ltr'>e.1·st›·21;z·eruntqzce</span> <span class='ocrx_word' id='word_1_510' title='bbox 1718 1070 1808 1101; x_wconf 66' lang='lat' dir='ltr'>urbes</span> <span class='ocrx_word' id='word_1_511' title='bbox 1830 1070 1968 1101; x_wconf 61' lang='lat' dir='ltr'>manitas</span> <span class='ocrx_word' id='word_1_512' title='bbox 1986 1069 2007 1111; x_wconf 90' lang='lat'>¹)</span> <span class='ocrx_word' id='word_1_513' title='bbox 2034 1069 2120 1101; x_wconf 74' lang='lat' dir='ltr'>Pha-</span> 
     </span>
     <span class='ocr_line' id='line_1_74' title="bbox 1152 1110 1645 1149; baseline 0 -7"><span class='ocrx_word' id='word_1_514' title='bbox 1152 1111 1248 1149; x_wconf 61' lang='lat' dir='ltr'>raoni,</span> <span class='ocrx_word' id='word_1_515' title='bbox 1275 1110 1396 1141; x_wconf 69' lang='lat' dir='ltr'>Pitlnmz</span> <span class='ocrx_word' id='word_1_516' title='bbox 1419 1114 1444 1141; x_wconf 72' lang='lat' dir='ltr'>et</span> <span class='ocrx_word' id='word_1_517' title='bbox 1469 1111 1645 1142; x_wconf 58' lang='lat' dir='ltr'>Rhmnffles.</span> 
     </span>
    </p>
   </div>
   <div class='ocr_carea' id='block_1_6' title="bbox 1153 1196 2124 2221">
    <p class='ocr_par' dir='ltr' id='par_1_6' title="bbox 1153 1196 2124 2221">
     <span class='ocr_line' id='line_1_75' title="bbox 1237 1196 2118 1236; baseline 0.001 -9"><span class='ocrx_word' id='word_1_518' title='bbox 1237 1197 1265 1227; x_wconf 85' lang='lat'>8.</span> <span class='ocrx_word' id='word_1_519' title='bbox 1300 1196 1444 1227; x_wconf 67' lang='lat' dir='ltr'>Surrexit</span> <span class='ocrx_word' id='word_1_520' title='bbox 1473 1199 1572 1226; x_wconf 56' lang='lat' dir='ltr'>motem</span> <span class='ocrx_word' id='word_1_521' title='bbox 1602 1206 1657 1227; x_wconf 57' lang='lat' dir='ltr'>rea:</span> <span class='ocrx_word' id='word_1_522' title='bbox 1686 1207 1790 1228; x_wconf 64' lang='lat' dir='ltr'>novae.</span> <span class='ocrx_word' id='word_1_523' title='bbox 1842 1197 1951 1236; x_wconf 78' lang='lat' dir='ltr'>Quum</span> <span class='ocrx_word' id='word_1_524' title='bbox 1988 1201 2118 1229; x_wconf 86' lang='lat' dir='ltr'>centum</span> 
     </span>
     <span class='ocr_line' id='line_1_76' title="bbox 1153 1239 2122 1278; baseline 0.002 -9"><span class='ocrx_word' id='word_1_525' title='bbox 1153 1240 1226 1270; x_wconf 87' lang='lat' dir='ltr'>anni</span> <span class='ocrx_word' id='word_1_526' title='bbox 1260 1244 1291 1270; x_wconf 87' lang='lat' dir='ltr'>et</span> <span class='ocrx_word' id='word_1_527' title='bbox 1324 1239 1433 1278; x_wconf 89' lang='lat' dir='ltr'>plures</span> <span class='ocrx_word' id='word_1_528' title='bbox 1469 1239 1605 1269; x_wconf 85' lang='lat' dir='ltr'>feliciter</span> <span class='ocrx_word' id='word_1_529' title='bbox 1640 1241 1794 1270; x_wconf 72' lang='lat' dir='ltr'>transacti</span> <span class='ocrx_word' id='word_1_530' title='bbox 1819 1246 1927 1271; x_wconf 85' lang='lat' dir='ltr'>essent</span> <span class='ocrx_word' id='word_1_531' title='bbox 1956 1241 1990 1271; x_wconf 89' lang='lat' dir='ltr'>in</span> <span class='ocrx_word' id='word_1_532' title='bbox 2021 1240 2122 1272; x_wconf 86' lang='lat' dir='ltr'>libera</span> 
     </span>
     <span class='ocr_line' id='line_1_77' title="bbox 1153 1282 2123 1323; baseline 0.001 -11"><span class='ocrx_word' id='word_1_533' title='bbox 1153 1283 1274 1322; x_wconf 82' lang='lat' dir='ltr'>quiete,</span> <span class='ocrx_word' id='word_1_534' title='bbox 1304 1282 1423 1312; x_wconf 85' lang='lat' dir='ltr'>mutari</span> <span class='ocrx_word' id='word_1_535' title='bbox 1445 1282 1549 1321; x_wconf 75' lang='lat' dir='ltr'>eoepit</span> <span class='ocrx_word' id='word_1_536' title='bbox 1572 1282 1606 1312; x_wconf 93' lang='lat' dir='ltr'>in</span> <span class='ocrx_word' id='word_1_537' title='bbox 1631 1282 1772 1313; x_wconf 70' lang='lat' dir='ltr'>deterius</span> <span class='ocrx_word' id='word_1_538' title='bbox 1797 1283 1888 1314; x_wconf 91' lang='lat' dir='ltr'>electi</span> <span class='ocrx_word' id='word_1_539' title='bbox 1914 1283 2022 1323; x_wconf 89' lang='lat' dir='ltr'>populi</span> <span class='ocrx_word' id='word_1_540' title='bbox 2046 1294 2123 1315; x_wconf 92' lang='lat' dir='ltr'>con—</span> 
     </span>
     <span class='ocr_line' id='line_1_78' title="bbox 1154 1323 2123 1357; baseline 0.002 -2"><span class='ocrx_word' id='word_1_541' title='bbox 1154 1326 1242 1356; x_wconf 88' lang='lat' dir='ltr'>ditio.</span> <span class='ocrx_word' id='word_1_542' title='bbox 1304 1323 1481 1354; x_wconf 81' lang='lat' dir='ltr'>Exordium</span> <span class='ocrx_word' id='word_1_543' title='bbox 1523 1329 1632 1355; x_wconf 81' lang='lat' dir='ltr'>autem</span> <span class='ocrx_word' id='word_1_544' title='bbox 1673 1326 1895 1356; x_wconf 87' lang='lat' dir='ltr'>calamitatum</span> <span class='ocrx_word' id='word_1_545' title='bbox 1938 1326 2046 1357; x_wconf 86' lang='lat' dir='ltr'>Moses</span> <span class='ocrx_word' id='word_1_546' title='bbox 2083 1326 2123 1356; x_wconf 85' lang='lat' dir='ltr'>ab</span> 
     </span>
     <span class='ocr_line' id='line_1_79' title="bbox 1154 1367 2123 1409; baseline 0.002 -11"><span class='ocrx_word' id='word_1_547' title='bbox 1154 1368 1369 1399; x_wconf 84' lang='lat' dir='ltr'>aemulatione</span> <span class='ocrx_word' id='word_1_548' title='bbox 1392 1372 1423 1397; x_wconf 90' lang='lat' dir='ltr'>ct</span> <span class='ocrx_word' id='word_1_549' title='bbox 1446 1367 1579 1404; x_wconf 77' lang='lat' dir='ltr'>invidia,</span> <span class='ocrx_word' id='word_1_550' title='bbox 1603 1367 1747 1407; x_wconf 84' lang='lat' dir='ltr'>falsoque</span> <span class='ocrx_word' id='word_1_551' title='bbox 1771 1369 2007 1409; x_wconf 75' lang='lat' dir='ltr'>Aegyptiorum</span> <span class='ocrx_word' id='word_1_552' title='bbox 2033 1373 2123 1400; x_wconf 85' lang='lat' dir='ltr'>metu</span> 
     </span>
     <span class='ocr_line' id='line_1_80' title="bbox 1154 1409 2123 1452; baseline 0 -10"><span class='ocrx_word' id='word_1_553' title='bbox 1154 1411 1285 1442; x_wconf 71' lang='lat' dir='ltr'>fluxisse</span> <span class='ocrx_word' id='word_1_554' title='bbox 1310 1417 1436 1440; x_wconf 86' lang='lat' dir='ltr'>narrat:</span> <span class='ocrx_word' id='word_1_555' title='bbox 1468 1410 1542 1449; x_wconf 83' lang='lat' dir='ltr'>quia</span> <span class='ocrx_word' id='word_1_556' title='bbox 1565 1409 1625 1441; x_wconf 86' lang='lat' dir='ltr'>sibi</span> <span class='ocrx_word' id='word_1_557' title='bbox 1650 1411 1830 1450; x_wconf 80' lang='lat' dir='ltr'>perieulum</span> <span class='ocrx_word' id='word_1_558' title='bbox 1854 1422 1872 1441; x_wconf 94' lang='lat' dir='ltr'>a</span> <span class='ocrx_word' id='word_1_559' title='bbox 1894 1418 1989 1452; x_wconf 86' lang='lat' dir='ltr'>gente</span> <span class='ocrx_word' id='word_1_560' title='bbox 2012 1417 2123 1442; x_wconf 75' lang='lat' dir='ltr'>extera</span> 
     </span>
     <span class='ocr_line' id='line_1_81' title="bbox 1154 1453 2121 1494; baseline 0.001 -10"><span class='ocrx_word' id='word_1_561' title='bbox 1154 1453 1341 1493; x_wconf 79' lang='lat' dir='ltr'>impendere</span> <span class='ocrx_word' id='word_1_562' title='bbox 1365 1453 1537 1490; x_wconf 83' lang='lat' dir='ltr'>finxerint,</span> <span class='ocrx_word' id='word_1_563' title='bbox 1562 1453 1621 1483; x_wconf 88' lang='lat' dir='ltr'>uisi</span> <span class='ocrx_word' id='word_1_564' title='bbox 1646 1464 1716 1484; x_wconf 86' lang='lat' dir='ltr'>eam</span> <span class='ocrx_word' id='word_1_565' title='bbox 1742 1461 1866 1484; x_wconf 87' lang='lat' dir='ltr'>mature</span> <span class='ocrx_word' id='word_1_566' title='bbox 1891 1455 2121 1494; x_wconf 87' lang='lat' dir='ltr'>opprimerent.</span> 
     </span>
     <span class='ocr_line' id='line_1_82' title="bbox 1157 1495 2122 1536; baseline 0.001 -9"><span class='ocrx_word' id='word_1_567' title='bbox 1157 1497 1277 1527; x_wconf 86' lang='lat' dir='ltr'>Verum</span> <span class='ocrx_word' id='word_1_568' title='bbox 1298 1501 1469 1535; x_wconf 80' lang='lat' dir='ltr'>antequam</span> <span class='ocrx_word' id='word_1_569' title='bbox 1490 1495 1566 1526; x_wconf 87' lang='lat' dir='ltr'>illuc</span> <span class='ocrx_word' id='word_1_570' title='bbox 1585 1495 1758 1533; x_wconf 83' lang='lat' dir='ltr'>descendit,</span> <span class='ocrx_word' id='word_1_571' title='bbox 1780 1497 1954 1536; x_wconf 83' lang='lat' dir='ltr'>praefatur,</span> <span class='ocrx_word' id='word_1_572' title='bbox 1975 1497 2122 1529; x_wconf 84' lang='lat' dir='ltr'>beneficii</span> 
     </span>
     <span class='ocr_line' id='line_1_83' title="bbox 1154 1539 2121 1579; baseline 0.001 -10"><span class='ocrx_word' id='word_1_573' title='bbox 1154 1539 1237 1579; x_wconf 88' lang='lat' dir='ltr'>quod</span> <span class='ocrx_word' id='word_1_574' title='bbox 1256 1549 1273 1570; x_wconf 80' lang='lat' dir='ltr'>a</span> <span class='ocrx_word' id='word_1_575' title='bbox 1287 1539 1406 1577; x_wconf 90' lang='lat' dir='ltr'>Ioseph</span> <span class='ocrx_word' id='word_1_576' title='bbox 1425 1542 1615 1578; x_wconf 77' lang='lat' dir='ltr'>acceperant</span> <span class='ocrx_word' id='word_1_577' title='bbox 1635 1539 1772 1570; x_wconf 86' lang='lat' dir='ltr'>deletam</span> <span class='ocrx_word' id='word_1_578' title='bbox 1794 1539 1895 1571; x_wconf 90' lang='lat' dir='ltr'>fuisse</span> <span class='ocrx_word' id='word_1_579' title='bbox 1914 1540 2121 1570; x_wconf 87' lang='lat' dir='ltr'>memoriam:</span> 
     </span>
     <span class='ocr_line' id='line_1_84' title="bbox 1154 1581 2123 1623; baseline 0.001 -11"><span class='ocrx_word' id='word_1_580' title='bbox 1154 1592 1235 1622; x_wconf 84' lang='lat' dir='ltr'>quae</span> <span class='ocrx_word' id='word_1_581' title='bbox 1258 1582 1284 1612; x_wconf 90' lang='lat' dir='ltr'>si</span> <span class='ocrx_word' id='word_1_582' title='bbox 1309 1581 1481 1621; x_wconf 84' lang='lat' dir='ltr'>viguisset,</span> <span class='ocrx_word' id='word_1_583' title='bbox 1511 1586 1636 1620; x_wconf 84' lang='lat' dir='ltr'>pot-erat</span> <span class='ocrx_word' id='word_1_584' title='bbox 1664 1582 1894 1613; x_wconf 81' lang='lat' dir='ltr'>truculentiam</span> <span class='ocrx_word' id='word_1_585' title='bbox 1917 1582 2123 1623; x_wconf 87' lang='lat' dir='ltr'>aliquatenus</span> 
     </span>
     <span class='ocr_line' id='line_1_85' title="bbox 1155 1623 2123 1666; baseline 0.002 -11"><span class='ocrx_word' id='word_1_586' title='bbox 1155 1626 1313 1666; x_wconf 86' lang='lat' dir='ltr'>mitigare.</span> <span class='ocrx_word' id='word_1_587' title='bbox 1371 1623 1534 1656; x_wconf 83' lang='lat' dir='ltr'>Credibile</span> <span class='ocrx_word' id='word_1_588' title='bbox 1568 1628 1674 1655; x_wconf 90' lang='lat' dir='ltr'>autem</span> <span class='ocrx_word' id='word_1_589' title='bbox 1709 1630 1772 1662; x_wconf 83' lang='lat' dir='ltr'>est,</span> <span class='ocrx_word' id='word_1_590' title='bbox 1811 1625 1969 1657; x_wconf 88' lang='lat' dir='ltr'>modestia</span> <span class='ocrx_word' id='word_1_591' title='bbox 2003 1625 2123 1665; x_wconf 87' lang='lat' dir='ltr'>Ioseph</span> 
     </span>
     <span class='ocr_line' id='line_1_86' title="bbox 1155 1666 2123 1709; baseline -0.001 -10"><span class='ocrx_word' id='word_1_592' title='bbox 1155 1669 1272 1699; x_wconf 77' lang='lat' dir='ltr'>sactum</span> <span class='ocrx_word' id='word_1_593' title='bbox 1305 1677 1374 1698; x_wconf 83' lang='lat' dir='ltr'>esse</span> <span class='ocrx_word' id='word_1_594' title='bbox 1406 1672 1439 1697; x_wconf 90' lang='lat' dir='ltr'>ut</span> <span class='ocrx_word' id='word_1_595' title='bbox 1470 1666 1588 1697; x_wconf 82' lang='lat' dir='ltr'>oblivio</span> <span class='ocrx_word' id='word_1_596' title='bbox 1619 1667 1699 1698; x_wconf 84' lang='lat' dir='ltr'>haee</span> <span class='ocrx_word' id='word_1_597' title='bbox 1727 1668 1870 1698; x_wconf 89' lang='lat' dir='ltr'>obruerit</span> <span class='ocrx_word' id='word_1_598' title='bbox 1904 1668 2042 1709; x_wconf 84' lang='lat' dir='ltr'>gratiam</span> <span class='ocrx_word' id='word_1_599' title='bbox 2073 1668 2123 1699; x_wconf 88' lang='lat' dir='ltr'>illi</span> 
     </span>
     <span class='ocr_line' id='line_1_87' title="bbox 1156 1710 2122 1751; baseline 0.001 -10"><span class='ocrx_word' id='word_1_600' title='bbox 1156 1711 1313 1742; x_wconf 84' lang='lat' dir='ltr'>debitam:</span> <span class='ocrx_word' id='word_1_601' title='bbox 1339 1710 1413 1749; x_wconf 89' lang='lat' dir='ltr'>quia</span> <span class='ocrx_word' id='word_1_602' title='bbox 1437 1710 1463 1740; x_wconf 87' lang='lat' dir='ltr'>si</span> <span class='ocrx_word' id='word_1_603' title='bbox 1487 1720 1606 1749; x_wconf 87' lang='lat' dir='ltr'>inagna</span> <span class='ocrx_word' id='word_1_604' title='bbox 1630 1711 1697 1741; x_wconf 89' lang='lat' dir='ltr'>suis</span> <span class='ocrx_word' id='word_1_605' title='bbox 1721 1710 1893 1751; x_wconf 77' lang='lat' dir='ltr'>privilegia</span> <span class='ocrx_word' id='word_1_606' title='bbox 1917 1711 2122 1751; x_wconf 81' lang='lat' dir='ltr'>postulasset,</span> 
     </span>
     <span class='ocr_line' id='line_1_88' title="bbox 1155 1753 2122 1794; baseline -0.001 -9"><span class='ocrx_word' id='word_1_607' title='bbox 1155 1759 1250 1794; x_wconf 84' lang='lat' dir='ltr'>atque</span> <span class='ocrx_word' id='word_1_608' title='bbox 1271 1764 1288 1783; x_wconf 84' lang='lat' dir='ltr'>a</span> <span class='ocrx_word' id='word_1_609' title='bbox 1308 1753 1439 1783; x_wconf 87' lang='lat' dir='ltr'>tributis</span> <span class='ocrx_word' id='word_1_610' title='bbox 1463 1758 1494 1783; x_wconf 89' lang='lat' dir='ltr'>ct</span> <span class='ocrx_word' id='word_1_611' title='bbox 1519 1753 1728 1793; x_wconf 83' lang='lat' dir='ltr'>vectigalibus</span> <span class='ocrx_word' id='word_1_612' title='bbox 1752 1754 1985 1791; x_wconf 85' lang='lat' dir='ltr'>immunitates,</span> <span class='ocrx_word' id='word_1_613' title='bbox 2010 1754 2122 1785; x_wconf 88' lang='lat' dir='ltr'>multis</span> 
     </span>
     <span class='ocr_line' id='line_1_89' title="bbox 1154 1795 2122 1834; baseline -0.001 -6"><span class='ocrx_word' id='word_1_614' title='bbox 1154 1797 1289 1828; x_wconf 71' lang='lat' dir='ltr'>saeculis</span> <span class='ocrx_word' id='word_1_615' title='bbox 1319 1795 1453 1827; x_wconf 81' lang='lat' dir='ltr'>celebris</span> <span class='ocrx_word' id='word_1_616' title='bbox 1485 1796 1597 1826; x_wconf 81' lang='lat' dir='ltr'>fuisset</span> <span class='ocrx_word' id='word_1_617' title='bbox 1627 1795 1729 1834; x_wconf 83' lang='lat' dir='ltr'>fama,</span> <span class='ocrx_word' id='word_1_618' title='bbox 1760 1796 1895 1828; x_wconf 82' lang='lat' dir='ltr'>salutem</span> <span class='ocrx_word' id='word_1_619' title='bbox 1922 1797 1960 1828; x_wconf 90' lang='lat' dir='ltr'>ab</span> <span class='ocrx_word' id='word_1_620' title='bbox 1992 1797 2122 1828; x_wconf 90' lang='lat' dir='ltr'>homine</span> 
     </span>
     <span class='ocr_line' id='line_1_90' title="bbox 1154 1838 2124 1880; baseline 0.001 -10"><span class='ocrx_word' id='word_1_621' title='bbox 1154 1840 1325 1871; x_wconf 88' lang='lat' dir='ltr'>israelitico</span> <span class='ocrx_word' id='word_1_622' title='bbox 1349 1839 1472 1878; x_wconf 88' lang='lat' dir='ltr'>regioni</span> <span class='ocrx_word' id='word_1_623' title='bbox 1496 1838 1596 1868; x_wconf 84' lang='lat' dir='ltr'>fuisse</span> <span class='ocrx_word' id='word_1_624' title='bbox 1627 1838 1774 1870; x_wconf 82' lang='lat' dir='ltr'>allatam:</span> <span class='ocrx_word' id='word_1_625' title='bbox 1805 1839 1860 1870; x_wconf 82' lang='lat' dir='ltr'>sed</span> <span class='ocrx_word' id='word_1_626' title='bbox 1892 1844 2026 1880; x_wconf 87' lang='lat' dir='ltr'>apparet</span> <span class='ocrx_word' id='word_1_627' title='bbox 2049 1850 2124 1871; x_wconf 92' lang='lat' dir='ltr'>con-</span> 
     </span>
     <span class='ocr_line' id='line_1_91' title="bbox 1153 1881 2123 1921; baseline 0.001 -8"><span class='ocrx_word' id='word_1_628' title='bbox 1153 1888 1278 1914; x_wconf 87' lang='lat' dir='ltr'>tentum</span> <span class='ocrx_word' id='word_1_629' title='bbox 1302 1882 1400 1911; x_wconf 84' lang='lat' dir='ltr'>fuisse</span> <span class='ocrx_word' id='word_1_630' title='bbox 1420 1881 1561 1911; x_wconf 87' lang='lat' dir='ltr'>humano</span> <span class='ocrx_word' id='word_1_631' title='bbox 1586 1881 1735 1921; x_wconf 88' lang='lat' dir='ltr'>hospitio,</span> <span class='ocrx_word' id='word_1_632' title='bbox 1759 1886 1796 1912; x_wconf 92' lang='lat' dir='ltr'>ut</span> <span class='ocrx_word' id='word_1_633' title='bbox 1818 1883 1984 1913; x_wconf 82' lang='lat' dir='ltr'>commode</span> <span class='ocrx_word' id='word_1_634' title='bbox 2002 1888 2034 1913; x_wconf 88' lang='lat' dir='ltr'>et</span> <span class='ocrx_word' id='word_1_635' title='bbox 2053 1883 2123 1914; x_wconf 85' lang='lat' dir='ltr'>sine</span> 
     </span>
     <span class='ocr_line' id='line_1_92' title="bbox 1155 1924 2123 1965; baseline 0 -9"><span class='ocrx_word' id='word_1_636' title='bbox 1155 1925 1300 1956; x_wconf 84' lang='lat' dir='ltr'>molestia</span> <span class='ocrx_word' id='word_1_637' title='bbox 1324 1924 1438 1955; x_wconf 85' lang='lat' dir='ltr'>fratres</span> <span class='ocrx_word' id='word_1_638' title='bbox 1459 1925 1507 1954; x_wconf 86' lang='grc'><strong>5111</strong></span> <span class='ocrx_word' id='word_1_639' title='bbox 1530 1924 1713 1954; x_wconf 84' lang='lat' dir='ltr'>habitarent</span> <span class='ocrx_word' id='word_1_640' title='bbox 1732 1925 1764 1955; x_wconf 91' lang='lat' dir='ltr'>in</span> <span class='ocrx_word' id='word_1_641' title='bbox 1789 1929 1875 1955; x_wconf 86' lang='lat' dir='ltr'>terra</span> <span class='ocrx_word' id='word_1_642' title='bbox 1895 1925 2021 1956; x_wconf 87' lang='lat' dir='ltr'>Gosen:</span> <span class='ocrx_word' id='word_1_643' title='bbox 2047 1926 2123 1965; x_wconf 88' lang='lat' dir='ltr'>quia</span> 
     </span>
     <span class='ocr_line' id='line_1_93' title="bbox 1155 1966 2122 2008; baseline 0 -9"><span class='ocrx_word' id='word_1_644' title='bbox 1155 1968 1277 1999; x_wconf 85' lang='lat' dir='ltr'>scilieet</span> <span class='ocrx_word' id='word_1_645' title='bbox 1299 1967 1475 2006; x_wconf 83' lang='lat' dir='ltr'>inquilinos</span> <span class='ocrx_word' id='word_1_646' title='bbox 1498 1977 1568 1997; x_wconf 75' lang='lat' dir='ltr'>esse</span> <span class='ocrx_word' id='word_1_647' title='bbox 1593 1966 1690 1997; x_wconf 85' lang='lat' dir='ltr'>voluit</span> <span class='ocrx_word' id='word_1_648' title='bbox 1717 1967 1818 1998; x_wconf 86' lang='lat' dir='ltr'>donee</span> <span class='ocrx_word' id='word_1_649' title='bbox 1843 1968 1969 1998; x_wconf 78' lang='lat' dir='ltr'>veniret</span> <span class='ocrx_word' id='word_1_650' title='bbox 1992 1973 2122 2008; x_wconf 88' lang='lat' dir='ltr'>tempus</span> 
     </span>
     <span class='ocr_line' id='line_1_94' title="bbox 1156 2009 2122 2049; baseline 0.001 -8"><span class='ocrx_word' id='word_1_651' title='bbox 1156 2010 1365 2041; x_wconf 78' lang='lat' dir='ltr'>liberationis.</span> <span class='ocrx_word' id='word_1_652' title='bbox 1413 2012 1519 2049; x_wconf 84' lang='lat' dir='ltr'>Atque</span> <span class='ocrx_word' id='word_1_653' title='bbox 1547 2009 1667 2048; x_wconf 87' lang='lat' dir='ltr'>optime</span> <span class='ocrx_word' id='word_1_654' title='bbox 1690 2021 1801 2040; x_wconf 89' lang='lat' dir='ltr'>eorum</span> <span class='ocrx_word' id='word_1_655' title='bbox 1826 2010 1920 2040; x_wconf 82' lang='lat' dir='ltr'>saluti</span> <span class='ocrx_word' id='word_1_656' title='bbox 1944 2010 2005 2042; x_wconf 88' lang='lat' dir='ltr'>hoc</span> <span class='ocrx_word' id='word_1_657' title='bbox 2027 2010 2122 2042; x_wconf 90' lang='lat' dir='ltr'>modo</span> 
     </span>
     <span class='ocr_line' id='line_1_95' title="bbox 1157 2051 2121 2093; baseline 0.002 -11"><span class='ocrx_word' id='word_1_658' title='bbox 1157 2053 1330 2093; x_wconf 78' lang='lat' dir='ltr'>prospexit,</span> <span class='ocrx_word' id='word_1_659' title='bbox 1346 2063 1385 2082; x_wconf 82' lang='grc'><strong>11(-</strong></span> <span class='ocrx_word' id='word_1_660' title='bbox 1405 2052 1523 2083; x_wconf 87' lang='lat' dir='ltr'>talibus</span> <span class='ocrx_word' id='word_1_661' title='bbox 1537 2051 1695 2083; x_wconf 81' lang='lat' dir='ltr'>illecebris</span> <span class='ocrx_word' id='word_1_662' title='bbox 1716 2054 1809 2093; x_wconf 88' lang='lat' dir='ltr'>eapti,</span> <span class='ocrx_word' id='word_1_663' title='bbox 1824 2053 1972 2083; x_wconf 79' lang='lat' dir='ltr'>exitiales</span> <span class='ocrx_word' id='word_1_664' title='bbox 1992 2053 2121 2093; x_wconf 80' lang='lat' dir='ltr'>laqueos</span> 
     </span>
     <span class='ocr_line' id='line_1_96' title="bbox 1156 2094 2121 2135; baseline 0 -8"><span class='ocrx_word' id='word_1_665' title='bbox 1156 2097 1337 2127; x_wconf 77' lang='lat' dir='ltr'>induerent.</span> <span class='ocrx_word' id='word_1_666' title='bbox 1381 2094 1446 2126; x_wconf 70' lang='lat' dir='ltr'>Sed</span> <span class='ocrx_word' id='word_1_667' title='bbox 1473 2106 1533 2134; x_wconf 84' lang='lat' dir='ltr'>quo</span> <span class='ocrx_word' id='word_1_668' title='bbox 1557 2095 1665 2125; x_wconf 86' lang='grc'><strong>10111115</strong></span> <span class='ocrx_word' id='word_1_669' title='bbox 1689 2096 1830 2126; x_wconf 83' lang='lat' dir='ltr'>invidiae</span> <span class='ocrx_word' id='word_1_670' title='bbox 1854 2101 1886 2126; x_wconf 92' lang='lat' dir='ltr'>et</span> <span class='ocrx_word' id='word_1_671' title='bbox 1911 2097 2121 2135; x_wconf 88' lang='lat' dir='ltr'>querimoniis</span> 
     </span>
     <span class='ocr_line' id='line_1_97' title="bbox 1156 2138 2120 2176; baseline 0 -6"><span class='ocrx_word' id='word_1_672' title='bbox 1156 2140 1294 2170; x_wconf 82' lang='lat' dir='ltr'>obnoxia</span> <span class='ocrx_word' id='word_1_673' title='bbox 1317 2138 1374 2168; x_wconf 82' lang='lat' dir='ltr'>fuit</span> <span class='ocrx_word' id='word_1_674' title='bbox 1399 2138 1501 2168; x_wconf 83' lang='lat' dir='ltr'>sancti</span> <span class='ocrx_word' id='word_1_675' title='bbox 1526 2138 1585 2167; x_wconf 89' lang='lat' dir='ltr'>viri</span> <span class='ocrx_word' id='word_1_676' title='bbox 1612 2138 1802 2176; x_wconf 86' lang='lat' dir='ltr'>moderatio,</span> <span class='ocrx_word' id='word_1_677' title='bbox 1834 2149 1870 2169; x_wconf 91' lang='lat' dir='ltr'>eo</span> <span class='ocrx_word' id='word_1_678' title='bbox 1893 2139 2002 2169; x_wconf 89' lang='lat' dir='ltr'>minus</span> <span class='ocrx_word' id='word_1_679' title='bbox 2023 2150 2120 2171; x_wconf 81' lang='lat' dir='ltr'>exeu-</span> 
     </span>
     <span class='ocr_line' id='line_1_98' title="bbox 1156 2180 2120 2221; baseline 0.001 -9"><span class='ocrx_word' id='word_1_680' title='bbox 1156 2181 1265 2213; x_wconf 87' lang='lat' dir='ltr'>sabilis</span> <span class='ocrx_word' id='word_1_681' title='bbox 1284 2192 1395 2211; x_wconf 89' lang='lat' dir='ltr'>eorum</span> <span class='ocrx_word' id='word_1_682' title='bbox 1414 2180 1623 2220; x_wconf 84' lang='lat' dir='ltr'>ingratitudo,</span> <span class='ocrx_word' id='word_1_683' title='bbox 1649 2181 1724 2211; x_wconf 89' lang='lat' dir='ltr'>dum</span> <span class='ocrx_word' id='word_1_684' title='bbox 1749 2181 1843 2220; x_wconf 84' lang='lat' dir='ltr'>paulo</span> <span class='ocrx_word' id='word_1_685' title='bbox 1863 2187 1936 2221; x_wconf 86' lang='lat' dir='ltr'>post</span> <span class='ocrx_word' id='word_1_686' title='bbox 1957 2182 2120 2213; x_wconf 86' lang='lat' dir='ltr'>saeculum</span> 
     </span>
    </p>
   </div>
   <div class='ocr_carea' id='block_1_7' title="bbox 1155 2224 2121 2307">
    <p class='ocr_par' dir='ltr' id='par_1_7' title="bbox 1155 2224 2121 2307">
     <span class='ocr_line' id='line_1_99' title="bbox 1156 2224 2121 2265; baseline 0 -10"><span class='ocrx_word' id='word_1_687' title='bbox 1156 2235 1253 2255; x_wconf 85' lang='lat' dir='ltr'>unuin</span> <span class='ocrx_word' id='word_1_688' title='bbox 1297 2224 1533 2254; x_wconf 82' lang='lat' dir='ltr'>obliviscuntur</span> <span class='ocrx_word' id='word_1_689' title='bbox 1575 2224 1620 2253; x_wconf 87' lang='lat' dir='ltr'>rei</span> <span class='ocrx_word' id='word_1_690' title='bbox 1661 2230 1726 2253; x_wconf 82' lang='lat' dir='ltr'>tam</span> <span class='ocrx_word' id='word_1_691' title='bbox 1767 2224 1998 2255; x_wconf 80' lang='lat' dir='ltr'>memorabilis:</span> <span class='ocrx_word' id='word_1_692' title='bbox 2040 2235 2121 2265; x_wconf 86' lang='lat' dir='ltr'>quae</span> 
     </span>
     <span class='ocr_line' id='line_1_100' title="bbox 1155 2266 2120 2307; baseline 0.002 -10"><span class='ocrx_word' id='word_1_693' title='bbox 1155 2267 1291 2307; x_wconf 74' lang='lat' dir='ltr'>publicis</span> <span class='ocrx_word' id='word_1_694' title='bbox 1337 2266 1454 2296; x_wconf 80' lang='lat' dir='ltr'>tabulis</span> <span class='ocrx_word' id='word_1_695' title='bbox 1495 2266 1714 2305; x_wconf 76' lang='lat' dir='ltr'>consignanda</span> <span class='ocrx_word' id='word_1_696' title='bbox 1755 2267 1874 2305; x_wconf 85' lang='lat' dir='ltr'>passim</span> <span class='ocrx_word' id='word_1_697' title='bbox 1921 2268 2039 2304; x_wconf 81' lang='lat' dir='ltr'>suerat,</span> <span class='ocrx_word' id='word_1_698' title='bbox 2079 2278 2120 2299; x_wconf 86' lang='lat' dir='ltr'>ne</span> 
     </span>
    </p>
   </div>
   <div class='ocr_carea' id='block_1_8' title="bbox 1155 2309 2121 2393">
    <p class='ocr_par' dir='ltr' id='par_1_8' title="bbox 1155 2309 2121 2393">
     <span class='ocr_line' id='line_1_101' title="bbox 1155 2309 2121 2350; baseline 0.001 -10"><span class='ocrx_word' id='word_1_699' title='bbox 1155 2309 1283 2350; x_wconf 86' lang='lat' dir='ltr'>quaudo</span> <span class='ocrx_word' id='word_1_700' title='bbox 1315 2309 1519 2339; x_wconf 76' lang='lat' dir='ltr'>intercideret</span> <span class='ocrx_word' id='word_1_701' title='bbox 1553 2318 1669 2339; x_wconf 88' lang='lat' dir='ltr'>nomeu</span> <span class='ocrx_word' id='word_1_702' title='bbox 1702 2309 1827 2348; x_wconf 85' lang='lat' dir='ltr'>Ioseph.</span> <span class='ocrx_word' id='word_1_703' title='bbox 1882 2309 1952 2340; x_wconf 91' lang='lat' dir='ltr'>Non</span> <span class='ocrx_word' id='word_1_704' title='bbox 1988 2310 2121 2341; x_wconf 85' lang='lat' dir='ltr'>ferenda</span> 
     </span>
     <span class='ocr_line' id='line_1_102' title="bbox 1156 2351 2121 2393; baseline 0.001 -10"><span class='ocrx_word' id='word_1_705' title='bbox 1156 2353 1255 2393; x_wconf 84' lang='lat' dir='ltr'>igitur</span> <span class='ocrx_word' id='word_1_706' title='bbox 1279 2353 1434 2391; x_wconf 77' lang='lat' dir='ltr'>impietas,</span> <span class='ocrx_word' id='word_1_707' title='bbox 1458 2351 1540 2391; x_wconf 87' lang='lat' dir='ltr'>quod</span> <span class='ocrx_word' id='word_1_708' title='bbox 1566 2352 1634 2382; x_wconf 84' lang='lat' dir='ltr'>eius</span> <span class='ocrx_word' id='word_1_709' title='bbox 1656 2353 1801 2391; x_wconf 69' lang='lat' dir='ltr'>cognatis</span> <span class='ocrx_word' id='word_1_710' title='bbox 1820 2358 1851 2382; x_wconf 87' lang='lat' dir='ltr'>et</span> <span class='ocrx_word' id='word_1_711' title='bbox 1877 2353 2015 2392; x_wconf 86' lang='lat' dir='ltr'>posteris</span> <span class='ocrx_word' id='word_1_712' title='bbox 2035 2353 2121 2393; x_wconf 89' lang='lat' dir='ltr'>apud</span> 
     </span>
    </p>
   </div>
   <div class='ocr_carea' id='block_1_9' title="bbox 1127 2393 2119 2435">
    <p class='ocr_par' dir='ltr' id='par_1_9' title="bbox 1127 2393 2119 2435">
     <span class='ocr_line' id='line_1_103' title="bbox 1127 2393 2119 2435; baseline 0.002 -10"><span class='ocrx_word' id='word_1_713' title='bbox 1127 2396 1129 2403; x_wconf 52' lang='lat'><em>¹</em></span> <span class='ocrx_word' id='word_1_714' title='bbox 1155 2408 1187 2425; x_wconf 86' lang='grc'>50</span> <span class='ocrx_word' id='word_1_715' title='bbox 1213 2395 1411 2434; x_wconf 71' lang='lat' dir='ltr'>peregrinari</span> <span class='ocrx_word' id='word_1_716' title='bbox 1436 2405 1497 2424; x_wconf 86' lang='lat' dir='ltr'>non</span> <span class='ocrx_word' id='word_1_717' title='bbox 1522 2393 1716 2431; x_wconf 69' lang='lat' dir='ltr'>concedunt,</span> <span class='ocrx_word' id='word_1_718' title='bbox 1748 2395 1875 2433; x_wconf 81' lang='lat' dir='ltr'>quibus,</span> <span class='ocrx_word' id='word_1_719' title='bbox 1907 2400 1978 2435; x_wconf 69' lang='lat' dir='ltr'>post</span> <span class='ocrx_word' id='word_1_720' title='bbox 2002 2395 2119 2434; x_wconf 88' lang='lat' dir='ltr'>Deum,</span> 
     </span>
    </p>
   </div>
   <div class='ocr_carea' id='block_1_10' title="bbox 1155 2433 2120 2521">
    <p class='ocr_par' dir='ltr' id='par_1_10' title="bbox 1155 2433 2120 2521">
     <span class='ocr_line' id='line_1_104' title="bbox 1155 2433 2120 2475; baseline 0 -7"><span class='ocrx_word' id='word_1_721' title='bbox 1155 2438 1207 2468; x_wconf 79' lang='lat' dir='ltr'>vel</span> <span class='ocrx_word' id='word_1_722' title='bbox 1228 2433 1366 2468; x_wconf 69' lang='grc' dir='ltr'><strong>511111)οἰ</strong></span> <span class='ocrx_word' id='word_1_723' title='bbox 1388 2448 1484 2467; x_wconf 86' lang='lat' dir='ltr'>manu</span> <span class='ocrx_word' id='word_1_724' title='bbox 1505 2443 1537 2466; x_wconf 82' lang='lat' dir='ltr'>et</span> <span class='ocrx_word' id='word_1_725' title='bbox 1561 2437 1719 2475; x_wconf 79' lang='lat' dir='ltr'>auspiciis,</span> <span class='ocrx_word' id='word_1_726' title='bbox 1743 2448 1832 2467; x_wconf 81' lang='lat' dir='ltr'>suani</span> <span class='ocrx_word' id='word_1_727' title='bbox 1854 2446 1884 2467; x_wconf 81' lang='lat' dir='ltr'>et</span> <span class='ocrx_word' id='word_1_728' title='bbox 1907 2444 2012 2469; x_wconf 88' lang='lat' dir='ltr'>tcrrae</span> <span class='ocrx_word' id='word_1_729' title='bbox 2034 2439 2120 2470; x_wconf 84' lang='lat' dir='ltr'>salu—</span> 
     </span>
     <span class='ocr_line' id='line_1_105' title="bbox 1155 2479 2120 2521; baseline 0.001 -10"><span class='ocrx_word' id='word_1_730' title='bbox 1155 2488 1219 2511; x_wconf 80' lang='lat' dir='ltr'>tem</span> <span class='ocrx_word' id='word_1_731' title='bbox 1244 2480 1424 2511; x_wconf 67' lang='lat' dir='ltr'>adscribere</span> <span class='ocrx_word' id='word_1_732' title='bbox 1448 2479 1634 2510; x_wconf 86' lang='lat' dir='ltr'>debuerant.</span> <span class='ocrx_word' id='word_1_733' title='bbox 1674 2479 1736 2509; x_wconf 63' lang='lat' dir='ltr'>Sed</span> <span class='ocrx_word' id='word_1_734' title='bbox 1762 2479 1812 2511; x_wconf 85' lang='lat' dir='ltr'>hie</span> <span class='ocrx_word' id='word_1_735' title='bbox 1836 2480 1968 2512; x_wconf 90' lang='lat' dir='ltr'>morbus</span> <span class='ocrx_word' id='word_1_736' title='bbox 1991 2492 2120 2521; x_wconf 85' lang='lat' dir='ltr'>semper</span> 
     </span>
    </p>
   </div>
   <div class='ocr_carea' id='block_1_11' title="bbox 141 2523 2120 2696">
    <p class='ocr_par' dir='ltr' id='par_1_11' title="bbox 141 2523 2120 2696">
     <span class='ocr_line' id='line_1_106' title="bbox 1127 2523 2120 2564; baseline 0.001 -10"><span class='ocrx_word' id='word_1_737' title='bbox 1127 2527 1128 2530; x_wconf 76' lang='grc'>’</span> <span class='ocrx_word' id='word_1_738' title='bbox 1154 2524 1219 2554; x_wconf 84' lang='lat' dir='ltr'>fere</span> <span class='ocrx_word' id='word_1_739' title='bbox 1240 2524 1271 2553; x_wconf 85' lang='lat' dir='ltr'>in</span> <span class='ocrx_word' id='word_1_740' title='bbox 1293 2523 1413 2553; x_wconf 85' lang='lat' dir='ltr'>mundo</span> <span class='ocrx_word' id='word_1_741' title='bbox 1434 2528 1600 2563; x_wconf 77' lang='lat' dir='ltr'>grassatus</span> <span class='ocrx_word' id='word_1_742' title='bbox 1619 2526 1683 2552; x_wconf 85' lang='lat' dir='ltr'>est:</span> <span class='ocrx_word' id='word_1_743' title='bbox 1706 2532 1742 2552; x_wconf 85' lang='lat' dir='ltr'>ac</span> <span class='ocrx_word' id='word_1_744' title='bbox 1766 2523 1856 2553; x_wconf 86' lang='lat' dir='ltr'>nobis</span> <span class='ocrx_word' id='word_1_745' title='bbox 1879 2528 1965 2554; x_wconf 88' lang='lat' dir='ltr'>certe</span> <span class='ocrx_word' id='word_1_746' title='bbox 1988 2524 2120 2564; x_wconf 83' lang='lat' dir='ltr'>expedit</span> 
     </span>
     <span class='ocr_line' id='line_1_107' title="bbox 142 2567 1129 2608; baseline -0.004 -9"><span class='ocrx_word' id='word_1_747' title='bbox 142 2581 202 2599; x_wconf 90' lang='grc'>000</span> <span class='ocrx_word' id='word_1_748' title='bbox 227 2570 357 2600; x_wconf 79' lang='lat' dir='ltr'>inferior</span> <span class='ocrx_word' id='word_1_749' title='bbox 379 2579 461 2601; x_wconf 73' lang='grc'><strong>05501</strong></span> <span class='ocrx_word' id='word_1_750' title='bbox 487 2570 693 2602; x_wconf 78' lang='lat' dir='ltr'>incrementis</span> <span class='ocrx_word' id='word_1_751' title='bbox 717 2568 824 2608; x_wconf 86' lang='lat' dir='ltr'>populi</span> <span class='ocrx_word' id='word_1_752' title='bbox 847 2567 957 2598; x_wconf 79' lang='lat' dir='ltr'>Israel.</span> <span class='ocrx_word' id='word_1_753' title='bbox 996 2569 1102 2606; x_wconf 74' lang='lat' dir='ltr'>Atque</span> <span class='ocrx_word' id='word_1_754' title='bbox 1127 2568 1129 2595; x_wconf 67' lang='grc' dir='ltr'>ζ</span> 
     </span>
     <span class='ocr_line' id='line_1_108' title="bbox 142 2611 1129 2653; baseline -0.001 -12"><span class='ocrx_word' id='word_1_755' title='bbox 142 2612 202 2642; x_wconf 72' lang='lat' dir='ltr'>hut:</span> <span class='ocrx_word' id='word_1_756' title='bbox 233 2613 371 2651; x_wconf 74' lang='lat' dir='ltr'>pertinet</span> <span class='ocrx_word' id='word_1_757' title='bbox 401 2614 594 2653; x_wconf 83' lang='lat' dir='ltr'>comparatio</span> <span class='ocrx_word' id='word_1_758' title='bbox 627 2614 708 2643; x_wconf 86' lang='lat' dir='ltr'>inter</span> <span class='ocrx_word' id='word_1_759' title='bbox 736 2612 859 2642; x_wconf 81' lang='lat' dir='ltr'>animas</span> <span class='ocrx_word' id='word_1_760' title='bbox 887 2611 1101 2649; x_wconf 81' lang='lat' dir='ltr'>septuaginta,</span> <span class='ocrx_word' id='word_1_761' title='bbox 1127 2626 1129 2632; x_wconf 58' lang='lat' dir='ltr'>v</span> 
     </span>
     <span class='ocr_line' id='line_1_109' title="bbox 141 2652 1129 2696; baseline -0.003 -11"><span class='ocrx_word' id='word_1_762' title='bbox 141 2661 172 2685; x_wconf 85' lang='lat' dir='ltr'>et</span> <span class='ocrx_word' id='word_1_763' title='bbox 199 2655 433 2686; x_wconf 76' lang='lat' dir='ltr'>uuiltitudinem</span> <span class='ocrx_word' id='word_1_764' title='bbox 465 2667 546 2696; x_wconf 73' lang='lat' dir='ltr'>quae</span> <span class='ocrx_word' id='word_1_765' title='bbox 577 2655 651 2686; x_wconf 87' lang='lat' dir='ltr'>inde</span> <span class='ocrx_word' id='word_1_766' title='bbox 682 2654 850 2695; x_wconf 81' lang='lat' dir='ltr'>profluxit,</span> <span class='ocrx_word' id='word_1_767' title='bbox 881 2658 913 2683; x_wconf 92' lang='lat' dir='ltr'>ut</span> <span class='ocrx_word' id='word_1_768' title='bbox 939 2652 1016 2683; x_wconf 83' lang='lat' dir='ltr'>haee</span> <span class='ocrx_word' id='word_1_769' title='bbox 1042 2652 1102 2683; x_wconf 91' lang='lat' dir='ltr'>Dei</span> <span class='ocrx_word' id='word_1_770' title='bbox 1127 2670 1129 2679; x_wconf 57' lang='grc' dir='ltr'><strong><em>ι</em></strong></span> 
     </span>
    </p>
   </div>
   <div class='ocr_carea' id='block_1_12' title="bbox 1199 2592 1355 2596">
    <p class='ocr_par' dir='ltr' id='par_1_12' title="bbox 1199 2592 1355 2596">
     <span class='ocr_line' id='line_1_110' title="bbox 1199 2592 1355 2596; baseline 0 0"><span class='ocrx_word' id='word_1_771' title='bbox 1199 2592 1355 2596; x_wconf 95' lang='lat' dir='ltr'> </span> 
     </span>
    </p>
   </div>
   <div class='ocr_carea' id='block_1_13' title="bbox 1156 2623 2121 2692">
    <p class='ocr_par' dir='ltr' id='par_1_13' title="bbox 1156 2623 2121 2692">
     <span class='ocr_line' id='line_1_111' title="bbox 1224 2623 2121 2658; baseline 0.002 -8"><span class='ocrx_word' id='word_1_772' title='bbox 1224 2625 1250 2658; x_wconf 89' lang='grc'>1)</span> <span class='ocrx_word' id='word_1_773' title='bbox 1271 2625 1305 2650; x_wconf 83' lang='lat' dir='ltr'>In</span> <span class='ocrx_word' id='word_1_774' title='bbox 1325 2625 1443 2657; x_wconf 58' lang='lat' dir='ltr'>maraine</span> <span class='ocrx_word' id='word_1_775' title='bbox 1462 2623 1587 2649; x_wconf 63' lang='lat' dir='ltr'>atldiraezr:</span> <span class='ocrx_word' id='word_1_776' title='bbox 1607 2624 1670 2655; x_wconf 85' lang='lat' dir='ltr'>Vel,</span> <span class='ocrx_word' id='word_1_777' title='bbox 1695 2625 1878 2649; x_wconf 81' lang='lat' dir='ltr'>recondendae</span> <span class='ocrx_word' id='word_1_778' title='bbox 1903 2633 2032 2652; x_wconf 83' lang='lat' dir='ltr'>annonae.</span> <span class='ocrx_word' id='word_1_779' title='bbox 2069 2626 2121 2652; x_wconf 83' lang='lat' dir='ltr'>Ed.</span> 
     </span>
     <span class='ocr_line' id='line_1_112' title="bbox 1156 2658 1633 2692; baseline -0.004 -7"><span class='ocrx_word' id='word_1_780' title='bbox 1156 2659 1235 2685; x_wconf 73' lang='lat'>1617:</span> <span class='ocrx_word' id='word_1_781' title='bbox 1258 2660 1316 2691; x_wconf 80' lang='lat' dir='ltr'>Vel,</span> <span class='ocrx_word' id='word_1_782' title='bbox 1335 2658 1487 2692; x_wconf 84' lang='lat' dir='ltr'>perdendae</span> <span class='ocrx_word' id='word_1_783' title='bbox 1506 2666 1633 2683; x_wconf 81' lang='lat' dir='ltr'>annonae.</span> 
     </span>
    </p>
   </div>
  </div>
 </body>
</html>
