2304 3034
177 179 218 209 39
765 177 1132 211 COMMENTARIUS
1157 178 1205 210 IN
1230 178 1377 210 EXODI
1401 177 1497 209 GAP.
1522 178 1584 208 ΙΙΙ.
2119 178 2161 208 40

177 281 237 311 pro
267 270 384 301 visibili
406 270 526 310 speeie,
558 280 622 310 qua
650 270 718 302 eius
748 271 899 302 maiestas
923 271 1144 313 obtegebatur,

179 319 320 354 positum
346 320 402 343 est.

267 356 293 386 7.
318 355 360 386 Et
382 355 463 386 davit
482 354 605 386 Iclzova.
652 356 836 395 Antequam
859 360 967 396 partes
988 356 1145 388 liberandi

179 399 290 439 populi
304 398 394 428 Dens
406 398 491 428 Mosi
515 398 672 438 iniungat,
696 398 844 438 pluribus
868 399 973 431 verbis
996 399 1036 430 ad
1055 410 1144 440 spem

178 441 332 472 victoriae
363 446 395 471 et
417 441 562 480 prosperi
586 445 723 471 eventus
752 452 824 472 eum
858 442 961 482 erigit.
1015 441 1145 474 Scimus

179 484 264 514 enini
290 490 323 513 ut
348 482 505 514 dubitatio
529 483 652 514 animos
671 493 745 514 cura
767 488 797 514 et
820 485 985 516 anxietate
1004 485 1146 516 retardet

180 537 215 557 ac
251 525 404 556 debilitet.
457 525 530 557 Non
565 526 670 565 potuit
703 526 805 566 igitur
839 527 947 558 Moses
981 528 1144 568 negotium

180 574 311 600 strenue
348 568 398 599 vel
433 568 609 608 suscipere,
644 569 695 599 vel
725 569 875 609 aggredi,
906 570 969 601 nisi
1000 570 1147 602 coelestis

179 611 293 642 auxilii
326 610 445 642 fiducia
478 611 668 642 instructus.
721 611 809 651 Ergo
841 612 932 643 Deus
965 623 999 644 se
1034 612 1145 644 ducem

180 654 246 684 fore
270 654 457 693 profitetur,
487 659 523 684 ut
551 654 669 685 talibus
700 654 851 694 auspiciis
874 655 975 686 fretus
999 655 1038 686 ad
1060 656 1144 686 mili·

177 695 312 727 tandum
337 696 496 736 intrepide
519 707 552 727 se
572 697 728 737 accingat.
764 696 858 728 Unde
878 697 1034 729 elicienda
1055 698 1147 730 nobis

179 744 227 770 est
245 740 424 770 communis
444 739 606 770 doctrina:
627 740 837 779 quantumvis
855 739 936 771 lenti
955 741 1146 772 naturaliter

180 793 216 813 ac
240 781 466 813 haesitabundi
491 782 529 812 ad
555 782 749 822 praestanda
770 783 840 813 Deo
863 782 1013 823 obsequia
1037 783 1146 822 simus,

180 825 234 856 ubi
259 829 366 855 tamen
391 824 429 855 de
453 834 601 856 successu
626 836 683 856 nos
703 825 810 856 reddit
832 826 992 864 certiores,
1016 826 1062 857 fas
1082 837 1145 857 non

179 878 249 899 esse
273 868 445 907 quidquam
477 867 671 899 detrectare:
701 868 775 907 quia
804 868 913 899 nullus
943 873 1047 909 potest
1075 880 1145 900 esse

179 911 282 941 acrior
295 910 443 941 stimulus
464 910 523 941 hac
542 911 764 950 promissione,
779 921 912 942 manum
933 913 1000 942 eius
1019 922 1146 952 semper

177 954 247 984 fore
281 958 425 993 paratam
460 952 512 983 ubi
547 954 712 993 sequimur
745 964 807 993 quo
840 958 943 985 vocat.
985 954 1023 984 In
1059 954 1145 985 hunc

180 996 277 1027 finem
311 995 400 1026 Deus
435 996 600 1035 praefatur
633 1000 808 1036 antequam
841 997 1016 1028 vocationis
1049 997 1146 1028 faciat

178 1038 390 1075 mentionem,
422 1045 457 1069 ut
480 1039 588 1070 Moses
611 1039 650 1070 de
673 1039 755 1070 felici
779 1039 869 1070 exitu
892 1039 997 1071 factus
1021 1041 1144 1078 certior,

177 1081 327 1112 alacriter
339 1081 379 1112 ad
393 1091 472 1121 opus
486 1081 666 1113 descendat.
698 1082 801 1113 Porro
821 1081 875 1112 ubi
888 1082 978 1114 Deus
997 1082 1144 1122 redemp-

177 1124 274 1155 tionis
287 1123 383 1154 fidem
396 1124 429 1154 in
443 1125 584 1164 gratuito
596 1124 732 1161 foedere,
746 1135 782 1155 ac
794 1125 929 1164 proinde
941 1126 974 1155 in
988 1135 1077 1156 mera
1088 1136 1146 1156 sua

178 1166 374 1198 liberalitate
408 1167 576 1205 fundavit,
616 1178 701 1199 nunc
736 1167 875 1198 alterum
916 1172 1145 1208 argumentum

179 1210 278 1241 sumit
306 1220 324 1240 a
354 1220 413 1240 sua
446 1210 583 1241 iustitia:
620 1211 694 1250 quia
726 1211 796 1241 fieri
831 1221 897 1241 non
931 1215 1036 1251 potest
1068 1211 1145 1251 quin

178 1252 292 1283 mundi
322 1252 420 1282 iudex
450 1253 576 1284 miseris
607 1260 639 1283 et
669 1252 863 1284 calamitosis
886 1253 1066 1292 subveniat,
1091 1253 1146 1284 ubi

179 1294 312 1335 indigne
346 1296 589 1335 opprimuntur,
631 1297 820 1335 praesertim
856 1295 910 1327 ubi
944 1306 1037 1336 opem
1078 1296 1147 1327 eius

178 1338 361 1377 implorant.
397 1338 468 1370 Hoc
487 1339 520 1369 in
533 1348 654 1379 genere
673 1349 787 1371 verum
801 1343 865 1370 est:
886 1338 994 1370 Deum
1007 1339 1147 1370 iniustae

179 1380 348 1412 cuiuslibet
379 1381 580 1412 crudelitatis
603 1382 670 1412 fore
694 1381 872 1420 vindicem,
903 1381 958 1413 sed
988 1382 1147 1422 peculiare

181 1424 250 1454 eius
279 1423 436 1454 auxilium
461 1435 478 1455 a
507 1423 654 1455 fidelibus
684 1424 880 1464 sperandum
911 1430 973 1462 est,
1004 1435 1084 1465 quos
1112 1424 1147 1455 in

180 1466 277 1497 fidem
302 1467 582 1506 patrociniumque
606 1468 736 1507 recepit.
777 1467 891 1507 Itaque
915 1468 1040 1505 merito,
1064 1472 1147 1507 post-

180 1520 277 1549 quam
301 1508 396 1547 dixit,
424 1509 595 1549 adoptione
618 1511 727 1550 populi
751 1521 785 1541 se
807 1511 932 1541 moveri
955 1521 995 1541 ne
1018 1520 1091 1541 eum
1114 1510 1147 1541 in

181 1556 327 1583 extrema
339 1553 530 1584 necessitate
543 1553 679 1589 deserat,
700 1553 796 1584 simul
809 1553 956 1594 adiungit
974 1553 1147 1584 secundam

181 1595 474 1631 confirmationem,
504 1607 537 1627 se
566 1596 693 1627 venisse
720 1596 840 1627 auxilio
865 1596 905 1627 ad
935 1595 1146 1627 cohibendam

180 1637 397 1678 tyrannidem,
415 1638 491 1678 quia
509 1638 682 1670 clamorem
702 1638 837 1679 inopum
856 1638 1044 1670 exaudierit.
1076 1639 1148 1669 Hoc

181 1680 311 1720 quidem
342 1682 438 1712 semel
472 1681 637 1712 animandi
667 1682 768 1713 Mosis
802 1692 897 1713 causa
931 1681 1053 1713 dictum
1083 1686 1146 1712 est:

181 1723 237 1755 sed
257 1734 320 1754 non
342 1723 469 1764 vulgari
488 1725 601 1755 solatio
620 1725 722 1755 lenire
745 1724 839 1756 debet
857 1728 984 1756 nostros
1003 1724 1147 1755 omnium

183 1766 322 1804 dolores,
350 1767 403 1798 ubi
438 1767 496 1798 sub
530 1767 650 1798 iniusto
685 1778 781 1799 onere
815 1767 984 1808 gemimus.
1036 1767 1148 1807 Neque

183 1810 269 1840 enim
295 1809 385 1840 Deus
416 1810 469 1850 qui
493 1817 570 1841 tunc
599 1810 744 1841 oculatus
774 1811 850 1849 fuit,
878 1810 973 1841 hodie
1001 1809 1148 1847 caecutit,

184 1853 263 1892 quin
275 1852 424 1884 observet
437 1862 548 1884 omnes
560 1853 693 1884 iniurias
704 1864 740 1884 ac
753 1853 934 1893 supplicum
948 1854 1147 1884 misereatur.

186 1895 381 1935 Quanquam
409 1900 515 1926 autem
544 1895 749 1927 hebraismus
779 1901 829 1927 est
861 1896 894 1926 in
918 1896 1009 1927 verbi
1033 1896 1148 1936 repeti-

182 1939 284 1968 tione:
310 1938 460 1969 Videndo
484 1938 566 1976 vidi,
591 1939 751 1979 significat
774 1943 899 1976 tamen,
929 1939 983 1970 ubi
1013 1949 1147 1978 poenam

184 1981 293 2012 differt
315 1991 352 2011 ac
375 1980 554 2021 suspendit,
573 1982 811 2013 conniventiam
833 1981 917 2013 hanc
936 1992 999 2012 non
1023 1982 1149 2012 obstare

184 2024 355 2064 quominus
389 2034 405 2054 e
439 2024 535 2055 coelis
567 2025 750 2065 speculetur
773 2024 942 2055 hominum
981 2024 1079 2062 facta,
1112 2028 1150 2054 ut

182 2066 311 2097 tandem
329 2072 510 2106 opportuno
531 2072 674 2107 tempore
693 2067 790 2098 iudex
810 2070 974 2108 appareat.
1009 2067 1150 2098 Notatur

183 2110 269 2140 enim
293 2110 447 2140 continua
470 2110 724 2141 animadversio:
749 2111 840 2150 quasi
865 2110 993 2147 diceret,
1017 2120 1050 2141 se
1074 2114 1149 2140 tunc

182 2163 308 2192 quoque
343 2152 464 2183 vidisse
499 2152 575 2183 dum
605 2152 796 2193 quiescendo
826 2154 914 2184 visus
948 2152 1008 2183 fuit
1040 2152 1149 2192 populi

183 2206 354 2226 aerumnas
378 2196 551 2236 negligere.
599 2196 782 2227 Clamorem
809 2206 842 2227 se
873 2195 1000 2226 audisse
1030 2195 1149 2233 dicens,

182 2237 309 2277 oblique
344 2239 533 2278 perstringit
566 2239 677 2278 populi
717 2238 911 2270 socordiam:
954 2248 1048 2277 quem
1085 2248 1148 2268 non

185 2281 320 2320 legimus
355 2288 429 2311 ante
464 2281 618 2312 clamasse
652 2291 748 2321 quam
790 2281 886 2313 rebus
928 2281 1082 2312 extremis
1114 2291 1150 2311 ac

185 2323 357 2363 deploratis
392 2330 521 2355 coactus
557 2324 661 2355 fuerit.
708 2324 822 2363 Itaque
857 2323 940 2354 nihil
974 2323 1092 2354 mirum
1123 2323 1149 2354 si

184 2377 284 2406 prope
308 2366 509 2397 contabuerit
533 2367 592 2397 sub
616 2367 710 2398 malis
735 2368 813 2404 suis,
837 2371 1008 2406 antequam
1033 2366 1149 2397 subve-

184 2409 326 2446 niretur,
351 2410 424 2448 quia
450 2410 503 2440 vix
526 2415 597 2449 post
620 2410 753 2450 longum
777 2416 906 2450 tempus
930 2414 1060 2439 exortae
1083 2409 1149 2439 fue-

185 2458 262 2482 runt
302 2462 421 2491 preces.
478 2452 674 2492 Quanquam
708 2464 749 2483 ne
783 2458 861 2483 tunc
902 2462 1027 2491 quoque
1067 2452 1150 2482 serio

186 2500 331 2533 precatos
355 2505 423 2525 esse
448 2495 624 2526 verisimile
648 2494 757 2535 est(ut
781 2500 856 2525 ante
879 2494 968 2535 dixi),
993 2493 1047 2525 sed
1060 2494 1150 2525 Deus

186 2537 375 2568 clementiae
407 2548 484 2568 suae
508 2544 538 2568 et
562 2538 635 2568 fidei
664 2538 818 2569 maiorem
849 2537 963 2567 habuit
992 2537 1149 2567 rationem

187 2590 283 2618 quam
306 2580 409 2611 iustae
433 2585 465 2611 et
491 2580 612 2612 solidae
641 2591 751 2611 eorum
781 2580 1043 2620 praeparationis.
1089 2579 1151 2610 His

186 2622 314 2662 quidem
339 2622 445 2654 verbis
469 2623 530 2654 Dei
557 2623 797 2655 invocationem
826 2622 917 2654 nobis
947 2622 1151 2653 commendat

1197 273 1347 313 spiritus,
1379 283 1419 303 ne
1443 276 1626 311 torpeamus
1649 271 1682 301 in
1706 270 1792 300 curis
1815 274 1846 300 et
1868 269 2081 306 moeroribus,
2105 267 2161 300 sed

1198 321 1284 347 recta
1303 315 1473 354 confugere
1493 313 1654 344 discamus
1666 312 1706 343 ad
1726 322 1848 343 sacram
1868 311 1953 343 hanc
1971 311 2159 343 anchoram:

1198 358 1293 389 sicuti
1323 357 1419 388 etiam
1450 357 1483 387 in
1515 355 1643 386 Psalmo
1667 355 1717 392 34,
1749 355 1788 385 16
1817 353 1949 385 dicitur:
1981 353 2076 385 Oculi
2099 354 2161 385 Dei

1198 411 1293 440 super
1317 400 1434 437 iustos,
1464 404 1496 430 et
1518 409 1611 429 aures
1635 398 1704 428 eius
1731 397 1770 427 ad
1794 396 2011 437 precationem
2034 396 2162 427 illorum

1198 443 1350 473 intentae.
1396 442 1439 472 Et
1460 442 1554 473 sicuti
1576 441 1651 472 alibi
1675 445 1812 471 testatur
1837 450 1871 470 se
1890 439 1996 470 Deum
2015 449 2085 470 esse
2107 439 2161 478 qui

1198 496 1308 526 preces
1343 484 1476 515 exaudit
1504 483 1604 525 (Psal.
1640 483 1690 520 65,
1721 482 1770 524 2):
1801 482 1845 513 ita
1878 482 2002 521 quoties
2038 481 2162 512 duriter

1198 539 1367 568 urgemur,
1391 527 1430 558 ad
1454 527 1514 558 hoc
1536 525 1715 557 remedium
1744 524 1966 565 quaerendum
1994 534 2052 555 nos
2075 523 2161 555 solli·

1198 571 1284 602 citat.
1330 570 1395 602 Ubi
1421 570 1498 601 dicit
1528 569 1682 610 populum
1714 578 1808 599 suum
1839 577 1908 598 esse
1941 567 1976 597 in
1999 567 2161 607 Aegypto,

1198 614 1319 653 species
1342 613 1576 653 repugnantiae
1600 621 1680 652 quae
1704 610 1832 642 videtur
1854 610 2001 647 subesse,
2028 609 2068 640 ad
2088 618 2162 640 con-

1198 656 1412 687 firmationem
1432 666 1496 686 non
1517 665 1632 695 parum
1657 654 1758 685 valet:
1782 653 1857 693 quia
1874 653 1938 684 huc
1958 651 2060 683 tendit
2079 651 2163 692 quod

1199 698 1237 729 de
1269 704 1355 729 terra
1379 698 1538 730 Chanaan
1563 695 1757 738 possidenda
1787 695 1938 727 Abrahae
1969 694 2162 736 promissum

1198 741 1268 778 fuit,
1292 741 1421 772 irritum
1445 752 1508 772 non
1528 740 1604 771 fore.
1636 738 1845 779 Peregrinari
1864 738 1948 769 enim
1967 740 2000 768 in
2016 738 2164 778 Aegypto

1198 784 1353 824 populum
1376 784 1426 815 cui
1450 783 1525 814 data
1548 787 1617 814 erat
1640 783 1714 813 alibi
1739 780 1934 818 haeredium,
1957 791 2022 812 non
2046 790 2163 812 conve-

1199 827 1246 857 nit
1268 837 1340 858 cum
1353 826 1416 857 Dei
1436 826 1588 857 veritate:
1612 826 1673 856 nisi
1697 824 1895 865 praescripto
1918 828 2062 863 tempore
2085 822 2162 854 libe-

1198 874 1297 900 retur.
1333 869 1447 900 Posset
1466 869 1563 900 etiam
1587 868 1791 899 adversative
1814 867 1893 907 capi.
1929 866 2088 905 Quamvis
2111 876 2164 906 po-

1197 912 1292 952 pulus
1306 912 1339 943 in
1353 913 1502 952 Aegypto
1522 911 1672 942 habitans
1691 909 1832 941 exsultet
1850 920 1869 940 a
1888 914 1976 940 terra
1996 909 2163 947 Chanaan,

1197 955 1332 994 ideoque
1362 955 1408 985 ita
1436 954 1587 985 videatur
1615 965 1634 985 a
1661 964 1712 984 me
1743 951 1978 992 quodammodo
2011 955 2162 989 remotus,

1198 997 1307 1029 audivi
1337 1002 1446 1028 tamen
1478 997 1660 1028 clamorem.
1706 995 1771 1027 Sed
1799 994 1964 1035 probabile
1995 999 2043 1026 est
2072 994 2162 1033 illud,

1198 1041 1273 1080 quia
1291 1039 1460 1080 indignum
1480 1040 1521 1070 sit
1539 1039 1694 1079 populum
1714 1042 1821 1069 terrae
1840 1042 1971 1069 sanctae
1989 1037 2164 1069 haeredem

1198 1083 1273 1114 alibi
1303 1093 1430 1122 semper
1459 1092 1590 1113 manere
1619 1081 1832 1121 inquilinum,
1865 1081 1954 1112 brevi
1978 1080 2084 1112 Deum
2114 1090 2164 1111 re-

1198 1125 1398 1164 demptorem
1422 1124 1538 1156 adfore.
1573 1124 1611 1155 In
1631 1125 1694 1156 fine
1718 1134 1830 1155 versus
1854 1123 2004 1164 repetitio
2023 1127 2070 1154 est
2093 1122 2164 1155 aliis

1198 1167 1320 1205 verbis,
1355 1168 1439 1208 quod
1474 1168 1563 1199 Deus
1596 1167 1785 1208 cognoverit
1820 1165 1959 1205 dolores,
2000 1165 2057 1197 sed
2090 1176 2162 1198 cum

1198 1211 1456 1251 amplificatione.

1284 1254 1312 1284 8.
1338 1253 1491 1284 Descendi
1513 1256 1545 1283 ut
1568 1253 1738 1284 liberarem.
1784 1251 1911 1283 Clarius
1934 1252 1999 1283 iam
2022 1251 2164 1292 explicat

1199 1296 1258 1327 sibi
1281 1296 1481 1336 propositum
1504 1306 1574 1327 esse
1597 1306 1661 1326 non
1685 1295 1847 1335 praesenti
1870 1294 1963 1325 modo
1986 1294 2164 1326 calamitati

1199 1349 1397 1377 succurrere,
1426 1338 1480 1370 sed
1504 1343 1668 1379 praestare
1692 1337 1800 1369 datam
1826 1336 1976 1368 Abrahae
1999 1336 2095 1368 fidem
2125 1336 2164 1368 de

1199 1381 1399 1421 possessione
1423 1386 1527 1412 terrae
1552 1380 1718 1412 Ohanaan.
1764 1380 1881 1411 Finem
1912 1390 1987 1420 ergo
2015 1379 2163 1421 redemp-

1200 1424 1296 1456 tionis
1319 1428 1418 1462 notat,
1442 1429 1478 1455 ut
1501 1424 1650 1454 fruantur
1673 1423 1780 1463 quiete
1810 1429 1841 1453 et
1871 1422 2070 1454 haereditate
2104 1423 2166 1454 sibi

1199 1467 1366 1507 promissa.
1410 1466 1495 1498 Nota
1517 1472 1565 1497 est
1588 1466 1729 1506 phrasis,
1763 1466 1870 1497 Deum
1894 1465 1933 1496 ad
1952 1476 2010 1496 nos
2034 1465 2165 1497 descen-

1201 1509 1285 1546 dere,
1308 1510 1363 1541 ubi
1386 1520 1420 1541 re
1442 1510 1512 1550 ipsa
1524 1510 1679 1540 virtutem
1703 1518 1794 1540 suam
1807 1508 1940 1548 profert,
1963 1518 2061 1548 seque
2074 1508 2166 1540 nobis

1201 1553 1414 1592 propinquum
1439 1551 1588 1589 ostendit,
1612 1562 1647 1583 ac
1671 1552 1696 1583 si
1716 1551 1852 1589 diceret,
1883 1550 1989 1590 palam
2014 1561 2166 1583 sensuros

1201 1595 1364 1626 Israelitas
1387 1595 1448 1626 sibi
1471 1595 1627 1626 auxilium
1651 1599 1778 1634 praesto
1802 1604 1879 1625 esse.
1910 1594 2011 1624 Terra
2034 1594 2099 1625 lata
2118 1594 2164 1625 vi-

1201 1637 1294 1669 detur
1316 1638 1432 1678 opponi
1456 1637 1615 1677 angustiis
1638 1638 1671 1667 in
1695 1647 1774 1676 quas
1798 1637 1932 1668 coniecti
1955 1641 2055 1668 erant.
2080 1636 2164 1668 Nam

1200 1681 1261 1712 etsi
1283 1681 1398 1711 fertilis
1420 1686 1451 1711 et
1474 1680 1642 1711 commoda
1665 1686 1733 1710 erat
1757 1685 1843 1710 terra
1863 1679 1983 1717 Gosen,
2006 1680 2165 1711 crescenti

1200 1728 1309 1754 tamen
1327 1723 1440 1754 turbae
1464 1723 1518 1754 vix
1542 1722 1582 1753 ad
1606 1722 1839 1753 habitationem
1859 1722 2004 1753 sufficere
2023 1726 2165 1762 poterat:

1200 1765 1315 1797 deinde
1336 1766 1403 1797 illic
1427 1765 1595 1801 serviliter,
1620 1775 1685 1795 non
1708 1775 1798 1796 secus
1822 1769 1917 1804 atque
1941 1765 1973 1795 in
1991 1765 2164 1806 ergastulo,

1200 1809 1299 1840 clausi
1322 1808 1527 1839 tenebantur.
1563 1807 1707 1838 Tandem
1731 1808 1848 1838 iterum
1861 1808 2030 1839 confirmat
2045 1819 2079 1839 se
2091 1818 2165 1840 cum

1199 1851 1263 1883 illis
1292 1852 1429 1891 benigne
1458 1855 1624 1889 acturum,
1648 1851 1722 1890 quia
1746 1851 1884 1891 gemitus
1907 1851 2103 1889 exaudierit,
2133 1854 2165 1882 et

1200 1905 1309 1926 eorum
1340 1904 1511 1924 aerumnas
1534 1904 1599 1923 non
1622 1893 1763 1933 ignoret,
1794 1894 1941 1933 quamvis
1964 1893 2060 1934 longo
2083 1898 2163 1925 tem-

1200 1947 1276 1977 pore
1299 1936 1475 1968 vindictam
1502 1935 1670 1967 distulerit.

1288 2022 1334 2053 10.
1367 2021 1443 2052 Veni
1465 2022 1575 2060 itaque,
1599 2024 1625 2051 et
1647 2022 1765 2051 onittam
1788 2024 1814 2051 te
1836 2021 1877 2052 ad
1902 2021 2108 2062 Pharaonem,
2132 2024 2165 2053 ut

1201 2066 1312 2097 educas
1348 2064 1498 2103 populum
1539 2074 1638 2094 meum
1676 2064 1758 2102 filios
1799 2063 1901 2095 Israel
1939 2075 1976 2096 ex
2016 2065 2162 2105 Aeyypto.

1203 2109 1251 2139 11.
1276 2107 1318 2138 Et
1340 2108 1420 2139 dixit
1433 2105 1536 2137 Moses
1560 2107 1601 2137 ad
1612 2106 1728 2138 Deum.-
1754 2106 1830 2145 Quz's
1848 2117 1917 2138 sum
1939 2117 1990 2147 090
2007 2110 2040 2138 ut
2052 2108 2164 2139 vadam

1201 2151 1242 2183 ad
1268 2150 1480 2186 Pharaonem,
1512 2151 1537 2179 et
1562 2149 1687 2180 educam
1708 2149 1793 2188 filios
1816 2150 1919 2180 Israel
1941 2160 1978 2180 ex
2001 2150 2164 2190 Aegypto?

1203 2194 1251 2224 12.
1275 2192 1318 2223 Et
1340 2192 1510 2231 respondit:
1536 2192 1616 2231 Quia
1640 2195 1734 2222 {ceum
1756 2202 1818 2229 ero,
1841 2195 1868 2222 et
1890 2192 1943 2224 lzoc
1965 2193 2020 2223 tihi
2042 2193 2165 2232 sigmum

1201 2236 1280 2277 quod
1302 2245 1352 2275 eyo
1375 2235 1513 2266 miserim
1537 2237 1578 2265 te:
1605 2235 1704 2273 Quum
1726 2235 1870 2266 «laseris
1886 2236 2039 2274 populum
2062 2236 2165 2275 ipsum

1202 2290 1238 2310 ex
1262 2278 1405 2317 Aeyypto,
1430 2277 1532 2308 coletis
1546 2276 1646 2308 Deum
1664 2287 1763 2316 prope
1785 2281 1914 2309 montem
1936 2278 2024 2309 hunc.
2051 2279 2097 2309 13.
2122 2277 2165 2309 Et

1202 2322 1246 2353 ait
1271 2320 1373 2351 Moses
1395 2320 1437 2350 ad
1459 2319 1577 2351 Deum.-
1622 2320 1714 2356 Eece,
1746 2319 1797 2350 ubi
1820 2331 1872 2360 eqo
1894 2331 2001 2352 ‘renero
2024 2322 2065 2352 ad
2084 2321 2166 2360 filios

1203 2364 1314 2403 Israel,
1337 2365 1361 2394 et
1382 2363 1488 2393 ‹lim-0
1511 2363 1563 2397 cis,
1577 2362 1664 2393 Deus
1681 2366 1809 2401 patrum
1832 2366 2000 2395 ‘nestrorum
2021 2364 2108 2395 misit
2120 2374 2166 2395 me

1201 2407 1242 2438 ad
1264 2417 1332 2437 vos:
1354 2408 1424 2436 tunc
1446 2405 1475 2435 si
1496 2405 1644 2435 dii-erint.-
1682 2406 1768 2444 (khwd
1791 2416 1898 2437 'nomen
1920 2407 1988 2437 eius
2010 2409 2067 2438 est:
2090 2407 2166 2446 quid

1201 2450 1303 2481 dicam
1326 2448 1413 2479 illis?
1462 2448 1509 2478 14.
1546 2448 1629 2478 Tunc
1662 2449 1812 2487 responde(
1841 2449 1928 2480 Deus
1951 2448 2053 2480 Most.-
2090 2449 2166 2480 Sum

1201 2493 1253 2531 qui
1275 2502 1352 2521 sum.
1398 2490 1439 2520 Et
1462 2491 1524 2520 α’ἰτῑ
1556 2490 1607 2521 Sic
1629 2491 1711 2521 cliens
1734 2491 1776 2521 ad
1797 2491 1878 2529 filios
1902 2492 2019 2523 Israel:
2052 2492 2128 2523 Sum
2143 2492 2166 2533 ¹)

1200 2535 1285 2565 misit
1308 2544 1353 2564 me
1375 2533 1416 2564 ad
1438 2543 1497 2563 vos.

1272 2627 1299 2660 1)
1320 2626 1434 2653 Gallice:
1454 2626 1481 2652 si
1502 2626 1602 2651 suis-ie
