2304 3034
119 195 177 226 701

114 287 215 319 fuerit
238 287 363 318 servilis
382 286 530 323 conditio,
553 295 633 325 quae
652 284 721 315 sine
739 283 885 325 prodigio
904 285 1078 324 temperari

116 340 183 361 non
212 330 325 370 potuit.
376 328 467 361 Nihil
500 327 586 358 enim
619 327 722 367 magis
755 331 885 366 praeter
916 334 1077 364 naturam,

118 382 215 412 quam
238 378 274 403 ut
294 372 448 410 maritus,
469 370 580 401 relicta
602 379 719 405 uxore,
749 374 781 399 et
804 368 913 400 liberis
936 369 1077 406 abiectis,

119 414 182 446 alio
201 414 327 455 migret.
362 413 461 453 Atqui
480 422 542 443 non
562 411 657 442 aliter
680 411 762 442 solvi
785 411 890 451 potuit
912 411 1077 443 vinculum

119 458 300 494 servitutis,
330 466 425 496 quam
455 454 609 490 divortio,
640 454 701 485 hoc
730 458 778 484 est
808 454 907 493 impia
937 454 1077 494 coniugii

121 499 299 531 violatione.
334 498 411 529 Fuit
429 507 504 537 ergo
523 497 556 526 in
576 496 636 527 hae
660 496 840 527 divulsione
863 496 957 527 foeda
980 507 1076 536 quae-

119 542 190 572 dam
222 541 398 577 barbariem
431 549 528 579 quum
558 540 609 569 vir
637 549 655 568 a
684 538 816 569 dimidia
845 539 895 569 sui
926 544 1015 578 parte
1046 544 1077 570 et

117 584 255 624 propriis
278 581 450 615 visceribus
472 587 639 621 separatus
658 585 715 612 est.
749 581 816 612 Nee
840 586 947 611 tamen
971 581 1077 621 potuit

119 626 204 657 aliud
228 636 295 657 esse
317 623 506 655 remedium:
532 623 607 664 quia
630 624 657 654 si
676 634 758 654 uxor
775 634 846 654 eum
867 623 977 655 liberis
996 623 1075 654 fuis-

118 673 167 700 set
190 667 399 703 manumissa,
423 676 476 697 eos
499 676 607 697 seeum
632 665 784 704 educere,
806 667 920 697 fuisset
939 666 1076 706 spoliare

117 711 237 742 iustum
260 710 439 747 dominum⁷
469 719 533 739 non
563 708 657 739 modo
687 709 805 739 ancilla
833 719 914 748 quae
944 714 1014 739 erat
1041 710 1074 739 iu

117 754 185 784 eius
208 752 380 791 mancipio,
407 750 461 782 sed
491 751 587 781 etiam
619 751 739 782 teneris
762 750 867 783 adhuc
890 751 1018 791 puellis,
1043 752 1074 782 in

117 805 250 835 quorum
273 793 492 825 educationem
516 797 664 833 sumptus
684 793 813 825 fecerat.
848 794 899 824 Ita
922 793 984 824 iuri
1010 794 1074 833 pri-

115 842 191 869 vato
218 836 312 869 cessit
341 836 481 876 coniugii
509 836 663 867 sanctitas
695 836 755 868 1136
778 837 811 866 111
835 841 934 876 parte.
980 836 1075 868 Unde

115 879 174 911 1106
203 879 314 911 vitium
342 878 428 909 111161
459 879 520 909 3113
549 878 786 909 numerandum
815 884 863 910 est
892 889 972 918 quae
997 879 1074 910 tole-

115 923 198 953 ravit
220 922 308 952 Deus
339 921 378 951 ob
412 920 523 960 populi
558 920 724 958 duritiem,
757 922 831 961 quia
868 921 922 952 vix
958 922 1074 962 corrigi

114 969 253 1005 poterat:
274 963 301 994 si
324 963 396 1002 quis
419 969 527 994 tamen
552 968 639 994 casto
663 974 771 995 amore
794 968 948 999 retentus,
973 964 1075 994 nollet

114 1016 246 1038 uxorem
276 1006 408 1045 eiusque
435 1005 543 1037 foetus
572 1005 733 1044 deserere,
771 1006 946 1038 remedium
984 1006 1073 1037 addi-

114 1054 183 1080 tum
212 1053 275 1085 est,
310 1054 345 1078 ut
374 1059 407 1079 66
438 1059 563 1088 quoque
592 1049 625 1079 in
655 1049 846 1080 servitutem
884 1054 1073 1089 perpetuam

113 1091 282 1122 addiceret.
316 1090 436 1121 Forma
454 1091 487 1121 in
503 1090 616 1121 Exodo
639 1091 756 1122 elarius
780 1102 874 1131 quam
899 1092 932 1122 in
953 1091 1072 1123 Deute-

112 1134 255 1164 ronomio
278 1133 468 1173 explicatur:
501 1144 575 1164 nam
600 1134 633 1164 in
658 1134 717 1165 hoc
748 1134 886 1165 seeundo
909 1134 978 1165 loco
1002 1140 1071 1165 tan-

112 1180 180 1206 tum
205 1175 336 1213 dicitur,
367 1184 402 1206 ut
430 1175 579 1208 dominus
603 1176 642 1207 ad
666 1187 795 1207 servum
820 1182 975 1216 perpetuo
1000 1177 1067 1207 vin-

111 1217 298 1256 dicandum,
332 1228 441 1249 aurem
473 1219 540 1250 eius
564 1219 712 1259 perforet.
756 1219 795 1249 In
820 1219 933 1250 Exodo
963 1225 1071 1250 autem

111 1260 239 1291 additur
262 1261 512 1297 circumstantia,
538 1266 574 1292 ut
597 1262 792 1292 interveniat
816 1262 942 1301 publica
965 1263 1073 1302 cogni-

110 1303 169 1334 tio:
190 1314 263 1334 nam
283 1304 309 1333 si
329 1304 481 1342 privatim
504 1305 639 1344 quisque
658 1305 726 1335 eius
746 1305 791 1335 rei
810 1305 922 1335 fuisset
940 1305 1071 1343 arbiter⁷

110 1345 247 1377 divitum
266 1345 360 1377 aedes
378 1347 581 1377 carnificinae
600 1347 736 1377 fuissent
755 1346 794 1377 ad
814 1347 948 1378 miseros
961 1357 1073 1378 servos

110 1387 314 1428 torquendos.
355 1388 510 1429 Legimus
534 1389 618 1429 apud
642 1389 813 1420 Ieremiam
837 1389 900 1430 (34,
927 1389 988 1431 11),
1012 1389 1073 1420 hac

110 1430 179 1471 lege
212 1435 396 1470 contempta
425 1431 562 1462 Iudaeos
597 1438 726 1471 praeter
754 1432 805 1463 ius
834 1437 866 1463 et
895 1433 941 1463 fas
971 1432 1071 1463 domi-

108 1478 200 1504 natos
224 1479 377 1514 perpetuo
399 1474 499 1505 fuisse
522 1474 625 1505 servis
648 1475 722 1505 suis.
769 1474 839 1505 Imo
869 1485 969 1515 quum
996 1485 1070 1515 gra-

110 1516 192 1547 viter
213 1515 272 1546 sub
295 1516 456 1547 Zedechia
479 1517 636 1556 increpati
660 1517 805 1554 fuissent,
829 1522 861 1548 et
884 1517 922 1548 de
946 1517 1072 1558 integro

109 1558 316 1599 promulgata
350 1558 496 1597 libertas,
531 1559 642 1590 statim
672 1561 840 1600 tyrannice
869 1560 927 1591 sub
957 1560 1071 1600 iugum

109 1601 239 1632 retracti
262 1605 340 1632 sunt
368 1601 477 1632 miseri
506 1601 668 1639 homines,
698 1612 734 1633 ac
758 1603 784 1633 si
810 1613 866 1642 per
896 1602 1071 1634 ludibrium

108 1643 245 1675 fuissent
267 1644 467 1675 manumissi.
513 1644 702 1676 Cavendum
723 1655 799 1685 ergo
822 1645 884 1676 fuit
906 1655 947 1676 ne
970 1645 1073 1676 occul-

109 1686 149 1717 tis
174 1686 343 1717 tormentis
366 1686 486 1718 invitos
509 1686 548 1717 ad
578 1686 758 1718 obeundam
789 1688 981 1719 servitutem
1004 1687 1072 1719 adi-

108 1732 238 1769 gerent:
262 1729 353 1760 euius
372 1729 448 1760 mali
472 1729 649 1760 remedium
673 1730 742 1767 fuit,
766 1730 866 1761 libera
886 1730 971 1770 apud
990 1730 1072 1761 iudi-

108 1781 159 1802 ces
183 1771 353 1804 confessi0:
377 1772 466 1802 auris
489 1777 597 1803 autem
615 1773 771 1812 perfossio
790 1773 951 1813 stigmatis
969 1773 1073 1804 instar

108 1813 177 1844 fuit.

109 1867 257 1896 nequam,
282 1861 314 1887 et
336 1857 517 1895 sceleratos,
540 1857 590 1888 vel
614 1858 668 1897 qui
692 1858 798 1897 aliquo
817 1858 912 1889 modo
932 1859 1073 1898 suspecti

110 1903 210 1936 erant,
234 1898 379 1930 solebant
397 1899 604 1939 stigmatibus
623 1904 750 1931 notare:
776 1900 859 1932 hanc
877 1901 1074 1941 ignominiae

111 1945 220 1972 notam
243 1941 346 1972 noluit
371 1942 461 1973 Deus
483 1953 614 1973 suorum
639 1942 799 1974 frontibus
822 1943 925 1974 inuri:
950 1944 976 1974 si
1003 1944 1074 1984 quis

111 1987 217 2014 tamen
240 1989 353 2024 sponte
376 1985 410 2015 111
434 1990 623 2024 perpetuam
646 1986 838 2016 servitutem
857 1991 1074 2025 consenserat,

112 2036 186 2056 eum
220 2026 322 2057 voluit
357 2027 562 2067 obligationis
596 2038 673 2059 suae
708 2028 889 2068 symbolum
929 2030 962 2059 in
997 2040 1074 2060 aure

112 2073 246 2108 gestare.
291 2069 480 2100 Tenendum
505 2075 613 2101 tamen
637 2075 694 2108 est,
718 2070 801 2102 hanc
825 2082 949 2111 quoque
972 2073 1072 2103 servi-

112 2114 213 2141 tutem
235 2110 394 2153 (quamvis
413 2111 538 2143 dicatur
557 2113 591 2143 in
614 2113 776 2144 saeculum
796 2113 926 2155 durare)
947 2114 1073 2145 finitam

114 2151 211 2184 fuisse
233 2155 264 2184 in
289 2154 448 2186 Iubilaeo:
481 2156 555 2195 quia
585 2162 662 2187 tunc
694 2162 849 2187 renovata
880 2156 942 2187 fuit
970 2162 1074 2188 terrae

114 2198 146 2224 et
168 2194 331 2227 hominum
352 2197 500 2229 conditio.

198 2236 294 2269 Deut.
327 2239 375 2276 15,
408 2240 457 2271 13.
486 2239 528 2271 Et
554 2251 648 2279 quum
679 2241 813 2272 dimittes
838 2252 906 2272 eum
934 2241 1072 2273 liberum.
1099 2247 1101 2286 j

116 2277 180 2309 Hic
203 2290 275 2311 vero
305 2292 368 2312 non
398 2287 525 2313 tantum
556 2284 766 2314 manumissio
790 2284 986 2324 iniungitur.
1018 2285 1073 2316 sed

117 2320 295 2353 exhortatio
318 2334 442 2364 quoque
465 2325 586 2357 accedit
610 2326 647 2356 ad
674 2326 914 2363 liberalitatem,
949 2332 984 2357 ut
1007 2338 1073 2358 ser-

118 2373 173 2394 vos
196 2374 259 2394 non
277 2366 344 2397 sine
362 2368 507 2398 mercede
527 2368 704 2399 dimittant:
728 2379 830 2408 neque
849 2370 933 2399 enim
954 2369 1005 2400 lex
1026 2375 1075 2401 est

117 2405 251 2436 forensis
273 2417 352 2446 quae
379 2415 567 2450 extorqueat
590 2412 628 2441 ab
653 2412 760 2442 avaris
783 2412 854 2450 plus
877 2422 970 2451 quam
996 2412 1072 2444 dare

118 2448 229 2478 velint.
265 2448 369 2488 Atque
391 2452 443 2484 hie
466 2453 551 2484 valet
574 2454 668 2484 Pauli
693 2454 819 2493 regula:
844 2453 1072 2494 Unusquisque

117 2494 213 2529 prout
236 2490 407 2523 destinavit
428 2495 461 2525 in
485 2495 578 2526 corde
609 2507 681 2533 suo,
714 2507 770 2527 nee
802 2507 842 2527 ex
867 2496 998 2527 tristitia
1023 2498 1071 2528 vel

118 2532 323 2564 necessitate:
363 2536 436 2574 quia
474 2537 610 2569 hilarem
654 2539 798 2569 datorem
839 2539 943 2579 diligit
983 2540 1072 2571 Deus

117 2573 160 2615 (2.
181 2573 255 2606 Cor.
275 2575 303 2612 9,
324 2575 364 2617 7).
399 2576 462 2609 Sed
480 2580 555 2619 quia
576 2581 692 2612 fratres
711 2587 802 2612 erant
821 2583 906 2612 servi
918 2582 1071 2620 Hebraei,

118 2617 210 2648 Deus
233 2627 345 2657 passus
364 2630 424 2651 non
445 2627 492 2652 est
510 2633 563 2654 eos
583 2623 740 2655 deteriore
760 2624 827 2656 loco
846 2624 957 2655 haberi
977 2635 1071 2665 quam

819 191 1041 223 OCTAVUM
1064 191 1381 224 PRAEOEP'PUM.

233 1813 317 1845 Nam
356 1813 539 1846 Orientales
579 1826 689 1846 servos
724 1815 773 1846 vel
808 1816 979 1856 fugitivos,
1022 1815 1100 1847 vel.

2032 198 2094 229 702

1135 287 1360 318 mercenarios.
1406 286 1501 326 Quod
1532 293 1639 319 autem
1671 288 1735 320 illis
1761 289 1830 320 dari
1852 290 1941 321 iubet
1963 301 2002 321 ex
2027 296 2093 322 tor-

1103 363 1105 366 *
1131 328 1248 366 culari,
1278 339 1367 366 area,
1391 334 1423 360 et
1445 330 1544 362 caulis
1568 331 1742 370 pecudum,
1771 342 1835 363 non
1859 333 2018 373 significat
2042 334 2093 364 his

1103 383 1105 406 l
1131 371 1256 409 verbis,
1279 372 1522 412 locupletandos
1546 383 1629 410 esse,
1654 374 1705 405 vel
1729 375 1991 415 suppetitandam
2015 376 2092 416 ipsis

1130 412 1254 453 largam
1289 425 1468 446 annonam:
1508 415 1564 447 sed
1604 415 1719 447 divites
1750 418 1878 457 proprie
1912 418 2092 458 compellat,

1103 463 1104 496 j
1130 455 1246 494 quibus
1269 457 1440 497 multiplex
1463 458 1554 498 copia
1577 459 1719 498 suppetit
1740 469 1780 490 ex
1803 470 1865 499 qua
1888 460 1951 491 sint
1976 461 2092 492 libera-

1130 497 1191 529 les:
1216 509 1252 529 ac
1275 500 1301 530 si
1325 500 1508 531 ostenderet
1531 500 1616 532 unde
1639 502 1797 541 accipiant
1821 503 1997 542 gratuitum
2021 514 2092 534 mu-

1130 550 1201 577 11116,
1225 541 1308 580 quod
1332 547 1437 573 tamen
1458 543 1554 574 simul
1574 549 1657 574 esset
1675 545 1758 575 iusta
1776 543 1922 575 laborum
1942 556 2092 586 compen-

1129 583 1218 614 satio.

1216 625 1264 656 18.
1299 627 1370 657 Non
1397 628 1439 658 sit
1468 628 1524 659 tibi
1552 629 1674 660 durum.
1725 629 1836 669 Nuper
1866 630 1962 660 retuli
1996 641 2091 670 quam

1130 667 1269 699 difficilis
1292 669 1391 700 fuerit
1414 669 1464 701 vel
1495 671 1630 702 molesta
1653 671 1783 702 Iudaeis
1812 671 1910 703 huius
1933 673 2013 713 legis
2036 673 2091 704 ob-

1130 711 1285 748 servatio,
1316 722 1414 751 quare
1444 723 1506 743 non
1537 713 1594 745 abs
1618 725 1651 745 re
1676 714 1727 745 hic
1751 714 1840 745 Deus
1870 725 2031 746 morosam
2060 721 2092 746 et

1128 753 1302 793 malignam
1327 765 1437 785 eorum
1461 755 1646 794 superbiam
1670 757 1832 797 obiurgat,
1856 758 1882 788 si
1907 768 2002 798 aegre
2025 768 2091 789 ser—

1128 805 1186 826 vos
1209 797 1449 828 manumittant.
1482 798 1527 828 Et
1545 799 1649 837 primo
1673 799 1812 838 quidem,
1835 800 1995 839 aequitate
2018 811 2091 841 pro-

1127 838 1240 877 posita,
1264 849 1316 869 eos
1339 838 1378 869 ad
1402 840 1581 879 parendum
1604 841 1744 879 inducit,
1768 842 1882 873 deinde
1905 853 1961 882 spe
1984 854 2091 874 remu-

1128 882 1311 912 nerationis.
1356 882 1522 913 Admonet
1551 884 1637 914 enim
1666 894 1723 915 sex
1748 885 1842 916 annis
1865 895 1995 916 servum
2018 896 2092 925 pro-

1126 924 1241 953 mereri
1265 923 1425 964 duplicem
1449 925 1628 956 mercedem
1652 927 1851 964 mercenarii,
1875 927 1925 959 vel
1938 929 2012 968 quia
2024 939 2090 959 ma-

1127 966 1176 1005 gis
1206 965 1364 997 laboriosa
1393 966 1491 998 fuerit
1521 968 1591 999 eius
1621 969 1689 1000 vita
1711 968 1800 1010 (quia
1824 980 1958 1009 pensum
1982 981 2000 1001 3
2023 981 2090 1002 ser-

1128 1008 1177 1038 vis
1200 1010 1345 1040 exactius
1375 1010 1550 1049 requiritur
1572 1021 1667 1050 quam
1691 1012 1730 1043 ab
1761 1012 1943 1044 hominibus
1971 1013 2089 1051 liberis,

1127 1051 1180 1089 qui
1203 1061 1316 1090 operas
1339 1062 1413 1083 suas
1436 1052 1571 1094 locant):
1603 1054 1653 1084 vel
1684 1055 1758 1094 quia
1785 1054 1904 1094 duplex
1934 1056 2090 1095 temporis

1127 1094 1265 1132 spatium
1285 1095 1465 1132 confecerit,
1489 1106 1551 1134 quo
1571 1096 1716 1127 solebant
1734 1098 1926 1128 mercenarii
1944 1098 2089 1130 conduci.

1127 1135 1293 1175 Colligunt
1322 1138 1407 1167 enim
1430 1137 1574 1169 Hebraei
1605 1150 1645 1169 ex
1676 1139 1735 1170 hoc
1765 1139 1848 1177 loco,
1882 1141 2090 1172 mercenariis

1126 1179 1305 1218 praefixum
1333 1179 1434 1211 fuisse
1465 1181 1656 1211 triennium:
1681 1187 1778 1221 atque
1800 1183 1844 1213 ita
1869 1184 2007 1214 conferri
2031 1194 2089 1223 pu-

1127 1226 1198 1251 tant
1220 1232 1276 1252 sex
1301 1232 1413 1253 3111106.
1460 1222 1525 1254 Sed
1549 1224 1699 1263 quoniam
1723 1224 1801 1255 haec
1824 1236 1912 1256 mera
1935 1232 1983 1256 est-
2006 1226 2089 1257 divi-

1126 1264 1227 1301 natio,
1252 1264 1359 1296 nescio
1383 1276 1423 1295 311
1448 1266 1563 1296 melius
1588 1267 1759 1298 conveniat
1782 1267 1865 1307 quod
1889 1268 2000 1305 attuli,
2032 1279 2090 1308 per

1126 1316 1181 1337 sex
1206 1316 1307 1337 annos
1330 1307 1427 1347 duplo
1451 1308 1595 1339 utiliores
1626 1308 1722 1340 fuisse
1753 1310 1820 1340 eius
1850 1321 1962 1350 operas
1992 1322 2089 1351 quam

1125 1348 1217 1379 liberi
1241 1349 1382 1380 hominis
1405 1351 1459 1390 qui
1483 1351 1644 1382 serviliter
1667 1362 1730 1382 non
1758 1353 1891 1393 cogitur.

1420 1519 1483 1550 EX
1507 1520 1657 1552 LEVIT.
1681 1521 1791 1552 XXV.

1210 1603 1260 1634 39.
1287 1603 1323 1634 Si
1346 1606 1519 1636 attenuatus
1540 1605 1637 1644 fuerit
1658 1606 1758 1645 frater
1780 1609 1851 1637 taus
1869 1607 1955 1646 apud
1976 1610 2018 1645 te,
2042 1608 2088 1639 ita

1126 1649 1159 1677 ut
1180 1646 1290 1677 vendat
1312 1656 1344 1677 se
1365 1646 1430 1683 tibi,
1454 1658 1512 1678 non
1532 1648 1629 1678 uteris
1648 1658 1741 1688 opera
1759 1650 1825 1680 eius
1842 1652 1989 1688 tanquam
2006 1651 2087 1681 servi

1125 1699 1225 1728 opera.
1271 1689 1321 1720 40.
1354 1689 1516 1728 Tanquam
1545 1692 1768 1727 mercenarius,
1798 1695 1944 1731 tanquam
1966 1692 2089 1723 colonus

1126 1733 1183 1762 erit
1217 1734 1327 1763 tecum:
1361 1742 1457 1771 usque
1489 1733 1531 1763 ad
1563 1743 1680 1764 annum
1711 1733 1845 1765 Iubilaei
1879 1735 1988 1765 serviet
2021 1734 2085 1766 tibi.

1126 1774 1175 1805 41.
1199 1774 1385 1814 Eyredietur
1402 1777 1504 1806 autem
1527 1786 1546 1805 a
1569 1779 1596 1806 te
1618 1777 1691 1814 ipse,
1717 1779 1742 1807 et
1765 1777 1850 1807 liberi
1873 1779 1939 1807 eius
1960 1787 2028 1808 eum
2046 1788 2086 1815 eo,

1127 1827 1162 1848 ac
1184 1819 1349 1847 revertetur
1371 1817 1412 1847 ad
1431 1818 1588 1856 familiam
1609 1828 1714 1856 suam,
1744 1822 1771 1850 et
1800 1820 1842 1850 ad
1866 1820 2086 1859 possessionem

1120 1862 1250 1898 patrum
1272 1869 1398 1889 snorum
1420 1863 1592 1891 revertetur.
1639 1861 1689 1892 42.
1723 1862 1801 1892 Sient
1823 1863 1902 1893 enim
1924 1863 2005 1892 servi
2027 1863 2087 1893 mei

1126 1912 1201 1941 quos
1222 1903 1315 1933 edun'i
1337 1912 1352 1932 6
1374 1904 1456 1933 terra
1479 1903 1626 1942 Aegypti:
1649 1914 1709 1934 non
1733 1905 1895 1935 vendentur
1916 1905 2087 1935 venditione

1125 1944 1239 1975 servili.
1286 1944 1334 1974 43.
1368 1944 1440 1974 Non
1471 1945 1680 1977 dominaberis
1710 1947 1774 1977 illis
1796 1947 1872 1977 dure
1894 1948 1946 1978 sed
1968 1947 2088 1978 timebis

1126 1997 1145 2018 a
1164 1987 1230 2018 Deo
1248 1990 1305 2018 ino.
1351 1987 1401 2017 44.
1428 1986 1541 2018 Servus
1562 1991 1662 2019 autem
1683 1991 1755 2019 tuns
1776 1992 1801 2020 et
1823 1989 1935 2020 aneilla
1957 1991 2010 2020 tua
2033 1990 2086 2028 qui

1126 2033 1215 2060 erunt
1244 2029 1313 2067 tibi,
1343 2030 1379 2060 de
1404 2030 1545 2069 yeniibus
1571 2034 1661 2061 erunt
1688 2042 1767 2070 9336
1795 2034 1867 2063 sunt
1897 2033 1929 2062 in
1956 2032 2086 2063 circuitu

1125 2075 1231 2109 vestro,
1253 2082 1290 2102 ex
1309 2072 1353 2102 eis
1371 2073 1474 2103 emetis
1491 2083 1614 2103 servum
1632 2076 1659 2104 et
1675 2074 1828 2105 ancillam.
1862 2075 1910 2105 45.
1936 2074 1977 2105 Et
1995 2075 2087 2105 etiam

1126 2115 1163 2146 de
1183 2115 1260 2154 filiis
1282 2115 1453 2145 incolarum
1475 2116 1530 2154 qui
1547 2119 1709 2146 versantur
1732 2118 1816 2155 apud
1838 2127 1897 2155 vos,
1919 2117 2039 2148 emetis:
2061 2120 2087 2148 et

1126 2158 1162 2188 de
1182 2157 1308 2196 familia
1331 2167 1433 2188 eorum
1460 2159 1513 2196 qui
1540 2159 1625 2197 apud
1647 2169 1698 2189 vos
1715 2162 1792 2195 sunt,
1816 2170 1890 2198 qnos
1906 2169 2086 2198 procreave-

1126 2203 1199 2230 runt
1221 2200 1254 2230 in
1276 2202 1358 2230 terra
1380 2202 1495 2230 vestra:
1524 2203 1668 2239 eruntque
1691 2201 1774 2232 vobis
1795 2203 1829 2232 in
1854 2202 2084 2241 possessionem.

1127 2242 1175 2273 46.
1208 2242 1249 2272 Et
1278 2242 1345 2272 iure
1377 2241 1586 2274 haereditario
1612 2244 1811 2281 possidebitis
1844 2255 1894 2274 eos
1922 2255 1983 2284 pro
2008 2244 2087 2283 filiis

1126 2286 1234 2315 vestris
1247 2287 1319 2323 posi
1337 2294 1398 2321 vos,
1417 2285 1459 2315 ad
1471 2286 1692 2324 possidendum
1708 2287 1946 2326 possessionem:
1968 2287 2002 2317 in
2014 2297 2085 2326 per-

1121 2330 1246 2366 petuum
1269 2327 1397 2357 utemini
1419 2337 1512 2367 opera
1534 2338 1651 2359 eornm:
1680 2329 1832 2368 fratribus
1854 2332 1955 2360 (intem
1977 2329 2086 2360 *vestris

1123 2370 1202 2408 filiis
1226 2370 1326 2400 Israel
1347 2370 1475 2408 quisque
1494 2371 1591 2409 fratri
1613 2381 1668 2402 suo
1690 2382 1749 2402 non
1771 2372 1977 2403 dominabitur
1999 2372 2084 2403 dure.

1125 2412 1175 2443 47.
1202 2412 1238 2443 Si
1260 2416 1362 2443 autem
1390 2412 1646 2451 alwreleenderini
1674 2424 1783 2445 manus
1800 2415 1958 2454 pereyrini
1980 2417 2006 2445 ei
2028 2415 2085 2446 ad-

1125 2465 1217 2486 venae
1235 2455 1288 2494 qui
1311 2457 1354 2485 est
1376 2455 1462 2493 apud
1479 2458 1514 2492 ie,
1539 2458 1565 2486 et
1588 2459 1762 2487 attenuatus
1782 2457 1878 2495 fuerit
1898 2457 1997 2496 frater
2015 2459 2086 2487 tuns

1125 2498 1179 2536 qni
1200 2498 1284 2537 apud
1305 2497 1394 2527 illum
1412 2500 1561 2535 versatur,
1584 2508 1674 2537 ,96936
1692 2499 1863 2530 vendiderit
1880 2500 2041 2539 pereqrino
2059 2502 2086 2530 et

1124 2541 1259 2571 advenae
1277 2540 1329 2578 931ι
1353 2542 1396 2570 est
1414 2540 1498 2578 apud
1520 2543 1555 2575 te,
1574 2541 1619 2571 vel
1636 2542 1727 2580 stirpi
1752 2541 1892 2580 familiae
1914 2542 2085 2582 pereyrini:

1124 2583 1174 2614 48.
1201 2583 1366 2620 Postquam
1389 2583 1561 2613 vendiderit
1582 2593 1622 2619 se,
1645 2584 1810 2623 redemptio
1828 2584 1885 2615 erit
1903 2585 1946 2615 ei:
1968 2595 2050 2615 3335
2071 2594 2086 2615 6

1122 2625 1274 2664 fratribus
1303 2625 1368 2655 eius
1396 2625 1521 2656 redimet
1549 2636 1629 2656 eum:
1673 2626 1723 2657 49.
1757 2627 1823 2656 Aut
1846 2630 1982 2667 patruus
2010 2627 2084 2664 eiu-s,
