2304 3034
203 202 265 234 359

938 199 1125 232 PRIMUM
1149 200 1239 231 PRA
1248 200 1423 232 ECEPTU
1429 200 1470 231 M.

2137 200 2200 232 360

205 298 283 329 dum
307 296 382 327 olim
402 295 464 325 fuit
483 292 714 331 sacerdotibus,
739 296 897 332 quatenus
918 292 1063 332 publicae
1084 298 1172 324 tran·
1197 298 1201 310 ³
1228 293 1362 325 tandae:
1392 292 1665 334 quemadmodum
1689 294 1789 325 verba
1812 293 1897 325 clare
1921 298 2046 325 sonant.
2086 294 2199 325 Caete—

205 339 373 381 quillitatis
397 338 562 373 intererat,
587 340 775 366 reverenter
798 335 859 366 0011
884 340 1029 375 pastores
1054 335 1170 367 divini—

206 390 257 414 tus
281 381 461 412 ordinatos:
490 379 536 410 sic
560 384 669 409 tamen
693 383 731 409 ut
754 378 824 409 Deo
847 378 922 417 ipsi,
954 378 1048 409 unico
1076 379 1174 419 capiti

205 434 236 457 et
256 423 393 464 principi
414 422 558 453 omnium
572 427 747 461 pastorum.
769 420 848 450 1111111
865 419 1043 451 decederet.
1068 421 1172 460 Quam

206 467 326 499 insulse
371 476 445 496 vero
487 465 546 496 hoc
587 464 626 495 ad
661 475 694 495 se
729 464 863 494 trahant
897 464 1057 504 papistae,

207 511 309 541 visum
334 508 402 539 fuit.

292 552 340 582 13.
365 551 468 590 Atque
488 560 589 581 omnes
612 561 626 580 e
647 549 773 588 populo.
820 550 850 580 A
879 549 942 580 fine
973 548 1175 581 demonstrat

206 606 270 627 non
296 605 364 625 esse
389 593 587 634 parcendum
611 592 757 632 superbis
781 592 1076 631 contemptoribus:
1101 594 1176 632 quia
1200 594 1202 628 ξ

205 638 245 670 ad
265 647 437 669 commune
456 636 641 676 exemplum
662 645 782 675 poenae
802 639 965 674 spectant:
987 635 1081 666 sicuti
1104 646 1175 667 rur-

205 692 277 713 sum
302 680 479 721 impunitas
509 686 557 710 est
586 678 737 710 illecebra
760 677 930 718 peccandi,
963 682 994 708 et
1025 678 1176 710 effraenis

205 724 354 755 licentiae
379 723 500 754 nutrix.
525 723 570 753 Et
588 727 674 753 certe
695 721 770 752 dum
791 727 946 751 terrorem
966 720 1068 752 incuti
1087 722 1178 753 iubet

206 767 264 798 toti
284 765 410 806 populo,
431 765 623 802 subindicat,
647 764 710 795 nisi
729 764 914 804 proterviae
927 763 1055 795 obviam
1075 770 1176 802 eatur,

206 815 238 841 et
274 809 438 850 improbos
483 815 579 848 atque
620 808 758 838 audaces
800 806 948 838 cohibeat
989 806 1178 847 disciplinae

208 853 312 893 rigor,
346 853 476 883 ianuam
501 855 646 891 apertam
670 850 735 881 illis
759 860 828 881 esse
853 849 891 881 ad
916 850 1178 890 pessundandam

208 895 386 928 ecclesiam.

523 1065 587 1096 EX
610 1064 744 1095 DEUT.
769 1063 868 1094 XIII.

293 1152 312 1183 6
328 1151 359 1193 1).
386 1150 422 1182 Si
456 1151 630 1182 incitaverit
660 1152 686 1180 te
712 1150 811 1188 frater
838 1151 923 1187 taus,
952 1148 1040 1188 filius
1068 1150 1179 1181 matris

208 1198 286 1233 (ttae,
311 1197 365 1225 aut
385 1194 474 1234 filius
497 1196 576 1231 tuus,
597 1195 651 1224 aut
666 1192 734 1230 filia
755 1195 818 1228 tua,
838 1194 892 1223 aut
911 1202 991 1222 uxor
1008 1192 1179 1231 complexus

207 1239 269 1274 tui,
300 1240 356 1268 aut
378 1237 498 1268 amicus
520 1239 592 1267 tuus
615 1236 670 1275 qui
698 1236 738 1266 sit
766 1236 845 1266 sicut
868 1235 975 1266 (mima
1004 1238 1071 1273 tua,
1101 1235 1178 1266 clam

208 1281 347 1312 dicendo:
370 1280 494 1311 Eamus
516 1282 543 1310 et
565 1279 701 1310 colamus
719 1278 789 1309 deos
811 1278 928 1309 alienos
951 1288 1026 1316 quos
1048 1288 1107 1309 non
1129 1288 1178 1309 110-

208 1324 289 1355 veris
315 1334 408 1362 neque
430 1326 471 1359 ta,
495 1332 590 1361 ⁴neque
607 1325 717 1361 patres
740 1321 794 1358 tui,
833 1321 859 1351 7.
880 1320 913 1351 E
921 1321 985 1351 diis
991 1321 1177 1361 populorum

210 1367 265 1407 qui
287 1369 358 1397 sunt
380 1367 414 1396 in
436 1366 565 1396 circuitu
591 1368 698 1401 vestro,
731 1365 795 1395 sit-e
813 1364 987 1403 propinqui
1009 1364 1084 1402 sint,
1113 1365 1178 1395 sive

211 1410 317 1441 remoti
340 1420 360 1440 a
382 1412 424 1445 te,
454 1409 491 1439 ab
519 1411 649 1439 extremo
671 1407 807 1447 ree-(lionis
830 1417 926 1446 usque
948 1407 991 1438 acl
1012 1409 1178 1438 extremum

210 1454 286 1490 cius,
343 1453 370 1484 8.
404 1451 476 1483 Non
505 1452 677 1491 acquiesces
707 1451 751 1488 ei,
785 1460 879 1489 neque
908 1449 1024 1481 obedies
1051 1450 1092 1486 ei,
1126 1459 1179 1481 nce

205 1498 314 1535 parcet
332 1496 360 1526 ei
379 1495 578 1533 oculustuns,
601 1504 695 1532 aeque
716 1493 916 1529 misereberis,
940 1503 1034 1532 neque
1052 1493 1179 1524 occulta-

213 1539 260 1570 bis
277 1548 354 1569 enm.
385 1538 412 1569 9.
439 1537 500 1569 Sed
513 1537 671 1568 occidendo
683 1536 799 1567 occides
818 1546 903 1567 eum:
926 1545 1038 1566 manus
1056 1538 1109 1566 tua
1123 1536 1179 1566 erit

210 1583 245 1613 in
268 1591 337 1612 eum
357 1582 466 1620 prima
485 1581 526 1611 ad
543 1581 648 1619 ipsum
671 1579 922 1618 interficiendum,
943 1578 1051 1609 deinde
1069 1589 1181 1609 manus

212 1625 351 1655 mzirersi
367 1624 488 1663 populi.
537 1624 584 1654 10.
609 1623 651 1653 Et
674 1621 831 1661 lapidabis
854 1632 922 1653 eum
952 1621 1122 1661 lapidibus,
1154 1624 1181 1652 et

212 1668 374 1698 morietur.-
403 1668 479 1706 qnia
506 1666 658 1706 quaesivit
680 1668 706 1696 te
735 1664 911 1696 abstrahere
935 1675 954 1695 a
978 1664 1091 1695 Iehova
1113 1664 1180 1696 Deo

212 1714 271 1749 tuo,
295 1711 349 1749 qm·
372 1710 479 1741 eduxit
501 1713 527 1740 te
550 1720 564 1740 e
587 1712 671 1740 terra
693 1708 834 1748 Aeyypti,
868 1719 882 1738 e
905 1708 992 1739 domo
1014 1717 1178 1738 servorum.

214 1754 263 1784 11.
296 1752 333 1785 Ut
362 1756 442 1784 totus
472 1753 575 1784 Israel
604 1752 737 1783 audiant
766 1754 791 1781 et
820 1751 963 1786 timeant,
993 1760 1044 1782 nec
1065 1750 1181 1781 addant

207 1797 309 1836 facere
328 1796 499 1836 quidquam
522 1795 623 1826 se‘mile
647 1794 717 1826 huic
741 1795 786 1825 rei
802 1804 925 1833 prauae
951 1794 981 1824 in
1005 1793 1102 1824 medio
1124 1793 1178 1824 tui.

296 1883 324 1913 6.
352 1882 388 1912 Si
413 1882 583 1912 incitat-erit
606 1884 631 1912 te
651 1881 758 1920 frater.
790 1880 901 1911 Poena
924 1890 1020 1919 quam
1040 1879 1179 1910 iusserat

210 1925 299 1957 falsis
323 1924 510 1955 doctoribus
534 1924 649 1964 infligi,
674 1933 761 1954 nunc
788 1923 827 1954 ad
858 1922 1003 1963 singulos
1022 1933 1038 1952 0
1062 1921 1178 1962 populo

210 1968 407 1999 extenditur.
438 1968 508 1998 Etsi
534 1967 621 1997 enim
646 1967 747 1997 levius
770 1971 819 1997 est
841 1966 873 1996 111
900 1965 1029 1996 homine
1053 1965 1178 2005 privato

211 2012 342 2047 crimen,
378 2011 457 2041 alios
491 2010 524 2040 in
558 2020 701 2041 errorem
736 2020 845 2041 secum
870 2008 1017 2046 trahere,
1050 2008 1123 2047 quia
1147 2012 1179 2037 et

210 2053 405 2086 excusabilis
434 2060 481 2085 est
512 2053 656 2089 inscitia,
692 2058 722 2083 et
757 2063 830 2083 cum
860 2062 925 2083 non
958 2056 1074 2091 gravat
1108 2061 1177 2090 pro-

210 2098 305 2128 fessio
329 2097 478 2128 doeendi:
511 2096 648 2127 defectio
672 2100 781 2126 tamen
807 2106 824 2126 a
848 2096 983 2135 pietate,
1014 2093 1177 2124 undecun-

211 2151 273 2180 que
297 2141 475 2180 provcniat,
502 2140 570 2170 Deo
594 2146 643 2170 est
667 2139 889 2169 intolerabilis.
935 2138 1074 2168 Tantum
1100 2136 1178 2167 haec

211 2184 274 2214 duo
293 2183 406 2222 capita,
432 2194 512 2222 quae
533 2188 607 2213 aute
629 2183 821 2219 notavimus,
847 2180 987 2212 tenenda
1006 2184 1091 2217 sunt,
1114 2190 1177 2209 non

212 2226 305 2257 aliter
330 2226 433 2257 Iocum
458 2237 527 2257 0550
552 2226 627 2256 huic
650 2225 785 2261 indicio,
816 2224 877 2255 nisi
908 2223 961 2254 nbi
997 2230 1082 2253 recte
1105 2233 1177 2253 con-

211 2269 325 2299 stituta
357 2277 404 2299 cst
436 2269 563 2309 religio:
596 2268 711 2300 deiude
743 2279 805 2298 non
835 2278 903 2298 csse
933 2265 1091 2306 quoslibet
1129 2265 1178 2294 in-

212 2312 400 2342 differenter
435 2312 473 2343 ad
509 2318 645 2342 mortem
687 2310 863 2342 trahendos
903 2310 956 2349 qui
997 2308 1106 2348 aliqua
1146 2307 1178 2337 in

212 2360 302 2394 parte
323 2356 514 2389 erraverint,
535 2354 590 2385 5011
607 2355 690 2385 hunc
704 2364 851 2385 severam
865 2351 1178 2384 animadversionem
1204 2373 1205 2377 ,

1204 2406 1206 2438 Ξ
1231 2402 1325 2422 aures
1349 2391 1486 2421 diversis
1510 2392 1660 2421 omnibus
1689 2392 1859 2431 figmentis.

212 2398 244 2427 in
265 2397 346 2428 solos
367 2405 529 2437 apostatas
550 2398 647 2429 statui
673 2397 726 2437 qui
755 2397 904 2436 pietatem
934 2395 1085 2425 radicitus
1109 2404 1179 2424 con-

213 2440 348 2477 vellunt,
385 2448 419 2471 ut
454 2441 562 2471 01111115
595 2440 656 2471 Dei
688 2440 903 2474 adulteretur,
940 2437 991 2468 vel
1015 2437 1206 2480 aboleatur¹

212 2494 293 2522 pura
328 2483 483 2515 doctrina.
542 2484 653 2523 Neque
687 2494 762 2514 sane
804 2482 892 2513 iubet
926 2480 1017 2511 Deus
1050 2479 1180 2518 linguae

212 2526 429 2557 lubricitatem
454 2527 636 2566 capitaliter
661 2526 776 2566 puniri,
801 2525 827 2556 si
847 2524 923 2564 quid
943 2521 1180 2553 inconsiderate

212 2569 382 2599 exciderit:
413 2570 468 2600 sed
500 2570 694 2601 sceleratum
726 2568 896 2599 consilium
920 2564 1086 2606 religionis
1111 2574 1180 2594 mn-

299 2663 325 2691 1)
344 2663 423 2688 11001.
443 2663 457 2688 7
474 2678 483 2680 -
495 2664 534 2688 12.

1099 465 1174 496 alibi
1199 473 1200 480 ¹

1200 522 1201 525 =
1227 507 1346 547 primit‚
1370 518 1472 547 neque
1497 507 1598 544 fratri,
1623 518 1728 547 neque
1748 507 1822 544 filio,
1847 518 1951 546 neque
1970 507 2071 545 uxori,
2095 518 2198 547 neque

1227 347 1298 367 rum
1334 347 1430 376 quam
1466 336 1689 376 singularibus
1722 336 1826 367 modis
1867 336 2068 368 commendet
2108 337 2198 368 110015

1227 379 1318 410 Deus
1343 379 1500 410 fovendae
1524 384 1556 409 et
1580 379 1773 410 asserendae
1798 379 1929 418 pietatis
1959 378 2122 415 studium,
2150 384 2197 410 at-

1227 422 1358 453 tendere
1382 432 1498 462 operae
1522 422 1664 461 pretium
1686 426 1742 453 est.
1783 422 1866 452 Nam
1890 422 1965 461 quia
1989 422 2076 461 leges
2099 432 2197 463 gene-

1227 465 1311 495 rales
1335 465 1436 495 variis
1461 464 1705 504 exceptionibus
1736 464 1822 495 eludi
1847 464 1966 501 solent,
2000 464 2118 495 diserte
2141 475 2197 495 ex-

1227 551 1341 581 intimo
1376 550 1490 590 cuique
1514 550 1616 580 amico
1641 550 1839 590 parcendum
1864 560 1942 581 0550.
1988 549 2111 581 Oculus
2141 559 2198 580 au-

1229 598 1293 623 tem
1318 603 1448 632 parcere
1473 592 1600 629 dicitur,
1633 592 1709 632 qnia
1733 593 1909 632 plurimum
1935 593 2021 623 valet
2050 597 2198 632 aspectus

1229 636 1296 676 ipse
1332 635 1370 666 ad
1407 636 1542 666 affectus
1578 635 1752 667 movendos
1792 636 1824 666 in
1860 643 2030 675 utramque
2066 641 2198 675 partem.

1230 678 1307 709 Ideo
1329 689 1391 708 non
1413 679 1469 709 abs
1489 688 1522 708 re
1544 679 1645 718 exigit
1664 679 1754 710 Deus
1782 677 2013 715 fortitudinem,
2037 688 2117 717 quac
2140 688 2199 709 nec

1231 721 1397 761 lacrymis,
1430 731 1487 751 000
1514 721 1690 759 blanditiis,
1725 732 1784 753 nec
1807 721 1978 761 spectaculi
2003 721 2137 752 tristitia
2160 720 2199 751 ad

1230 763 1486 794 misericordium
1521 764 1680 795 flectatur.
1727 764 1942 804 Emphaticae
1966 774 2092 804 quoque
2122 768 2199 794 sunt

1231 807 1447 846 loquutiones:
1481 806 1598 837 Frater
1622 812 1707 843 tuns,
1732 808 1787 846 qui
1811 817 1851 838 ex
1875 807 1986 838 eodem
2011 813 2103 837 utero
2126 816 2199 846 pro-

1232 849 1334 886 dierit,
1360 860 1442 879 uxor
1465 860 1546 888 quae
1569 850 1601 880 in
1625 850 1697 880 511111
1722 857 1777 881 tno
1800 850 1851 881 vel
1874 850 2043 889 complexu
2072 848 2198 886 dormit,

1232 893 1354 923 amicus
1385 902 1478 931 quem
1509 903 1571 922 non
1603 903 1695 923 secus
1727 904 1762 924 ae
1792 897 1823 923 te
1857 892 1962 932 ipsum
2001 892 2124 932 diligis:
2160 902 2199 923 ne

1232 945 1293 974 qno
1328 934 1538 965 humanitatis
1580 936 1696 966 affectu
1738 936 1927 976 languescat
1967 945 2070 974 purus
2103 934 2199 972 zelus,

1232 977 1309 1008 dum
1341 977 1472 1008 videtur
1499 988 1627 1009 sacrum
1659 978 1726 1009 01115
1760 989 1878 1010 nomen
1904 978 2075 1017 profanari.
2121 978 2200 1008 Pro-

1232 1020 1364 1051 nunciat
1388 1020 1554 1057 Christus,
1587 1021 1750 1052 neminem
1774 1032 1844 1052 0550
1869 1020 2002 1061 dignum
2024 1031 2119 1060 quem
2143 1030 2198 1061 ag-

1232 1068 1343 1094 noscat
1378 1074 1434 1102 pro
1469 1062 1639 1103 discipulo,
1676 1064 1739 1095 nisi
1769 1065 1822 1104 qui
1846 1072 1971 1104 patrem
2000 1069 2032 1094 et
2061 1069 2198 1094 matrem

1232 1112 1263 1136 et
1286 1106 1368 1136 filios
1392 1106 1582 1147 neglexerit,
1607 1107 1659 1138 1101
1684 1107 1780 1138 fuerit
1803 1118 1892 1147 opus.
1928 1106 1979 1137 Ita
2003 1117 2090 1137 nune
2110 1106 2199 1137 Deus

1232 1149 1424 1179 tenerrimos
1447 1160 1558 1180 omncs
1582 1150 1717 1181 affectus
1739 1150 1791 1189 qui
1823 1161 1841 1180 a
1870 1155 1988 1180 natura
2011 1155 2088 1180 sunt
2111 1149 2200 1188 inge-

1232 1191 1307 1229 niti,
1337 1199 1368 1222 et
1392 1192 1424 1222 in
1449 1192 1566 1231 quibus
1590 1193 1703 1232 optimi
1727 1193 1845 1232 quique
1868 1193 1928 1223 sibi
1953 1192 2116 1223 interdum
2150 1192 2198 1222 in-

1231 1234 1375 1275 dulgent,
1409 1235 1435 1265 si
1461 1246 1518 1266 005
1542 1246 1560 1266 a
1584 1235 1777 1267 vindicanda
1800 1247 1858 1266 sua
1882 1235 1985 1276 gloria
2007 1234 2197 1274 impediant,

1232 1278 1423 1317 pronunciat
1445 1289 1515 1308 0550
1540 1279 1679 1310 vitiosos.
1725 1279 1869 1310 Uxorem
1893 1284 1925 1309 et
1948 1278 2066 1309 liberos
2089 1287 2198 1308 amare

1232 1325 1385 1360 tanquam
1417 1321 1545 1360 propria
1577 1321 1716 1358 viscera,
1748 1324 1837 1361 pium
1867 1327 1898 1351 et
1932 1321 2028 1351 laude
2062 1320 2196 1360 dignum

1231 1368 1293 1393 est:
1319 1364 1450 1393 fratrem
1471 1369 1502 1394 et
1523 1365 1661 1395 amicum
1681 1365 1778 1395 simili
1798 1375 1906 1395 amore
1926 1364 2085 1404 prosequi,
2108 1362 2199 1393 nulla

1232 1407 1313 1436 ratio
1339 1411 1442 1436 vetat:
1467 1407 1561 1437 modo
1585 1407 1734 1438 omnibns
1758 1408 1960 1447 praeferatur
1986 1407 2084 1443 Deus,
2108 1405 2198 1437 0111115

1232 1449 1366 1489 gloriam
1399 1449 1532 1488 prodere
1563 1451 1593 1480 in
1629 1450 1771 1481 hominis
1805 1451 1949 1481 favorem
1980 1449 2077 1480 nimis
2107 1459 2199 1488 prae-

1231 1498 1393 1531 posterum
1416 1497 1473 1522 est.
1520 1493 1602 1523 Nam
1630 1494 1778 1524 uxorium
1806 1503 1957 1528 amorem,
1984 1497 2016 1523 et
2041 1491 2197 1531 quidquid

1232 1535 1373 1566 eiusdem
1399 1535 1511 1565 coloris
1535 1541 1592 1573 est,
1618 1535 1802 1573 obtendere,
1827 1535 1903 1576 quid
1924 1535 2011 1566 aliud
2031 1542 2079 1565 est
2102 1544 2198 1574 quam

1232 1588 1393 1617 opponere
1419 1577 1488 1609 Deo
1517 1579 1650 1618 eiusque
1681 1580 1860 1618 praeceptis
1884 1585 2010 1609 nostros
2040 1576 2197 1608 affectus?

1233 1620 1343 1659 Quare
1363 1621 1501 1659 rigorem
1523 1622 1560 1652 ad
1581 1633 1674 1662 quem
1696 1633 1752 1653 nos
1772 1622 1919 1657 obdurat,
1940 1621 2020 1652 velle
2034 1621 2199 1651 inflectere

1234 1675 1295 1693 non
1331 1663 1463 1694 ferenda
1498 1670 1545 1695 est
1581 1665 1739 1695 mollities.
1794 1664 1863 1695 Iam
1899 1665 2042 1705 gravitas
2076 1673 2198 1703 poenae

1232 1706 1310 1736 duas
1336 1706 1431 1736 habet
1455 1707 1646 1738 iustissimas
1670 1718 1798 1739 causas:
1823 1708 1899 1748 quia
1921 1713 1953 1738 et
1976 1708 2009 1737 in
2033 1706 2200 1737 vindican-

1232 1748 1280 1779 dis
1316 1749 1376 1779 Dei
1411 1750 1616 1781 contumeliis
1652 1751 1805 1791 frigemus
1843 1761 1943 1790 prope
1976 1760 2103 1786 omnes,
2144 1749 2198 1779 ubi

1231 1792 1371 1822 maximo
1401 1792 1514 1822 ardere
1545 1794 1725 1832 oportebat:
1758 1800 1789 1824 et
1819 1792 2089 1833 quemadmodum
2114 1792 2199 1832 peri-

1230 1835 1347 1865 culosis
1372 1834 1489 1865 morbis
1514 1835 1707 1867 adhibentur
1729 1837 1853 1867 acriora
1876 1835 2027 1872 remedia,
2061 1836 2105 1866 sic
2130 1841 2197 1866 tam

1231 1877 1346 1908 noxiae
1371 1878 1449 1917 pesti
1474 1883 1506 1908 et
1530 1889 1659 1918 prorsus
1684 1879 1868 1910 mortiferae
1898 1889 2036 1918 aequum
2060 1883 2109 1909 est
2132 1888 2196 1908 non

1231 1920 1410 1959 vulgariter
1450 1922 1583 1952 occurri.
1641 1922 1714 1960 Quo
1749 1922 1845 1952 etiam
1881 1927 2004 1961 spectat
2038 1920 2196 1961 particula

1230 1964 1312 1995 clam
1338 1963 1386 1993 vel
1411 1964 1544 1994 occulte.
1567 1964 1759 2004 Quanquam
1785 1965 1870 1995 enim
1898 1964 1999 1995 videri
2023 1970 2130 2004 posset
2151 1964 2197 1994 in—

1231 2007 1425 2041 hnmanum,
1459 2007 1593 2046 prodere
1621 2008 1673 2046 qni
1699 2007 1824 2046 publice
1848 2018 1913 2037 non
1938 2007 2087 2046 deliquit:
2121 2007 2196 2046 quia

1230 2056 1337 2080 tumen
1363 2050 1490 2079 sectarii
1512 2050 1613 2081 lucem
1634 2050 1820 2090 fugitantes,
1845 2049 2052 2081 clandestinis
2071 2049 2196 2080 artibus

1230 2098 1261 2123 et
1286 2092 1419 2122 fallaciis
1443 2091 1617 2131 obrepunt,
1652 2104 1780 2124 necesse
1812 2097 1861 2123 est
1884 2102 1937 2123 eos
1960 2092 2131 2131 prohibere
2155 2101 2196 2122 110

1230 2134 1455 2166 fraudulenter
1490 2145 1612 2165 veneno
1643 2146 1700 2165 suo
1732 2136 1876 2166 inficiant
1906 2134 2051 2174 singulas
2075 2135 2195 2172 domos,

1231 2184 1266 2208 nt
1301 2188 1427 2216 semper
1461 2177 1584 2208 accidit.
1642 2178 1771 2208 Mature
1809 2188 1886 2217 crgo
1928 2177 2091 2217 prohiberi
2127 2177 2197 2208 vult

1231 2221 1319 2251 Dens
1350 2219 1518 2250 insidiosos
1548 2231 1659 2251 corum
1691 2226 1840 2257 conatus,
1872 2231 1911 2251 ne
1938 2220 2064 2260 longius
2088 2225 2196 2261 serpat

1230 2264 1386 2302 contagio.

1317 2306 1343 2336 7.
1368 2305 1400 2336 E
1420 2306 1484 2335 diis
1498 2306 1691 2344 populorum.
1740 2306 1875 2336 Summa
1903 2305 1965 2336 hnc
1998 2305 2116 2344 tendit,
2148 2316 2198 2337 ac-

1231 2348 1457 2388 quiescendum
1483 2360 1550 2378 esse
1572 2349 1601 2378 in
1625 2349 1759 2379 veritate
1774 2349 1908 2388 cognita,
1935 2353 1970 2378 ut
1989 2348 2113 2379 clausae
2132 2350 2198 2380 sint

1906 2391 2068 2422 Vicinitns
2093 2391 2197 2423 faeere

1230 2435 1311 2465 solet
1331 2440 1362 2464 nt
1380 2433 1524 2464 homines
1544 2434 1673 2464 intcrsc
1686 2434 1962 2470 communicando,
1983 2434 2036 2464 alii
2060 2434 2196 2465 aliorum

1232 2477 1374 2507 moribus
1405 2487 1438 2506 sc
1468 2477 1678 2507 conforment.
1732 2477 1780 2507 Itu
1816 2477 1901 2507 ultro
1935 2477 2077 2517 citroque
2112 2488 2196 2508 com-

1205 2534 1206 2544 *
1232 2524 1343 2551 meant
1368 2519 1459 2549 vitia:
1491 2525 1584 2558 atquc
1616 2525 1650 2549 ut
1678 2519 1716 2550 ad
1749 2519 1868 2549 malum
1900 2519 1968 2550 fere
1989 2530 2099 2550 sumus
2124 2530 2196 2560 pro-

1233 2563 1331 2602 pensi,
1357 2562 1411 2601 qui
1435 2562 1608 2592 deteriores
1629 2568 1712 2599 snut,
1733 2566 1836 2593 rectos
1860 2568 2063 2602 pervertunt.
2088 2562 2197 2601 Quum

1206 2616 1208 2621 ‘
1232 2616 1308 2646 crgo
1339 2605 1378 2636 ab
1408 2605 1493 2635 omni
1530 2611 1619 2644 parte
1643 2605 1860 2636 circumdatus
1884 2610 1968 2636 esset
1989 2605 2126 2645 populus
2148 2605 2197 2637 Is-

1206 2660 1208 2675 <
1234 2648 1298 2679 rael
1324 2648 1517 2685 idololatris,
1543 2647 1633 2679 facile
1657 2648 1696 2678 ad
1721 2649 1932 2679 imitationem
1956 2648 2038 2680 allici
2061 2653 2196 2688 poterat,
