2304 3034
167 167 230 198 119

171 259 316 291 dendum
341 257 519 289 tradiderit.
565 258 642 288 Fuit
666 261 774 288 autem
799 257 877 288 haec
904 268 966 288 non
993 258 1138 298 vulgaris

170 312 288 343 poena,
320 301 426 332 inedia
456 306 486 330 et
517 300 601 331 fame
625 300 782 331 conficere
807 301 1010 341 Aegyptum,
1040 311 1138 340 quum

172 345 345 386 periissent
378 348 512 374 cunctae
546 348 682 383 segetes.
736 342 861 373 Verum
896 348 1069 382 antequam
1102 353 1139 373 eo

173 386 349 418 descendat
380 386 504 423 Moses,
539 385 657 416 iterum
688 386 803 416 recitat
833 396 867 416 se
899 385 995 416 huius
1027 386 1140 426 plagae

170 431 269 462 fuisse
303 438 510 468 praeconem,
545 434 575 458 et
610 428 769 459 rationem
801 427 862 458 sibi
892 438 910 458 a
941 427 1011 458 Deo
1043 430 1140 459 fuisse

170 471 331 504 redditam
361 482 419 502 cur
448 471 542 502 tet-ies
573 471 606 501 in
636 481 728 501 suam
759 470 935 510 perniciem
964 471 1140 502 reluctatus

170 519 255 546 esset
285 514 424 545 Pharao.
471 514 561 545 Dicit
588 524 665 554 ergo
696 514 786 544 Deus
817 523 850 543 se
879 513 1053 544 obdurasse
1087 523 1141 544 cor

171 558 250 595 eius,
271 561 307 587 ut
326 561 477 597 portenta
500 562 532 587 et
557 556 688 587 virtutis
711 566 786 587 suae
808 555 1000 587 documenta
1022 556 1139 587 ederet.

171 601 256 632 Nam
280 600 307 630 si
331 601 439 630 statim
465 599 656 630 humiliatus
683 600 832 630 cessisset
855 598 999 636 Pharao,
1030 610 1140 638 super—

171 653 309 675 vacuum
334 649 404 673 erat
427 649 599 674 certamen.
646 641 811 680 Quorsum
842 642 929 672 enim
960 652 1032 673 cum
1056 643 1141 673 victo

171 692 201 717 et
214 686 339 717 iacente
352 686 526 725 confligere
540 684 679 716 attinet?
701 685 789 725 Ergo
809 685 940 725 tyranni
954 684 1141 724 pertinacia,

170 728 280 760 Deum
304 728 432 768 saepius
457 727 656 766 lacessendo,
691 727 838 767 pluribus
868 727 1032 758 miraculis
1057 729 1140 758 viam

171 772 314 812 aperuit:
338 770 608 811 quemadmodum
631 781 670 801 ex
694 770 860 801 collisione
880 769 996 809 lapidis
1016 775 1047 800 et
1066 770 1141 801 ferri

170 814 257 855 ignis
282 815 416 845 elicitur.
464 814 537 852 Quo
566 814 661 843 etiam
696 812 855 844 refellitur
886 812 1039 853 frigidum
1062 812 1142 843 illud

175 863 410 892 commentum,
436 867 500 887 non
526 857 619 887 aliter
644 855 832 886 induratum
857 856 956 886 fuisse
979 866 1033 887 cor
1055 856 1141 886 Pha-

175 901 292 937 raonis,
313 900 373 930 nisi
395 899 477 939 quod
499 899 660 939 proposita
678 904 753 930 sunt
772 898 930 930 miracula
949 909 1055 930 eoram
1075 900 1141 929 eius

174 944 284 975 oeulis.
331 942 401 973 Non
434 943 521 972 enini
553 943 644 973 docet
667 942 775 973 Moses
806 952 861 973 cor
891 942 958 972 eius
987 941 1141 972 divinitus

173 987 272 1017 fuisse
307 992 520 1026 aggravatum
555 984 723 1024 signorum
759 989 948 1024 conspectu,
983 984 1037 1015 sed
1072 984 1141 1014 Deo

173 1029 334 1069 placuisse
359 1029 416 1059 boc
435 1028 529 1058 mode
553 1028 719 1058 illustrare
743 1038 833 1058 suam
855 1028 1019 1059 virtutem.
1054 1027 1141 1058 Hinc

176 1073 273 1103 etiam
298 1071 488 1110 colligimus,
514 1076 600 1101 certo
625 1070 686 1101 Dei
709 1070 842 1101 consilio
866 1069 1139 1110 praedestinatum

175 1115 273 1146 fuisse
297 1114 451 1154 quidquid
477 1113 601 1145 accidit.
637 1113 753 1144 Voluit
772 1113 859 1144 enim
873 1112 963 1143 Deus
984 1113 1141 1153 singulari

175 1167 205 1188 rt
230 1158 360 1188 insolito
385 1158 477 1187 modo
502 1157 654 1196 populum
681 1167 774 1187 suum
800 1156 966 1186 redimere.
1002 1156 1046 1187 Ut
1066 1156 1141 1187 haec

174 1200 353 1240 redemptio
377 1200 481 1240 magis
512 1199 685 1239 conspicua
710 1205 741 1229 et
765 1198 902 1230 nobilior
925 1200 1031 1236 fieret,
1056 1199 1140 1229 Pha—

175 1254 307 1275 raonem
343 1243 491 1282 opposuit
526 1243 629 1273 instar
656 1252 772 1273 saxeae
806 1242 912 1282 rupis,
943 1242 995 1281 qui
1027 1242 1141 1272 duritie

175 1297 233 1318 sua
268 1297 397 1317 causam
433 1286 523 1316 novis
560 1290 589 1315 et
623 1285 726 1325 magis
761 1284 944 1325 insignibus
981 1284 1142 1315 miraculis

177 1329 312 1361 subinde
345 1329 444 1359 daret.
494 1327 689 1358 Admirabili
720 1328 819 1368 igitur
848 1328 909 1358 Dei
941 1326 1143 1368 providentia

176 1373 208 1403 in
235 1373 322 1403 hunc
353 1374 449 1402 tinem
480 1371 650 1401 induratus
681 1370 742 1401 fuit
766 1371 909 1408 Pharao,
941 1382 979 1401 ne
1009 1370 1143 1401 obscura

178 1420 233 1447 aut
266 1415 338 1445 vilis
367 1420 450 1445 esset
481 1414 681 1445 liberationis
712 1413 825 1454 gratia.
872 1413 1029 1453 Respexit
1057 1413 1142 1444 enim

178 1458 332 1499 populum
369 1468 461 1487 suum
492 1457 581 1487 Deus
617 1456 719 1496 magis
753 1467 849 1496 quam
878 1456 1073 1497 Aegyptios,
1108 1460 1142 1486 ut

178 1512 253 1532 mox
286 1501 446 1540 sequitur:
484 1499 640 1530 Nar-rabis
670 1499 736 1530 filio
768 1505 839 1536 tuo,
868 1507 901 1529 et
929 1499 1053 1539 nepoti,
1084 1504 1142 1529 etc.

178 1545 293 1584 Longe
317 1544 402 1573 enim
427 1542 557 1573 uberior
588 1543 767 1582 gratiarum
791 1542 941 1579 aetionis,
977 1548 1007 1572 et
1030 1541 1143 1572 libera-

178 1588 275 1618 tionis
298 1585 509 1617 crlebrandae
533 1585 639 1616 oblata
662 1585 722 1615 fuit
747 1585 890 1621 materia,
915 1595 1015 1624 quum
1039 1584 1143 1624 palam

179 1630 337 1661 vidissent
368 1629 536 1659 Israelitac
569 1629 660 1659 toties
691 1639 727 1659 ac
756 1633 820 1659 tam
858 1628 957 1658 variis
990 1627 1145 1668 prodigiis

179 1681 344 1704 exsertum
378 1683 393 1702 e
418 1672 505 1703 coelo
529 1671 590 1701 Dei
626 1671 804 1702 brachium.
850 1671 936 1701 Nam
968 1672 993 1702 si
1028 1670 1146 1701 usitato

179 1715 273 1746 mode
298 1715 432 1745 fuissent
457 1715 633 1754 redempti,
663 1714 734 1745 laus
757 1713 820 1745 Dei
844 1713 940 1754 paulo
964 1718 1034 1753 post
1056 1714 1146 1744 obso-

178 1759 321 1789 levisset.
368 1758 520 1788 Posteros
544 1768 619 1797 ergo
644 1757 688 1787 sic
712 1767 728 1786 a
754 1757 897 1796 patribus
928 1756 1033 1788 doceri
1056 1766 1146 1795 opor-

180 1802 252 1839 tuit,
278 1812 316 1831 ne
340 1800 542 1841 ambigerent
567 1799 605 1830 de
630 1805 695 1830 tam
721 1800 876 1839 praeclari
900 1801 1005 1839 operis
1028 1806 1146 1830 autore.

182 1845 355 1876 Caeterum
380 1844 430 1874 hic
456 1844 599 1883 exigitur
622 1853 640 1873 a
663 1843 809 1882 patribus
832 1843 885 1882 qui
909 1842 1025 1873 oculati
1056 1846 1149 1873 erant

182 1888 348 1928 signorum
375 1892 473 1917 testes
505 1885 675 1926 diligentia
698 1889 731 1916 et
761 1885 917 1916 sedulitas
940 1886 973 1915 in
997 1885 1071 1916 filiis
1095 1884 1147 1915 do-

183 1930 306 1962 cendis:
343 1934 375 1959 et
408 1930 448 1960 iis
482 1929 578 1959 etiam
611 1929 794 1969 iniungitur
830 1928 973 1960 discendi
1007 1938 1084 1958 cura
1117 1933 1149 1958 et

182 1973 326 2010 attentio,
342 1977 377 2003 ut
390 1972 618 2002 beneficiorum
633 1971 695 2002 Dei
715 1972 869 2002 memoria
889 1982 946 2011 per
964 1971 1149 2002 continuam

183 2022 325 2047 aetatum
346 2015 461 2045 seriem
483 2015 604 2045 floreat.
642 2014 759 2045 Praxis
778 2014 875 2045 huius
895 2014 1058 2046 doctrinae
1077 2024 1150 2045 eon·

184 2060 320 2099 spicitur
344 2058 428 2089 Psal.
454 2058 504 2088 44.
530 2062 560 2088 et
582 2057 651 2088 105.

269 2101 297 2132 3.
338 2101 422 2132 Tune
456 2101 537 2131 veniit
568 2100 674 2131 Moses
706 2102 733 2130 et
762 2099 903 2131 Altarooi.
949 2099 1017 2130 Iam
1054 2098 1151 2129 refert

184 2145 294 2176 Moses
317 2154 351 2174 se
371 2144 433 2175 Dei
458 2143 610 2174 mandato
635 2147 776 2174 tentasse
794 2142 975 2174 Pharaonis
999 2142 1152 2179 animum,

187 2198 228 2218 an
260 2186 390 2217 tandem
422 2192 491 2227 post
528 2186 631 2216 multa
665 2186 904 2225 experimenta,
934 2189 1021 2216 metu
1052 2195 1152 2216 novae

185 2240 308 2270 poenae
332 2240 412 2269 quae
435 2229 592 2267 instabat,
622 2228 773 2259 flexibilis
797 2235 881 2260 esset
903 2228 941 2259 ad
966 2228 1153 2268 parendum.

185 2274 257 2304 Hoc
271 2277 380 2303 autem
394 2273 544 2302 examine
558 2272 672 2302 melius
684 2271 814 2312 cognita
830 2272 889 2302 fuit
908 2272 975 2302 eius
994 2271 1152 2310 impietas,

186 2315 269 2356 quod
291 2315 444 2345 ditionem
465 2325 555 2346 suam
576 2320 666 2354 parte
685 2325 833 2345 annonae
853 2315 1011 2354 privatam
1032 2312 1154 2350 videns,

188 2358 271 2398 quod
313 2358 351 2388 de
393 2358 494 2389 altera
534 2363 626 2397 parte
668 2357 882 2388 denunciatur
916 2367 933 2386 a
965 2357 1055 2387 Mese
1089 2366 1153 2386 non

188 2402 311 2432 metuit.
343 2400 421 2431 Ideo
441 2401 587 2440 asperius
606 2411 678 2431 eum
698 2400 856 2440 obiurgat,
874 2408 1005 2440 rogans:
1026 2398 1154 2437 Quous—

189 2455 251 2484 que
288 2443 417 2474 tandem
456 2443 593 2483 superbe
630 2443 759 2474 resistes
790 2443 849 2474 Dei
880 2441 1036 2482 imperio?
1072 2441 1154 2472 Nam

189 2497 287 2527 quum
329 2487 468 2526 pessima
502 2496 629 2526 quoque
669 2486 800 2526 ingenia
839 2486 991 2525 frangant
1031 2484 1154 2524 plagae,

190 2530 333 2569 portenti
359 2530 461 2559 instar
490 2530 563 2566 fuit,
592 2539 701 2569 regem
731 2528 830 2560 octies
859 2534 890 2559 et
919 2527 1047 2568 quidem
1077 2527 1156 2557 diris

191 2571 293 2602 modis
318 2582 502 2611 percussum
528 2571 612 2602 nolle
636 2571 741 2602 adhuc
765 2571 886 2607 cedere,
914 2569 1048 2610 perinde
1070 2580 1106 2600 ac
1129 2569 1155 2600 si

190 2615 362 2646 incolumis
385 2621 415 2646 et
439 2615 478 2645 ab
503 2615 588 2645 omni
614 2614 732 2645 damno
755 2615 897 2645 intactus
920 2617 1028 2644 staret.
1074 2613 1154 2643 Cae-

763 165 1132 198 COMMENTARIUS
1156 164 1204 196 IN
1228 165 1376 197 EXODI
1400 164 1499 196 OAP.
1523 165 1566 196 X.

2096 163 2159 195 120

1193 262 1298 289 terum
1328 270 1366 289 ex
1398 258 1458 289 hoc
1486 259 1553 289 loco
1583 256 1770 288 discendum
1801 261 1850 287 est
1879 256 1911 286 in
1944 257 2030 288 hunc
2059 258 2156 289 finem

1193 301 1344 341 castigari
1362 312 1421 332 nos
1436 302 1496 332 Dei
1510 301 1630 336 ferulis,
1654 306 1690 330 ut
1710 310 1727 330 a
1747 298 1960 338 cupiditatum
1973 305 2157 332 nostrarum

1193 343 1327 374 lascivia
1350 344 1520 375 redeamus
1545 343 1582 374 ad
1609 343 1694 373 illius
1725 342 1923 381 obsequium.
1969 342 2039 374 Hoc
2066 347 2159 375 vocat

1193 387 1300 417 Moses
1320 386 1366 427 (et
1382 392 1453 426 post
1472 397 1544 417 eum
1566 386 1682 416 Petrus
1703 383 1746 426 [1.
1769 385 1855 415 Petr.
1875 384 1904 422 5,
1923 383 1972 426 6])
1994 385 2157 418 humiliari

1192 440 1299 460 coram
1317 430 1395 466 Deo,
1417 430 1465 460 vel
1486 430 1545 459 sub
1565 428 1685 467 potenti
1711 428 1779 457 eius
1798 437 1907 463 manu,
1932 427 2008 458 dum
2032 430 2158 468 experti

1193 472 1429 503 formidabilem
1453 473 1521 502 eius
1545 471 1723 511 potentiam
1744 480 1800 500 nos
1819 476 2007 501 reverenter
2029 471 2158 503 subiici-

1192 525 1264 545 mus
1298 515 1368 545 eius
1404 514 1546 554 imperio.
1603 512 1700 544 Unde
1734 513 1896 552 sequitur,
1928 513 2019 552 quasi
2053 513 2160 546 ferrea

1192 557 1299 588 fronte
1329 557 1444 588 luctari
1478 567 1553 588 cuin
1585 556 1653 586 Deo
1683 555 1736 595 qui
1770 565 1946 595 poenarum
1976 560 2065 587 metu
2095 568 2159 589 non

1193 599 1367 631 domantur
1388 610 1446 631 nec
1465 600 1649 629 flectuntur.
1686 598 1794 636 Quare
1818 608 1877 629 nos
1900 597 1940 629 ad
1966 598 2159 638 resipiscen-

1193 644 1270 673 tiam
1295 642 1421 674 erudiat
1445 643 1558 672 timor:
1583 652 1628 679 ac,
1653 652 1691 671 ne
1715 640 1854 680 superbo
1878 646 2066 682 contemptu
2086 653 2159 683 pro—

1194 695 1346 716 vocemus
1370 686 1437 716 eius
1461 683 1646 719 vindictam.
1672 683 1834 714 discamus
1858 684 1938 714 nihil
1962 695 2031 716 esse
2055 686 2159 726 magis

1195 728 1348 759 horribile
1367 738 1462 767 quam
1483 726 1623 758 incidere
1643 727 1677 756 in
1690 727 1760 757 cius
1773 736 1889 757 manus
1901 726 2015 768 (Hebr.
2032 728 2080 766 10,
2094 728 2158 771 31).

1194 770 1388 802 Subindicat
1411 771 1507 801 etiam
1532 769 1639 800 Moses
1664 780 1728 799 non
1758 780 1826 800 esse
1850 768 1970 800 bellum
1997 771 2159 803 Pharaoni

1193 824 1264 844 cum
1295 813 1450 844 Israelitis
1482 817 1623 847 tantum⁷
1656 811 1711 843 sed
1739 822 1811 843 cum
1843 812 1930 849 Deo,
1962 813 2016 853 qui
2048 825 2158 846 eorum

1193 867 1323 887 causam
1348 855 1498 895 suscepit.
1545 854 1655 893 Quare
1686 866 1748 885 non
1779 854 1963 886 dubitemus
1992 862 2159 897 tyrannos,

1193 900 1374 939 quicunque
1398 899 1515 929 iniuste
1536 898 1703 928 ecclesiam
1723 897 1882 937 affligunt,
1907 909 1978 929 eum
1999 899 2068 931 Deo
2092 901 2162 941 ipso

1166 975 1167 980 ,
1193 943 1380 981 confligere:
1406 942 1497 972 cuius
1522 940 1644 971 viribus
1669 951 1702 971 se
1726 941 1822 980 louge
1846 940 1985 980 impares
2008 943 2159 975 sentient.

1277 985 1305 1015 4.
1330 985 1415 1023 Quod
1435 985 1463 1015 si
1482 986 1514 1014 l‘u
1534 984 1648 1014 renuis.
1684 983 1870 1014 Denunciat
1884 984 1991 1015 Moses
2011 985 2158 1018 ultimam

1193 1028 1360 1068 penuriam
1391 1032 1422 1057 et
1452 1027 1569 1057 famem
1601 1030 1706 1056 terrae
1733 1026 1891 1066 Aegypti,
1923 1028 1997 1067 quia
2026 1034 2160 1068 repente

1193 1078 1326 1111 surgent
1346 1070 1496 1106 locustae,
1520 1080 1601 1108 quae
1626 1070 1755 1109 penitus
1778 1075 1972 1100 consumant
1995 1072 2159 1103 residuum

1193 1114 1270 1144 anni
1290 1118 1491 1153 proventum.
1539 1112 1608 1142 Iam
1633 1112 1719 1142 enim
1744 1111 1879 1143 dimidia
1902 1123 1976 1152 pars
1999 1115 2160 1154 grandine

1194 1157 1341 1196 perierat.
1378 1155 1449 1186 Etsi
1474 1159 1581 1185 autem
1607 1159 1768 1185 testantur
1792 1154 1946 1186 historiae
1970 1161 2106 1196 veteres,
2129 1162 2161 1189 et

1194 1204 1304 1230 nost-ro
1335 1198 1461 1229 saeculo
1492 1197 1643 1237 contigit⁷
1679 1208 1741 1228 non
1773 1204 1899 1238 segetes
1929 1205 2071 1236 tantum,
2103 1200 2160 1231 sed

1196 1248 1359 1282 pratorum
1384 1252 1507 1281 quoque
1533 1241 1649 1271 herbas
1672 1251 1689 1270 a
1714 1240 1845 1271 locustis
1870 1243 1992 1272 vorari:
2027 1254 2065 1273 ex
2097 1244 2159 1275 cir-

1195 1284 1398 1315 cumstantiis
1423 1290 1530 1313 tamen
1555 1283 1719 1323 colligitur
1748 1283 1808 1314 hoc
1839 1283 1935 1315 fuisse
1966 1285 2159 1317 inusitatum

1196 1327 1343 1358 coelestis
1357 1327 1518 1357 viudictae
1532 1326 1733 1365 exemplum:
1754 1327 1827 1365 quia
1841 1332 1872 1356 et
1884 1326 1969 1357 diem
1982 1330 2159 1360 crastiuum

1196 1370 1343 1411 praefigit
1370 1370 1485 1406 Moses,
1513 1375 1543 1399 et
1566 1368 1785 1399 incredibilem
1811 1369 1934 1408 copiam
1959 1371 2064 1402 subito
2087 1383 2159 1403 eru-

1197 1414 1282 1454 pisse
1307 1418 1431 1450 narrat,
1460 1418 1491 1442 et
1522 1411 1611 1442 addit
1640 1422 1803 1451 nunquam
1835 1411 1915 1443 tales
1939 1413 2024 1445 visas
2047 1414 2161 1448 fuisse:

1197 1462 1357 1496 postremo
1371 1455 1493 1485 nullam
1508 1454 1637 1485 domum
1651 1453 1690 1485 ab
1710 1465 1819 1485 earum
1840 1455 1965 1486 insultu
1984 1456 2162 1489 immunem

1198 1502 1264 1529 tore
1294 1499 1444 1528 minatur.
1490 1498 1592 1528 Porro
1624 1508 1725 1538 genus
1756 1497 1874 1538 flagelli
1903 1498 2021 1529 iterum
2051 1506 2162 1532 notare

1198 1552 1313 1581 operae
1336 1542 1475 1581 pretium
1499 1545 1564 1577 cst,
1593 1539 1679 1579 quod
1702 1539 1792 1571 Deus
1819 1552 1858 1572 ex
1883 1541 2002 1573 vilibus
2026 1543 2162 1575 animal-

1198 1584 1279 1615 culis
1302 1584 1479 1615 exercitum
1503 1583 1628 1623 colligit
1650 1587 1681 1613 et
1705 1588 1824 1622 armat,
1847 1594 1909 1623 quo
1932 1586 2163 1618 contumeliose

1198 1627 1426 1658 indomabilem
1461 1630 1638 1667 tyrannum
1673 1636 1746 1657 cum
1779 1627 1931 1658 omnihus
1964 1628 2032 1659 suis
2062 1629 2164 1669 copiis

1199 1671 1356 1710 profliget.
1404 1670 1512 1710 Digna
1543 1670 1640 1700 etiam
1671 1669 1730 1700 hac
1760 1669 1906 1701 mercede
1936 1669 1998 1701 fuit
2021 1672 2164 1713 Aegypti

1198 1712 1413 1753 ingratitudo,
1453 1713 1528 1752 quia
1568 1712 1664 1743 nimis
1698 1711 1868 1752 indignum
1903 1713 1963 1744 fuit
1997 1716 2165 1755 tyrannice

1198 1756 1335 1795 opprimi
1370 1756 1400 1785 in
1433 1766 1470 1785 ea
1501 1755 1629 1795 regione
1664 1761 1807 1794 posteros
1836 1755 1970 1796 Ioseph,
2005 1758 2058 1797 qui
2093 1769 2164 1790 eam

1199 1809 1258 1829 sua
1288 1798 1417 1829 solertia
1447 1799 1542 1838 paulo
1574 1803 1648 1828 ante
1679 1797 1834 1829 ducentos
1868 1803 1899 1829 et
1929 1799 2165 1841 quinquaginta.

1200 1851 1301 1871 annos
1325 1851 1343 1870 a
1367 1840 1451 1871 fame
1479 1846 1670 1871 asseruerat.
1712 1840 1806 1879 Quod
1837 1842 1984 1881 sequitur
2013 1853 2109 1875 versu
2134 1844 2164 1883 6,

1200 1884 1308 1914 Vertit
1331 1894 1381 1922 sc,
1411 1890 1443 1914 et
1471 1894 1621 1923 egressus
1645 1889 1709 1920 est,
1734 1894 1791 1923 pro
1814 1884 2047 1925 indignationis
2070 1887 2165 1928 signo

1201 1927 1344 1966 ponitur:
1369 1937 1403 1957 ac
1423 1927 1448 1957 si
1464 1926 1565 1957 Moses
1589 1926 1811 1958 contumaciae
1836 1927 1966 1967 tyranni
1990 1934 2165 1969 pertaesus,

1202 1975 1334 2009 repente
1364 1982 1397 2000 se
1426 1969 1487 2000 alio
1518 1969 1713 2009 proriperet,
1745 1980 1785 1999 ne
1815 1970 1887 2001 vale
1912 1970 2040 2010 quidem
2071 1972 2166 2005 dicto.

1204 2011 1362 2050 Quamvis
1402 2023 1478 2053 ergo
1520 2016 1686 2043 mansueto
1728 2011 1847 2052 alioqui
1892 2013 2022 2053 ingenio
2061 2014 2169 2054 fuerit,

1204 2056 1348 2095 praecisa
1376 2058 1483 2085 tamen
1516 2055 1594 2086 haec
1623 2055 1796 2086 austeritas
1825 2055 2009 2087 adhibenda
2039 2057 2099 2088 fuit
2128 2058 2169 2090 ad

1204 2097 1411 2128 refutandum
1436 2098 1568 2135 fastum,
1592 2108 1653 2138 quo
1677 2102 1838 2138 tyrannus
1861 2099 1892 2128 in
1917 2098 2040 2130 coelum
2063 2101 2169 2140 ipsum

1205 2140 1412 2180 conspuebat.
1459 2141 1594 2172 Discant
1625 2145 1732 2171 autem
1756 2145 1787 2171 et
1810 2141 1914 2171 nostri
1938 2142 2058 2173 saeculi
2081 2143 2169 2175 Pha-

1205 2193 1334 2219 raones,
1364 2183 1489 2222 quando
1512 2194 1629 2224 purum
1655 2183 1716 2214 Dei
1739 2183 1862 2214 cultum
1887 2185 2049 2216 atrocibus
2072 2186 2171 2218 minis

1206 2226 1402 2265 impediunt,
1432 2227 1515 2257 insto
1550 2227 1618 2257 eius
1648 2225 1764 2257 iudicio
1794 2227 1863 2257 fieri
1894 2232 1927 2257 ut
1957 2227 1990 2257 in
2025 2228 2170 2268 ipsorum

1206 2269 1383 2299 ditionibus
1407 2273 1602 2308 grassentur,
1626 2274 1661 2300 ut
1684 2268 1842 2306 locustae,
1867 2268 2014 2301 homines
2039 2272 2171 2303 fanatici

1206 2322 1277 2342 cum
1303 2311 1409 2351 impiis
1432 2312 1604 2350 erroribus,
1628 2322 1664 2343 ac
1688 2311 1761 2342 tabe
1784 2311 1918 2352 populos
1942 2312 2099 2346 inficiant.

1293 2397 1320 2427 7.
1357 2396 1512 2427 Dirermzt
1546 2400 1646 2428 autem
1679 2397 1760 2427 servi
1796 2396 1975 2428 Pharaonis
2015 2399 2057 2430 ad
2089 2410 2173 2432 eum:

1210 2440 1374 2479 Quousque
1406 2440 1463 2470 erit
1496 2440 1544 2471 lexic
1577 2440 1660 2471 vobis
1692 2440 1725 2470 in
1756 2440 2001 2479 offendiculum?
2042 2441 2173 2474 Dimitte

1206 2482 1350 2519 homines,
1374 2485 1406 2512 ut
1428 2484 1565 2515 serviant
1589 2482 1718 2514 Ielzovae
1737 2481 1803 2513 Deo
1826 2493 1890 2513 suo.
1927 2483 1980 2514 An
2003 2487 2072 2515 ante
2093 2486 2173 2517 scies

1207 2525 1285 2564 (laced
1302 2525 1430 2563 perierit
1455 2525 1637 2566 Aeygsptus?
1656 2524 1678 2566 ¹)
1722 2524 1750 2556 8.
1775 2523 1818 2555 Et
1838 2525 1981 2556 reductus
2003 2529 2047 2558 est
2070 2527 2174 2560 Moses

1276 2619 1304 2650 1)
1323 2619 1358 2644 In
1378 2620 1507 2650 mat-yma».
1536 2619 1598 2644 Vel:
1619 2619 1774 2651 Antequam
1793 2619 1860 2644 scies
1880 2619 1992 2652 periisse
2011 2620 2173 2654 Aegyptum.
