2304 3034
103 201 162 232 377

105 297 165 332 nis,
189 295 243 326 alii
267 295 299 325 iu
324 295 426 325 forma
449 295 596 334 piscium,
620 293 672 323 alii
693 293 723 322 in
743 292 845 322 forma
872 291 989 327 avium,
1014 290 1068 320 alii

103 339 136 370 in
150 338 251 368 forma
266 338 431 368 brutorum
446 337 632 367 animalium
652 334 806 374 putabant
823 333 926 363 Deum
941 343 1065 372 reprae—

105 381 243 412 sentari:
284 380 470 419 praesertim
500 378 652 409 historiae
687 381 940 407 commemorant
971 386 1066 414 quam

104 423 265 464 pudendis
289 422 411 453 delii-iis
435 421 588 452 fascinata
619 419 714 449 fuerit
738 420 914 457 Aegyptus.
962 420 1068 457 Atque

105 466 180 497 hinc
204 466 298 496 etiam
324 464 484 503 detegitur
504 463 669 493 hominum
691 461 825 497 vanitas,
849 461 901 499 qui
931 470 1068 499 quocun—

105 520 167 549 que
191 512 320 539 vertant
342 506 455 541 oeulos,
491 504 618 535 errandi
643 503 811 533 materiam
837 503 976 542 undique
999 513 1070 541 cap-

105 556 185 582 tant.
232 551 274 581 Et
293 557 400 580 tamen
420 548 537 586 ubique
557 546 695 585 refulget
715 546 775 576 Dei
794 545 904 585 gloria,
924 552 956 575 et
979 545 1070 584 quid-

106 593 181 634 quid
195 602 320 623 sursum
336 601 371 622 ac
394 591 541 620 deorsum
555 588 751 628 conspicitur
770 588 808 618 ad
831 598 940 617 verum
960 588 1065 618 Deum

106 647 166 667 nos
184 635 309 665 invitat.
355 633 513 671 Quoniam
535 642 610 671 ergo
629 631 674 661 sie
701 631 941 661 hallucinantur
964 630 1065 660 homi-

107 690 173 716 nes,
196 683 230 708 ut
250 688 289 707 ex
314 686 420 706 rerum
444 675 587 704 omnium
612 673 731 703 intuitu
756 673 815 702 sibi
841 672 998 703 fabricent
1017 683 1065 702 er-

107 721 189 752 roris
211 719 387 751 materiam,
413 726 497 747 nunc
520 727 572 747 eos
587 717 694 747 Moses
713 726 811 755 supra
832 722 932 745 totum
954 715 1066 745 mundi

107 763 266 803 opificium
297 768 327 791 et
356 759 514 790 elementa
544 759 671 789 attollit.
716 758 798 788 Nam
834 769 891 797 per
921 769 957 788 ea
986 768 1067 797 quae

106 806 140 836 in
164 804 258 836 coelis
281 808 363 838 sunt,
398 812 463 832 non
487 812 563 831 aves
586 801 703 835 solum,
730 801 784 831 sed
809 801 905 831 solem
931 811 1065 839 quoque,

107 852 139 879 et
158 848 275 882 lunam,
299 855 471 883 omnesque
495 844 603 874 stellas
627 844 791 883 designat:
816 848 853 873 ut
876 844 970 882 paulo
995 851 1065 882 post

108 890 278 922 videbitur.
302 887 403 927 Negat
425 887 525 926 igitur
544 886 576 916 in
598 892 662 916 toto
681 885 801 915 mundo
822 886 953 925 reperiri
975 896 1065 924 posse

106 943 216 964 veram
236 930 408 970 imaginem
429 929 506 960 Dei:
531 929 665 968 ideoque
684 928 803 959 foedari
828 929 896 958 eius
919 928 1064 967 gloriam,

107 982 138 1006 et
161 974 328 1006 veritatem
352 973 513 1011 corrumpi
538 971 721 1008 mendacio,
753 971 878 1010 quoties
901 971 959 1001 sub
990 971 1064 1001 ris-i—

106 1017 161 1048 bili
184 1017 282 1047 forma
307 1014 346 1045 ob
377 1015 483 1045 oculos
512 1016 674 1045 statuitur.
720 1013 788 1043 Iam
813 1014 985 1044 tenendum
1017 1019 1063 1044 est

106 1060 185 1091 duas
203 1068 272 1089 esse
292 1056 433 1087 mandati
455 1064 578 1096 partes:
614 1057 719 1096 priore
743 1063 833 1086 vetat
855 1057 934 1096 erigi
959 1056 1063 1095 seulp-

105 1102 169 1139 tile,
193 1106 248 1132 aut
271 1100 370 1130 ullam
394 1098 653 1130 similitudinvm:
686 1100 785 1128 altera
809 1107 915 1129 autem
941 1099 1062 1129 cultum

105 1155 197 1185 quem
221 1142 281 1173 sibi
304 1142 361 1172 uni
384 1142 497 1172 asserit
522 1141 628 1179 Deus,
659 1142 827 1172 transferri
853 1141 1001 1181 prohibet.
1024 1141 1062 1171 ad

103 1193 227 1227 spectra
246 1185 310 1221 illa,
336 1184 387 1215 vel
406 1184 535 1215 fallaces
554 1195 695 1224 pompas.
720 1184 806 1223 Ergo
826 1185 980 1224 affingere
995 1184 1063 1214 Deo

103 1229 242 1268 aliquam
272 1228 464 1267 imaginem,
496 1238 551 1266 per
582 1238 616 1258 se
645 1227 777 1265 impium
809 1234 873 1257 est:
898 1228 973 1266 quia
1005 1227 1063 1257 hac

101 1270 283 1310 corruptela
301 1269 503 1300 adulteratur
521 1270 590 1300 eius
615 1270 775 1304 maiestas,
795 1275 827 1299 et
845 1270 979 1309 fingitur
1002 1270 1060 1299 sibi

101 1313 274 1345 dissimilis.
319 1311 415 1351 Quod
438 1313 536 1342 stulte
563 1311 691 1351 quidam
716 1318 873 1351 putarunt
898 1312 947 1343 hic
972 1312 1059 1342 dam-

796 196 1047 229 SECUNDUM
1072 199 1390 231 PRAEGEPTCM.

101 1357 171 1388 nari
204 1356 386 1394 sculpturas
419 1359 451 1385 et
484 1356 626 1395 picturas
660 1354 832 1394 quaslibet,
867 1355 1061 1385 refutatione

101 1410 165 1430 non
189 1398 328 1436 indiget:
357 1397 484 1437 quando
509 1398 588 1427 nihil
617 1397 701 1427 aliud
728 1398 809 1428 Mosi
834 1398 895 1427 fnit
918 1399 1060 1436 proposi-

101 1446 171 1472 tum
200 1436 295 1480 quain
330 1441 471 1470 eximere
505 1440 568 1470 Dei
600 1440 733 1480 gloriam
767 1440 805 1470 ab
829 1440 978 1471 omnibus
1001 1441 1060 1478 fig-

101 1484 217 1515 mentis
241 1494 323 1523 quae
346 1482 385 1513 ad
416 1493 485 1513 eam
517 1482 784 1522 corrumpendam
816 1483 963 1513 tendunt.
1017 1483 1061 1513 Et

101 1532 186 1559 certe
211 1527 287 1557 haec
312 1525 408 1556 nimis
431 1525 563 1565 indigna
587 1531 636 1556 est
659 1525 852 1562 deformitas,
890 1526 992 1556 Deum
1017 1526 1059 1556 si—

101 1569 208 1600 milem
232 1569 336 1600 facere
360 1568 446 1607 ligno
471 1568 520 1598 vel
545 1568 654 1608 lapidi.
710 1568 792 1598 Nam
817 1567 901 1607 quod
924 1569 967 1598 ita
991 1569 1059 1608 qui-

100 1611 172 1643 dam
196 1611 365 1642 resolvunt
389 1611 499 1641 verba:
525 1611 595 1641 Non
621 1611 714 1642 facies
734 1611 792 1641 tibi
811 1611 957 1650 sculptile
977 1611 1058 1650 quod

99 1654 226 1691 adores,
258 1663 294 1684 ac
325 1654 351 1684 si
374 1653 483 1684 liceret
504 1653 610 1684 Deum
637 1654 742 1684 facere
763 1653 936 1692 visibilem,
966 1653 1059 1684 modo

97 1707 138 1728 ne
161 1697 284 1728 colatur
306 1697 375 1736 ipsa
399 1697 521 1736 imago:
546 1706 655 1726 eorum
676 1706 827 1731 errorem,
851 1707 931 1736 quac
950 1703 1059 1736 postea

97 1745 274 1779 sequentur
309 1739 541 1778 expositiones,
584 1739 674 1769 facile
717 1740 872 1769 retellent.
930 1739 1059 1770 Interea

96 1787 159 1812 non
182 1782 319 1820 infitior,
353 1782 547 1812 coniunctim
585 1782 661 1812 haec
693 1781 825 1821 legenda
850 1793 933 1817 esse,
965 1783 1056 1813 sicuti

96 1825 219 1855 colendi
244 1826 428 1864 superstitio
454 1824 509 1854 vix
534 1834 674 1863 unquam
700 1836 716 1854 a
737 1834 842 1863 priore
864 1825 942 1854 vitio
967 1835 1056 1864 sepa-

95 1875 199 1897 ratur:
224 1868 297 1906 quia
321 1867 416 1897 simul
441 1877 476 1897 ac
499 1868 655 1906 quispiam
681 1867 740 1897 sibi
775 1868 919 1906 permisit
945 1868 1054 1907 imagi-

94 1919 168 1940 nem
193 1909 261 1940 Deo
285 1910 469 1945 attribuere,
493 1910 601 1940 statim
626 1910 663 1939 ad
689 1910 802 1940 falsum
828 1910 950 1940 cultum
972 1910 1056 1940 dela-

94 1951 189 1983 bitur.
213 1952 255 1982 Et
278 1957 364 1983 certe
383 1953 527 1991 quisquis
549 1959 734 1982 reverenter
757 1959 788 1982 et
807 1953 911 1983 sobrie
931 1953 969 1983 de
989 1954 1056 1992 ipso

93 1993 163 2025 Deo
193 1995 290 2025 sentit
320 2002 349 2024 et
379 1995 513 2034 cogitat,
549 1994 588 2025 ab
612 1994 671 2025 hac
695 1994 891 2025 absurditate
916 2003 1056 2026 remotus

94 2043 155 2067 est:
181 2048 237 2068 nec
262 2047 403 2076 unquam
429 2038 553 2076 obrepit
576 2037 700 2077 cupido,
723 2038 773 2067 vel
799 2038 931 2068 audacia
952 2045 1053 2069 trans—

93 2079 252 2119 figurandi
285 2080 361 2113 Dei,
397 2081 458 2110 nisi
483 2080 557 2109 dnm
583 2088 708 2111 mentes
732 2086 865 2119 occupat
888 2092 994 2111 crassa
1025 2088 1055 2111 et

94 2121 229 2152 carnalis
253 2122 449 2161 imaginatio.
489 2122 575 2153 Hinc
598 2123 635 2152 fit
660 2130 690 2153 nt
716 2124 897 2162 quicunque
921 2124 995 2154 deos
1014 2135 1054 2154 ex

94 2164 292 2203 corruptibili
315 2166 448 2195 materia
473 2166 530 2195 sibi
556 2166 701 2205 tingunt,
735 2166 957 2205 superstitiosi·
981 2166 1054 2197 ado—

96 2211 168 2236 rent
192 2216 343 2237 manuum
369 2218 499 2238 suarum
523 2209 708 2239 artificium.
755 2208 863 2239 Facile
887 2210 983 2246 igitur
1000 2220 1053 2249 pav

97 2247 158 2277 tiar
182 2248 242 2279 duo
265 2249 352 2286 haec,
376 2260 455 2289 quae
479 2251 706 2290 inseparabilia
730 2257 819 2281 sunt.
852 2251 948 2281 simul
979 2263 1053 2282 con-

97 2288 201 2329 iungi,
235 2292 327 2321 modo
362 2299 527 2323 teneamus
564 2294 631 2323 Deo
666 2293 892 2324 contumeliam
935 2295 1054 2331 inferri,

98 2341 160 2361 non
183 2332 282 2362 solum
303 2334 355 2364 ubi
375 2336 571 2365 transfertur
594 2347 663 2366 eius
687 2336 791 2367 cultus
815 2336 853 2366 ad
878 2336 970 2373 idola,
999 2338 1053 2367 sed

97 2373 150 2403 ubi
191 2381 323 2406 externa.
364 2377 469 2416 aliqua
510 2379 719 2409 similitudine
759 2390 830 2409 enm
873 2381 1054 2419 exprimere

98 2420 269 2447 tentamus.

181 2457 276 2489 Deut.
302 2459 330 2497 5,
352 2460 380 2490 9.
406 2461 477 2492 Non
499 2464 644 2493 adorabis
667 2474 715 2497 ea,
739 2474 841 2502 neque.
889 2464 983 2495 Hanc
1006 2476 1053 2495 se·
1080 2471 1081 2495 1

97 2499 232 2530 eundam
247 2508 367 2539 partem
382 2503 468 2533 inani
482 2506 594 2536 cavillo
608 2508 727 2536 frustra
749 2507 878 2537 eludere
897 2514 1056 2537 conantur
1079 2503 1082 2547 l,

96 2542 295 2574 idololatrae:
321 2547 584 2582 quemadmodum
606 2550 636 2578 in
663 2555 779 2589 papatu
805 2557 976 2589 nugatoria
1000 2551 1053 2580 illa

97 2584 259 2615 distinctio
289 2585 436 2624 iactatur,
468 2591 602 2629 λατρείαν
631 2591 805 2625 duntaxat,
836 2604 897 2622 non
923 2591 1055 2622 δουλείαν
1080 2594 1082 2629 i

95 2626 264 2666 prohiberi.
310 2627 389 2659 Nam
417 2631 518 2669 primo
547 2634 739 2672 generaliter
769 2634 876 2666 Moses
911 2647 1053 2675 compre>
1080 2635 1082 2673 ff

1080 2555 1082 2586 l,
1109 2560 1160 2581 tur
1197 2551 1323 2582 Cicero:

2023 202 2083 232 378

1123 291 1234 322 itendit
1262 303 1373 324 omues
1403 294 1604 324 reverentiae
1634 298 1752 325 formas
1777 301 1808 325 et
1838 295 1932 326 ritus:
1965 295 2081 329 deinde

1122 335 1253 365 verbum
1278 342 1341 371 ’1:12
1379 336 1461 375 quod
1496 338 1646 367 continuo
1680 341 1752 377 post
1785 336 1928 373 subiicit,
1960 340 2081 372 serviro

1120 378 1246 416 proprie
1269 379 1438 418 significat.
1484 379 1578 410 Unde
1602 379 1776 417 colligitur,
1806 380 1975 419 pueriliter
1998 383 2081 414 velle

1093 439 1094 445 ,
1119 430 1171 449 eos
1194 419 1284 456 elabi,
1308 420 1381 451 dum
1408 421 1538 461 picturis
1562 427 1593 452 et
1622 423 1735 453 statuis
1759 423 1888 453 nonnisi
1917 423 2081 456 servitutis

1093 461 1094 466 ¹
1121 461 1273 492 honorem
1299 463 1455 494 deferunt.

1497 464 1692 504 Quanquam
1718 465 1742 494 si
1776 465 1869 495 detur
1902 465 1965 496 illis
1995 467 2079 505 quod

1120 505 1291 543 postulant,
1319 516 1358 536 ne
1383 508 1427 537 sic
1445 507 1573 546 quidem
1595 508 1762 547 effugient:
1790 508 1864 547 quia
1887 510 2080 541 tantundem

1119 547 1204 576 valet
1229 548 1400 586 prohibitio
1424 560 1459 580 ac
1483 550 1507 579 si
1533 556 1664 589 negaret
1690 550 1778 580 Deus
1801 561 1834 581 se
1859 551 1941 582 velle
1963 552 2023 582 coli
2046 553 2080 584 in

1119 588 1207 628 ligno
1231 596 1263 619 et
1287 590 1400 630 lapido,
1425 592 1472 622 vel
1494 592 1554 622 alia
1575 593 1689 632 quavis
1708 593 1821 633 figura.
1861 593 1970 633 Neque
1995 595 2080 626 enim

1121 642 1260 670 unquam
1288 643 1324 663 eo
1355 635 1515 664 amentiae
1548 636 1674 674 abrepti
1702 636 1833 666 fuerunt
1864 636 2021 668 increduli
2043 642 2081 669 ut

1119 680 1241 704 statuas
1261 676 1309 705 vel
1325 676 1466 715 picturas
1479 677 1665 716 simpliciter
1678 677 1859 709 adorarent.
1883 678 1972 709 Idem
1988 691 2079 719 prae-

1119 722 1225 747 textus
1249 718 1479 749 obtendebatur
1510 720 1562 759 qni
1591 719 1685 750 hodie
1714 732 1770 760 per
1800 731 1855 752 ora
1878 722 2077 761 papistarum

1120 759 1239 795 volitat,
1265 770 1329 790 non
1354 761 1526 801 imaginem
1551 763 1652 802 ipsam
1677 763 1822 803 proprie,
1858 764 1911 795 sed
1937 765 2020 804 quod
2043 766 2075 797 in

1118 813 1154 831 ea
1178 809 1447 841 repraesentatur,
1478 805 1546 835 coli.
1591 805 1717 844 Ubique
1742 812 1849 836 tamen
1873 807 1936 837 illis
1960 818 2075 848 expro-

1120 844 1187 874 brat
1221 845 1355 884 spiritus
1389 846 1470 885 quod
1505 847 1578 877 deos
1613 848 1735 887 ligneos
1765 854 1795 879 et
1826 849 1967 888 lapideos
2002 850 2076 882 ado-

1118 893 1207 917 rent:
1236 888 1310 927 quia
1341 889 1502 919 carnalem
1533 889 1621 920 illum
1653 891 1774 921 cultum
1809 892 1955 931 repudiat
1985 892 2075 924 Deus

1117 940 1209 969 quem
1235 930 1374 960 offerunt
1398 931 1553 962 increduli
1578 943 1682 963 coram
1708 934 1794 974 ligno
1817 940 1848 965 et
1871 934 1985 974 lapide.
2038 935 2074 967 Si

1117 973 1186 1011 quis
1209 983 1262 1002 eos
1285 973 1457 1013 interroget
1485 984 1578 1013 quem
1609 976 1712 1006 colere
1736 977 1876 1007 habeant
1898 977 1932 1007 in
1956 980 2072 1016 animo,

1117 1015 1262 1054 protinus
1286 1015 1532 1055 respondebunt,
1558 1018 1627 1048 Deo
1650 1028 1683 1048 se
1707 1024 1870 1058 praestare
1892 1030 1986 1059 quem
2009 1021 2072 1060 pic-

1117 1058 1199 1088 turis
1231 1064 1259 1088 et
1292 1060 1405 1089 statuis
1434 1058 1586 1090 honorem
1621 1060 1778 1092 deferunt.
1824 1062 1888 1093 Sed
1912 1064 2075 1095 evanescit

1116 1100 1231 1130 frivola
1266 1100 1320 1130 illa
1354 1101 1532 1132 excusatio:
1568 1103 1642 1142 quia
1672 1103 1791 1134 idolum
1821 1105 1943 1144 erigere
1966 1116 2072 1137 eoram

1114 1154 1175 1182 quo
1189 1154 1222 1173 se
1232 1149 1446 1182 prosternant,
1459 1144 1490 1174 id
1505 1156 1579 1175 vero
1592 1152 1638 1175 est
1659 1145 1816 1186 abnegare
1831 1158 1941 1178 verum
1956 1148 2072 1180 Deum.

1116 1184 1254 1225 Ideoque
1278 1186 1357 1216 nihil
1383 1186 1498 1216 mirum
1524 1188 1550 1217 si
1571 1190 1768 1227 pronunciet,
1794 1189 1916 1229 lignum
1938 1196 1970 1221 et
1993 1191 2071 1231 lapi—

1116 1227 1186 1258 dem
1212 1228 1347 1265 adorari,
1372 1228 1447 1259 dum
1471 1236 1595 1268 spectra
1618 1241 1635 1260 a
1658 1242 1691 1261 se
1711 1233 1845 1263 conficta
1869 1232 2004 1264 adorant
2026 1234 2072 1264 in-

1115 1270 1235 1301 creduli
1261 1273 1292 1301 in
1317 1271 1404 1311 ligno
1428 1277 1460 1301 et
1483 1271 1595 1311 lapide.
1644 1274 1685 1304 Et
1710 1274 1772 1304 iam
1804 1274 1958 1311 diximus,
1990 1276 2072 1308 ritus

1115 1324 1224 1344 omnes
1243 1314 1295 1353 qui
1316 1324 1333 1343 a
1353 1314 1513 1353 spirituali
1535 1314 1593 1346 Dei
1613 1316 1699 1347 cultu
1713 1317 1904 1357 discrepant,
1928 1317 1979 1349 hie
1997 1329 2071 1358 pro-

1114 1356 1232 1387 hiberi:
1253 1356 1335 1397 quod
1349 1356 1387 1387 ad
1401 1356 1614 1389 discutiendas
1629 1359 1708 1390 tales
1721 1359 1854 1390 nebulas
1867 1360 1944 1391 satis
1960 1371 2071 1401 super-

1113 1409 1175 1439 que
1196 1399 1291 1430 valet.

1200 1441 1268 1482 Eyo
1293 1443 1371 1473 enim
1396 1442 1506 1474 Iehova
1530 1444 1616 1475 Deus
1639 1447 1717 1475 tuus.
1762 1445 1887 1475 Partim
1917 1445 2070 1477 minando

1114 1489 1223 1521 terret,
1248 1486 1363 1524 partim
1388 1484 1503 1516 blande
1527 1488 1692 1526 promittit,
1718 1492 1752 1518 ut
1774 1498 1826 1518 eos
1850 1487 2012 1519 contineat
2035 1489 2069 1519 in

1113 1527 1224 1557 officie.
1260 1528 1304 1558 Ac
1324 1528 1435 1568 primis
1458 1529 1583 1567 quidem
1606 1530 1710 1561 verbis
1729 1530 1871 1569 coarguit
1891 1541 2000 1561 eorum
2019 1531 2069 1561 in-

1114 1569 1353 1608 gratitudinem,
1399 1571 1425 1600 si
1464 1572 1501 1602 ad
1542 1572 1755 1603 idololatriam
1797 1584 1829 1603 se
1863 1572 2068 1612 prostituant,

1113 1612 1239 1652 quando
1272 1613 1365 1643 electi
1396 1613 1522 1644 fuerant
1556 1615 1587 1644 in
1628 1615 1821 1654 peculiarem
1856 1620 1888 1645 et
1921 1622 2068 1647 sanctum

1114 1655 1274 1695 populum.
1300 1656 1416 1686 Postea
1441 1662 1593 1687 terrorem
1620 1658 1746 1695 incutit,
1779 1668 1913 1697 poenam
1945 1657 2068 1689 denun-

1111 1698 1241 1728 ciando:
1274 1699 1400 1729 tandem
1431 1710 1485 1738 spe
1515 1701 1784 1730 remunerationis
1814 1711 1867 1731 eos
1897 1700 2011 1732 allicit:
2041 1701 2068 1731 si

1111 1741 1295 1771 obedienter
1315 1747 1463 1771 maneant
1487 1742 1518 1772 in
1543 1753 1623 1781 puro
1648 1743 1707 1773 Dei
1730 1743 1827 1773 cultu.
1850 1743 1917 1774 Nec
1940 1748 2068 1774 tantum

1110 1794 1185 1822 erga
1210 1784 1354 1823 singulos
1378 1795 1526 1815 severum
1551 1791 1603 1815 aut
1628 1785 1802 1815 beneficum
1829 1797 1862 1816 se
1891 1786 1957 1816 fore
1980 1786 2066 1816 affir-

1111 1833 1195 1856 mat:
1225 1827 1278 1856 sed
1310 1833 1480 1866 utrumque
1505 1826 1543 1857 ad
1568 1833 1709 1867 posteros
1733 1827 1886 1866 extendit,
1919 1828 2066 1868 quamvis

1111 1880 1170 1898 non
1197 1869 1321 1908 aequali
1347 1869 1448 1905 modo,
1473 1874 1508 1899 ut
1531 1876 1638 1909 postca
1661 1870 1847 1901 videbimus.
1894 1871 2066 1902 Destinavi

1109 1911 1235 1950 quidem
1262 1912 1359 1941 alium
1384 1912 1485 1942 locum
1511 1913 1773 1952 promissionibus
1797 1919 1826 1943 et
1850 1913 1960 1950 minis,
1995 1914 2064 1953 qui-

1110 1954 1168 1984 bus
1192 1955 1336 1985 sancitur
1371 1955 1469 1985 totius
1504 1955 1582 1995 legis·
1615 1956 1784 1986 autoritas:
1814 1955 1867 1986 sed
1900 1956 1974 1995 quia
2006 1957 2065 1987 hoc

1109 1997 1289 2027 membrum
1325 2008 1488 2027 annexum
1524 2004 1572 2028 cst
1606 1998 1734 2038 speciali
1777 2004 1959 2037 praecepto,
2001 2010 2065 2029 non

1110 2040 1207 2078 potuit
1229 2040 1394 2070 commodo
1418 2040 1521 2070 avelli.
1569 2040 1689 2070 Nomen
1715 2040 1755 2072 ὀὴ·
1781 2039 1907 2080 quidam
1926 2041 2065 2080 appella-

1110 2090 1173 2112 tive
1206 2089 1345 2114 vertunt,
1369 2083 1474 2117 fortis,
1510 2083 1563 2113 sed
1588 2084 1736 2122 quoidam
1762 2094 1780 2114 a¹
1804 2082 1990 2114 fortitudine
2020 2084 2065 2115 sic

1109 2130 1241 2155 vocatur
1267 2126 1367 2162 Deus,
1399 2125 1483 2155 hunc
1514 2136 1658 2163 sensum,
1689 2126 1761 2165 quia
1791 2125 1906 2156 melius
1928 2126 2065 2165 quadra-

1110 2169 1170 2204 bat,
1191 2168 1277 2207 sequi
1299 2168 1406 2198 malui.
1431 2168 1623 2207 Quanquam
1645 2180 1705 2197 non
1727 2169 1782 2198 abs
1802 2179 1835 2198 re
1855 2167 1990 2199 diversis
2010 2180 2065 2199 no-

1109 2210 1250 2240 minibus
1266 2210 1375 2240 Mosen
1391 2211 1485 2240 fuisse
1498 2221 1588 2240 usum
1609 2211 1761 2241 arbitror:
1782 2210 1835 2241 ubi
1855 2211 1940 2241 enim
1960 2211 2066 2250 priore

1110 2254 1175 2283 loco
1201 2255 1303 2291 posuit
1328 2264 1445 2283 nomen
1470 2247 1581 2287 Dsst'ssttt,
1612 2253 1706 2292 paulo
1736 2260 1805 2292 post
1835 2253 1935 2284 altero
1965 2253 2067 2293 elogio

1110 2296 1212 2326 Deum
1250 2296 1444 2335 insigniens,
1487 2296 1660 2334 potentiam
1695 2296 1761 2326 eius
1795 2295 1998 2326 commendat
2033 2301 2068 2327 ut

1110 2339 1272 2368 timeatur.
1319 2338 1388 2376 Qun
1423 2338 1544 2368 rationo
1578 2338 1669 2368 simul
1704 2339 1933 2368 aemulatorem
1964 2340 2065 2369 uomi-

1109 2387 1172 2417 nat,
1198 2381 1246 2411 vel
1268 2380 1314 2421 (nt
1335 2381 1461 2419 quidam
1490 2392 1551 2410 uon
1579 2381 1685 2420 inepte
1707 2380 1848 2421 vertunt)
1871 2381 2065 2421 zelotypum.

1080 2442 1082 2453 ι
1110 2424 1189 2454 Nam
1215 2424 1438 2454 obtrectatoris
1464 2434 1578 2452 nomen
1603 2424 1669 2453 Deo
1693 2423 1833 2453 tribuere
1854 2422 1950 2463 (quod
1970 2434 2067 2454 ausus

1108 2472 1156 2496 <st
1182 2467 1287 2496 nescio
1311 2466 1410 2506 quis),
1444 2476 1504 2495 nou
1535 2465 1707 2504 insipidum
1740 2466 1850 2505 niodo,
1881 2466 1935 2497 sed
1960 2465 2065 2505 prodi-

1108 2510 1231 2547 giosum
1257 2515 1315 2539 est.
1362 2509 1458 2546 Atqui
1484 2509 1655 2544 ζηλοτυπίαν
1686 2508 1743 2539 hac
1776 2519 1850 2539 voce
1874 2509 2066 2548 interpreta-

1115 2548 1121 2549 ⁷
1374 2552 1497 2589 Nempe
1539 2550 1651 2580 xitium
1692 2561 1809 2590 pravae
1844 2551 2067 2582 aemulationis

1110 2602 1244 2631 notanS,
1292 2595 1344 2624 ubi
1386 2594 1465 2623 alter
1506 2592 1638 2622 alterins
1679 2594 1893 2633 praestantiae
1935 2593 2065 2624 invidet.

1108 2637 1171 2667 Hic
1208 2648 1282 2667 vero
1324 2636 1415 2667 nobis
1454 2634 1511 2666 sub
1553 2635 1659 2665 mariti
1701 2646 1837 2675 persona
1877 2637 2068 2676 proponitur
