2304 3034
194 212 256 242 435

282 305 331 336 42.
358 303 423 334 Fac
445 303 490 333 eis
511 305 538 333 et
553 300 725 340 feminalia.
762 299 850 338 Quia
868 299 1018 331 homines
1036 310 1094 339 pro
1113 300 1163 331 in-

198 348 305 389 genita
329 347 389 377 sibi
413 346 544 375 levitate
567 348 598 374 et
621 343 816 383 petulantia,
851 342 1004 373 minimas
1039 353 1165 383 quoque

197 390 389 421 offensiones
414 387 452 417 ad
477 385 661 426 spernenda
684 395 776 416 sacra
799 385 969 425 arripiunt,
1001 388 1098 425 atque
1121 387 1165 416 ita

196 433 288 463 facile
311 431 435 462 vilescit
458 430 587 469 religio:
620 427 660 458 ad
683 428 862 460 cavendum
887 428 951 458 tale
974 427 1164 467 periculum,

196 476 246 506 hic
271 473 308 504 de
331 484 366 503 re
390 474 422 503 iu
445 473 583 512 speciem
604 471 667 502 levi
692 471 847 511 praecipit
871 470 972 508 Deus,
1007 474 1043 501 ut
1064 470 1164 502 femo—

194 517 314 547 ralibus
337 522 445 556 partes
469 514 636 555 pudendas
659 518 772 554 tegant
791 513 982 545 sacerdotes.
1029 512 1165 545 Summa

195 567 250 595 est,
276 566 309 589 ut
334 564 420 589 caste
444 564 476 588 et
500 557 681 588 verecunde
704 567 737 587 se
761 562 885 596 gerant,
919 567 959 586 nc
983 556 1009 586 si
1033 555 1108 596 quid
1131 557 1163 588 in

194 602 272 642 ipsis
296 607 389 641 turpe
414 601 464 631 vel
495 601 600 631 minus
630 599 781 631 decorum
813 604 981 639 appareat,
1012 599 1164 631 maiestas

193 654 358 676 sacrorum
382 644 559 674 minuatur.
605 642 682 673 Ideo
706 643 836 682 quidam
869 646 1037 682 exponunt
1061 643 1162 681 parti-

193 687 313 718 culam:
345 687 391 718 Ut
422 686 607 716 ministrent
637 686 670 716 in
701 686 889 723 sanctitate,
919 695 955 715 ac
984 684 1010 715 si
1042 683 1161 716 dictum

194 737 292 763 esset.
328 736 361 760 ut
386 730 457 769 puri
481 729 547 759 sint
571 728 609 759 ab
633 730 720 758 omni
745 728 887 765 macula,
918 737 977 757 nec
1005 727 1067 758 Dei
1096 728 1162 758 cul-

194 777 263 803 tum
294 773 474 813 profanent.
526 772 596 811 Ego
631 776 740 801 tamen
775 778 857 809 ΨἾἹΡ
888 780 946 810 pro
979 770 1162 801 sanctuario

194 816 295 855 accipi
316 816 462 852 arbitror,
486 814 584 854 idque
603 814 707 854 magis
727 818 776 844 est
794 814 984 853 genuinum.
1021 812 1163 844 Additur

194 865 302 889 autem
337 857 560 891 comminatio,
595 868 658 887 non
694 857 826 896 impune
861 856 986 887 laturos
1019 856 1045 887 si
1078 855 1162 888 hanc

193 901 452 932 observationem
478 900 698 940 neglexerint:
723 900 797 940 quia
820 899 924 930 scelus
948 899 979 929 in
1005 908 1038 929 se
1062 899 1162 930 susci-

194 944 291 985 pient.
338 944 404 974 Nec
428 944 563 974 mirum:
588 942 716 982 quando
740 942 845 973 omnis
868 941 994 972 incuria
1017 946 1049 972 et
1072 952 1162 973 secu-

194 987 274 1018 ritas
303 986 336 1016 in
366 987 466 1017 sacris
497 985 692 1027 peragendis
724 985 762 1016 ad
793 989 1015 1024 contemptum
1046 984 1108 1015 Dei
1132 989 1163 1015 et

193 1031 389 1069 impietatem
415 1029 546 1060 accedit.
592 1029 766 1060 Caeterum
797 1027 880 1068 quod
911 1038 987 1058 mox
1018 1027 1163 1067 sequitur

194 1073 232 1103 de
266 1073 335 1103 iure
370 1072 421 1102 vel
457 1076 579 1103 statuto
613 1076 785 1111 perpetuo,
820 1081 885 1102 non
920 1070 1002 1101 bene
1032 1069 1162 1109 quidam

193 1115 277 1156 (meo
301 1114 433 1156 iudicio)
457 1115 496 1146 ad
518 1121 723 1154 praeceptum
744 1113 782 1144 de
802 1113 1010 1144 femoralibus
1028 1113 1161 1143 restrin-

191 1163 288 1198 gunt:
313 1169 413 1197 quum
439 1158 509 1189 aliis
529 1168 656 1197 quoque
676 1156 845 1188 sacerdotii
865 1155 1010 1197 partibus
1030 1166 1162 1196 respon-

192 1201 275 1232 deat.
329 1201 536 1232 Generaliter
573 1211 650 1240 ergo
688 1200 884 1240 pronunciat
915 1198 1020 1235 Deus,
1058 1199 1162 1239 legem

191 1255 224 1275 se
254 1244 338 1274 ferre
369 1255 432 1274 non
457 1244 566 1284 exigui
595 1243 761 1283 temporis⁷
796 1242 851 1274 sed
876 1252 956 1282 quac
980 1252 1106 1281 semper
1128 1241 1162 1272 in

191 1286 433 1330 electoypopulo
458 1287 568 1326 vigere
592 1286 716 1317 debeat.
762 1285 858 1317 Unde
892 1285 1074 1325 colligimus
1108 1295 1162 1315 vo—

189 1341 258 1361 cem
283 1332 357 1366 mm
386 1331 511 1369 quoties
536 1329 573 1360 de
598 1329 720 1360 umbris
744 1328 903 1368 legalibus
926 1329 1042 1368 agitur,
1065 1328 1163 1358 finem

191 1373 337 1412 accipere
366 1373 399 1402 in
433 1373 555 1403 Christi
591 1372 742 1403 adventu.
789 1372 833 1402 Et
862 1375 950 1401 certe
980 1371 1058 1401 haec
1088 1380 1164 1400 vera

191 1422 239 1446 est
268 1416 545 1446 caeremoniarum
570 1415 777 1455 perpetuitas,
812 1418 849 1445 ut
870 1414 905 1444 in
930 1413 1078 1449 Christo,
1110 1413 1163 1453 qui

189 1470 300 1489 earum
332 1458 435 1489 solida
463 1463 510 1489 est
534 1459 655 1489 veritas
689 1462 722 1488 et
744 1457 943 1494 substantia,
975 1456 1162 1487 consistant.

191 1501 278 1540 Quia
309 1502 394 1532 enim
422 1502 455 1532 in
479 1501 612 1532 Christo
636 1501 766 1531 demum
791 1500 975 1531 exhibitum
1000 1503 1049 1530 est
1079 1498 1164 1539 quod

191 1549 270 1575 tune
294 1544 352 1575 sub
377 1545 500 1575 umbris
524 1543 719 1575 delineatum
750 1543 826 1580 fuit,
858 1554 894 1573 eo
925 1542 1056 1573 stabiles
1088 1546 1165 1573 sunt

191 1589 315 1627 figurae
339 1587 422 1624 illae,
447 1586 530 1626 quod
554 1592 625 1627 post
644 1597 753 1618 rerum
778 1586 1070 1616 manifestationem
1085 1595 1164 1615 usus

192 1641 302 1661 earum
328 1630 432 1661 desiit.
457 1630 559 1669 quue
582 1630 646 1660 iam
671 1630 746 1660 olim
771 1640 790 1660 a
808 1628 938 1660 Davide
961 1627 1163 1668 praedictum

190 1673 291 1704 fuisse
316 1673 473 1709 vidimus,
509 1673 560 1704 ubi
586 1673 713 1704 levitico
736 1671 915 1703 sacerdotio
938 1670 1024 1702 aliud
1049 1681 1163 1702 secun-

192 1716 268 1746 dum
296 1716 442 1747 ordinem
465 1716 706 1747 Melchisedech
732 1715 887 1755 subrogat
908 1714 1007 1755 (Psal.
1031 1714 1101 1753 110,
1120 1712 1162 1755 4).

192 1759 325 1790 Honore
349 1769 461 1790 aucem
486 1759 643 1790 translato
674 1758 725 1800 (ut
754 1758 832 1789 scite
864 1758 955 1789 docet
986 1757 1162 1797 Apostolus

193 1801 291 1844 [Heb.
317 1802 345 1837 7,
372 1801 440 1843 12])
469 1802 521 1832 ius
548 1813 674 1842 quoque
703 1806 736 1832 et
763 1805 885 1832 statuta
914 1801 1022 1831 omnia
1057 1805 1161 1830 trans-

191 1846 269 1875 ferri
293 1856 423 1876 necesse
448 1851 504 1876 est.
543 1845 680 1876 Cessant
704 1855 780 1884 ergo
800 1843 895 1874 hodie
920 1849 1045 1874 veteres
1064 1843 1160 1873 ritus:

195 1889 269 1927 quia
304 1888 466 1928 spirituali
500 1888 626 1919 Christi
657 1887 834 1918 sacerdotio
870 1897 934 1917 non
959 1885 1167 1917 conveniunt.

195 1931 234 1961 In
281 1941 343 1971 quo
389 1942 422 1961 sc
464 1930 569 1970 prodit
610 1931 731 1970 duplex
772 1930 979 1970 sacrilegium
1020 1934 1169 1968 papatus,

195 1975 325 2013 quando
355 1974 424 2004 ausi
461 1979 537 2004 sunt
561 1973 707 2004 homines
731 1972 885 2003 mortales
909 1972 1034 2003 Christi
1063 1981 1167 2002 sacer-

197 2017 292 2054 dotio,
317 2023 468 2056 tanquam
504 2016 633 2053 caduco,
668 2016 756 2047 aliud
789 2016 922 2046 tertium
958 2014 1168 2046 substituere:

195 2066 227 2091 ct
250 2060 388 2090 Iudaeos
412 2070 582 2100 perperam
606 2059 773 2097 imitando,
801 2058 1022 2090 caeremonias
1045 2067 1168 2088 coacer-

194 2108 324 2138 varunt,
360 2114 441 2142 quae
466 2103 585 2133 directe
610 2107 759 2143 pugnant
781 2112 855 2133 cum
880 2106 999 2132 natura
1022 2099 1168 2131 sacerdo-

195 2146 231 2176 tii
263 2145 397 2176 Christi.
451 2146 629 2185 Excipiunt
664 2144 810 2185 quidem,
842 2154 974 2175 manere
1003 2143 1168 2183 integrum

196 2188 319 2219 Christi
355 2188 587 2225 sacerdotium,
624 2188 773 2227 quamvis
806 2187 996 2218 innumeros
1029 2186 1169 2217 habeant

197 2232 376 2262 sacrificos:
401 2231 455 2261 sed
480 2232 525 2261 ita
549 2231 812 2271 tergiversando,
844 2232 963 2261 frustra
987 2228 1067 2260 elabi
1098 2234 1173 2258 ten--

199 2280 279 2305 tant.
311 2275 394 2304 Nam
418 2274 444 2304 si
469 2274 500 2304 in
526 2273 704 2305 sacerdotio
730 2273 823 2313 legali
845 2273 1020 2312 quidquam
1040 2276 1167 2302 mutare

199 2317 248 2348 vel
281 2328 399 2347 novare
430 2317 518 2347 nefas
551 2317 623 2353 fuit,
656 2321 776 2356 quanto
801 2316 907 2346 minus
932 2315 1021 2346 licuit
1045 2314 1166 2345 Christi

199 2360 412 2390 sacerdotium
439 2360 626 2390 adventitiis
652 2360 814 2399 figmentis
838 2368 1053 2398 corrumpere,
1077 2358 1167 2388 cuius

200 2408 306 2432 tarnvn
333 2403 502 2440 inti-grum
527 2403 704 2433 inviolabili
726 2403 787 2432 Dei
812 2401 1020 2432 iureiurando
1044 2400 1168 2430 sancita

200 2446 270 2475 est?
310 2446 429 2475 Filium
463 2445 639 2484 alloquitur
669 2451 778 2485 pater:
813 2445 861 2475 Tu
891 2455 925 2474 cs
956 2443 1104 2474 sacerdos
1135 2442 1165 2471 in

200 2496 386 2518 aetornum:
410 2489 484 2527 quid
511 2488 625 2527 nugari
650 2488 751 2523 iuvat,
777 2488 852 2517 dum
877 2487 1051 2517 innumera
1074 2484 1168 2515 turba

201 2538 346 2567 creatur,
378 2531 510 2561 vbi-isto
545 2531 624 2561 nihil
661 2530 836 2561 decedere?
883 2529 1051 2568 Quomodo
1090 2528 1196 2566 haec¹

201 2573 285 2603 inter
309 2586 341 2603 so
364 2575 578 2611 consentiunty
603 2580 735 2603 unctum
761 2574 860 2603 fuisse
884 2578 920 2603 ut
943 2583 1001 2612 per
1019 2570 1168 2610 spiritum

202 2626 234 2645 se
259 2618 397 2652 oth-rm,
429 2617 535 2647 otl'crri
562 2624 669 2646 tamen
695 2616 734 2646 ab
758 2615 852 2646 aliis?
886 2616 981 2646 unica
1009 2613 1168 2644 oblatione

201 2659 298 2689 fuiss--
322 2658 507 2689 ‹lassant-tuin
542 2659 580 2689 ad
614 2659 740 2698 plenam
773 2659 937 2694 iustitiam,
973 2661 1005 2688 et
1028 2654 1169 2696 quotidie

886 205 1141 238 SECUNDUM
1164 207 1488 240 PRAECEPTUM.

2121 207 2183 238 436

1217 301 1350 332 offerri?
1379 301 1450 332 Iam
1475 302 1500 332 si
1525 301 1634 332 nullus
1656 301 1752 331 hodie
1775 300 1942 340 legitimus
1965 305 2013 331 est
2036 301 2184 333 sacerdos

1217 345 1277 375 nisi
1309 345 1362 384 qui
1391 344 1424 375 in
1455 355 1488 375 se
1518 343 1616 374 habet
1647 343 1730 383 quod
1754 342 1918 374 veteribus
1942 343 2054 383 figuris
2077 349 2184 375 osten-

1218 397 1290 418 sum
1315 387 1392 424 fuit,
1422 387 1584 417 sacrificos
1607 387 1777 426 proferant
1800 386 1946 426 angelica
1969 386 2110 425 puritate
2133 397 2185 418 or-

1217 434 1324 467 natos,
1361 435 1393 461 et
1424 430 1513 469 quasi
1545 433 1732 469 segregatos
1762 439 1801 459 ex
1831 428 2002 459 hominum
2033 439 2184 460 numero:

1217 473 1334 513 alioqui
1363 471 1537 512 repudiare
1560 471 1699 502 liberum
1724 470 1787 502 erit
1810 472 1992 511 quicunque
2015 471 2069 502 vel
2092 472 2186 503 mini-

1216 525 1269 546 mo
1297 515 1376 546 vitio
1405 515 1566 554 inquinati
1598 518 1702 545 erunt.
1753 513 1842 544 Hinc
1872 514 1969 545 etiam
2000 518 2107 544 ortum
2137 518 2186 546 est

1216 558 1393 589 secundum
1414 557 1636 597 sacrilegium:
1661 555 1746 596 quod
1766 557 1888 588 scilieet
1907 557 2068 597 evangelii
2091 557 2186 588 clari-

1216 604 1314 632 tatem
1340 611 1423 632 novo
1446 600 1612 631 Iudaismo
1643 599 1780 630 obruere
1810 599 1881 630 ausi
1912 603 1998 630 sunt.
2040 599 2186 631 Deerant

1216 643 1279 675 illis
1297 644 1404 674 omnia
1429 642 1468 674 ad
1493 653 1585 673 suum
1610 642 1824 674 sacerdotium
1849 642 2061 682 probandum.
2096 643 2186 683 Ergo

1215 687 1374 726 optimum
1391 685 1617 726 compendium
1642 685 1702 716 fuit
1723 685 1884 716 immensa
1907 685 2185 716 caeremoniarum

1215 729 1366 770 congerie
1395 739 1485 759 suam
1517 728 1695 759 vanitatem
1726 728 1908 759 involvere:
1941 739 1977 759 ac
2007 728 2034 758 si
2057 727 2185 760 nebulis

1214 771 1319 803 lucem
1352 772 1572 803 obscurarent.
1619 770 1692 810 Quo
1721 771 1825 811 magis
1855 770 2036 802 cavendum
2068 775 2118 802 est
2145 782 2186 802 ne

1215 814 1326 846 fideles
1350 826 1368 846 a
1391 825 1473 854 puro
1497 814 1621 845 Christi
1645 814 1797 844 instituto
1822 813 2033 854 degenerent,
2059 814 2086 845 si
2109 824 2185 845 eum

1214 858 1349 898 cupiunt
1372 857 1491 888 habere
1515 856 1647 888 unicum
1673 860 1705 887 et
1728 860 1896 888 aeternum
1919 856 2140 888 mediatorem.

1504 1028 1567 1059 EX
1591 1026 1742 1058 EXODI
1765 1026 1898 1058 XXIX.

1303 1114 1329 1145 1.
1362 1114 1428 1145 Hoc
1455 1123 1573 1153 quoque
1594 1113 1692 1152 facies
1715 1113 1760 1144 eis
1783 1113 1825 1144 ad
1847 1113 2106 1152 sanctificandum
2128 1123 2186 1152 eos,

1216 1159 1249 1188 ut
1276 1157 1447 1189 sacerdotio
1468 1157 1641 1196 fmzyantur
1663 1155 1750 1187 milii.
1799 1156 1884 1187 Tolle
1906 1157 2068 1189 iuvencum
2089 1167 2187 1188 unum

1213 1200 1315 1239 filium
1344 1199 1443 1236 bovis,
1474 1202 1501 1230 et
1523 1200 1634 1230 arietes
1656 1199 1734 1229 duos
1755 1199 1981 1230 immaculatos.
2027 1200 2055 1230 2.
2082 1199 2188 1231 Panes

1210 1245 1374 1282 praeterea
1409 1243 1655 1282 infermeiztatos,
1693 1244 1720 1272 et
1757 1242 1921 1281 placentas
1950 1243 2187 1282 iizfermeutatas

1216 1286 1332 1316 mirtas
1350 1285 1420 1321 oleo,
1444 1288 1471 1316 et
1493 1285 1608 1324 layaiza
1630 1284 1848 1324 irzfermentata
1871 1287 1961 1316 uncta
1984 1285 2062 1317 oleo.-
2083 1295 2122 1316 θα)
2143 1285 2187 1316 si-

1216 1328 1293 1359 mila
1316 1329 1432 1359 triticea
1456 1328 1553 1367 facies
1576 1338 1620 1358 ea.
1667 1328 1694 1357 3.
1721 1327 1878 1366 Ponesque
1901 1337 1936 1358 ea
1959 1328 1993 1358 in
2015 1329 2187 1359 canistrum

1217 1381 1330 1407 unum,
1361 1373 1387 1402 et
1409 1372 1516 1410 offeres
1539 1380 1574 1401 ea
1597 1370 1630 1400 in
1654 1371 1804 1407 canistro,
1827 1380 1891 1401 una
1914 1380 1981 1401 cum
2003 1371 2137 1408 iuvenco,
2161 1373 2188 1401 et

1217 1414 1334 1446 duobus
1363 1413 1521 1445 arietibus.
1574 1413 1602 1443 4.
1638 1414 1718 1443 Tum
1749 1413 1929 1444 Aliaroriem
1956 1416 1982 1444 et
2008 1413 2091 1453 filios
2118 1414 2188 1445 eius

1219 1457 1355 1488 accedere
1383 1456 1480 1496 facies
1511 1456 1550 1487 ad
1573 1456 1684 1486 ostium
1707 1456 1895 1487 tabernaculi
1917 1457 2137 1495 conventionis,
2160 1458 2188 1488 et

1219 1499 1339 1531 lavabis
1368 1510 1417 1530 cos
1444 1509 1535 1538 aqua.
1589 1499 1617 1529 ἴ).
1650 1499 1691 1529 Et
1722 1499 1853 1538 accipies
1882 1501 1988 1536 vestes,
2019 1499 2187 1539 {nauesque

1220 1542 1351 1573 Altaron
1369 1542 1513 1578 tunicam,
1537 1544 1564 1572 et
1582 1541 1717 1580 pallium
1739 1542 1844 1581 ephod,
1866 1544 1894 1572 et
1916 1541 2011 1581 ephod
2027 1542 2188 1581 pectorale,

1220 1586 1379 1625 cilicesque
1409 1595 1477 1615 eum
1505 1584 1620 1615 baltheo
1643 1584 1746 1624 ephod.
1789 1585 1817 1615 6.
1845 1584 1945 1616 Fortes
1962 1587 2124 1624 praeterea
2146 1585 2188 1616 ci—

1221 1628 1325 1659 darim
1355 1638 1448 1667 super
1477 1629 1569 1666 caput
1598 1628 1682 1658 eius.-
1714 1637 1854 1659 coronam
1883 1630 1985 1659 autem
2015 1627 2188 1659 sanctitatis

1216 1681 1313 1710 pones
1346 1681 1440 1710 svper
1472 1670 1613 1700 cidarim.
1672 1672 1697 1700 7.
1737 1670 1893 1701 Postremo
1926 1671 2057 1710 accipies
2090 1671 2188 1702 oleum

1220 1714 1389 1751 auctionis,
1419 1715 1445 1743 et
1472 1713 1585 1751 fundes
1607 1723 1702 1752 super
1724 1715 1817 1751 eaput
1838 1714 1920 1752 eius,
1943 1717 1970 1746 et
1991 1723 2087 1754 unqe-3
2108 1724 2186 1745 eum.

1222 1757 1250 1788 8.
1278 1756 1350 1787 Post
1372 1756 1445 1786 haec
1465 1756 1548 1794 filios
1571 1756 1638 1787 eius
1661 1756 1799 1786 accedere
1818 1756 1931 1795 facies,
1955 1759 1981 1787 et
2004 1757 2114 1788 indues
2137 1766 2187 1788 eos

1220 1800 1349 1830 tunicas.
1395 1799 1424 1830 9.
1450 1798 1616 1838 (Jozyesque
1644 1799 1714 1829 illos
1743 1798 1874 1836 baltheo,
1906 1799 2038 1831 Aharon
2060 1802 2088 1830 et
2105 1799 2189 1839 fiilios

1221 1844 1304 1879 eius,
1335 1844 1361 1872 et
1383 1841 1504 1881 aptabis
1528 1842 1573 1872 eis
1590 1841 1705 1880 pileos,
1731 1844 1757 1872 et
1779 1842 1837 1872 erit
1859 1843 1903 1872 eis
1926 1843 2132 1874 sacerdotium
2156 1842 2190 1873 in

1221 1887 1368 1916 statutum
1386 1886 1583 1923 perpetuum,
1617 1883 1817 1923 implebasque
1839 1895 1965 1916 niarium
1988 1885 2133 1923 Alimon,
2163 1887 2190 1916 et

1221 1937 1347 1958 mamaem
1364 1927 1501 1965 filiorum
1523 1927 1598 1957 eins.
1636 1927 1684 1957 10.
1709 1926 1753 1957 Et
1775 1928 1881 1966 offeres
1903 1928 2063 1959 iuvencum
2085 1938 2189 1959 coram

1221 1970 1414 2002 tabernaculo
1443 1970 1663 2007 conventionis,
1695 1970 1907 2010 imponentque
1929 1970 2060 2001 Altaron
2082 1973 2110 2002 et
2127 1971 2190 2010 filii

1221 2014 1288 2045 eius
1305 2023 1417 2043 manus
1436 2022 1511 2043 suas
1533 2022 1627 2050 super
1649 2015 1739 2051 eaput
1762 2013 1890 2044 iuvenci.
1925 2014 1972 2043 11.
2001 2013 2087 2044 Tunc
2108 2023 2189 2044 mac-

1222 2056 1301 2087 tabis
1330 2056 1488 2086 iiweaeum
1517 2064 1620 2085 coram
1645 2055 1756 2085 leima-a
1786 2055 1828 2086 ad
1856 2056 1969 2086 ostium
2000 2056 2189 2087 tabernaculi

1221 2099 1432 2130 conventionis.
1479 2098 1526 2128 12.
1552 2098 1753 2137 Aceipiesque
1781 2109 1796 2128 e
1825 2099 1979 2138 sarzyuirze
2001 2099 2133 2136 iuvenci,
2162 2101 2189 2130 et

1216 2152 1311 2182 pones
1329 2151 1421 2180 super
1437 2150 1552 2171 cornua
1570 2140 1681 2170 altaris
1704 2141 1799 2180 diyito
1821 2144 1888 2171 tuo:
1911 2141 2065 2180 reliquum
2088 2144 2188 2172 autem

1220 2185 1402 2224 sanquinem
1422 2183 1536 2223 fundes
1559 2183 1599 2213 ad
1617 2183 1852 2222 fundamentum
1875 2184 1995 2214 altaris.
2043 2184 2090 2215 13.
2120 2184 2187 2215 Tol--

1220 2227 1320 2265 les-que
1347 2236 1463 2257 omnem
1491 2226 1615 2264 adipem
1638 2226 1819 2264 operientem
1842 2227 2001 2264 intestina,
2030 2230 2056 2257 et
2078 2228 2186 2258 reticu-

1221 2270 1283 2300 lum
1312 2269 1391 2308 qaod
1421 2271 1463 2299 est
1491 2278 1586 2307 super
1608 2269 1706 2305 iecur,
1739 2271 1765 2298 et
1788 2269 1865 2299 duos
1884 2279 1986 2305 renes,
2014 2272 2041 2300 et
2064 2270 2186 2309 adipem

1221 2313 1274 2352 qui
1292 2315 1334 2343 cst
1352 2322 1445 2351 super
1463 2311 1540 2347 illos,
1562 2313 1589 2340 et
1608 2311 1749 2342 incendes
1767 2321 1800 2341 ca
1820 2321 1914 2350 super
1936 2312 2042 2343 altare.
2074 2312 2122 2344 14.
2143 2313 2189 2344 At

1220 2365 1340 2386 carnem
1364 2354 1493 2390 iuvenci,
1517 2356 1543 2383 et
1560 2353 1672 2392 pellem
1696 2354 1770 2391 eius,
1792 2354 1960 2393 fimumque
1982 2356 2048 2385 eius
2070 2355 2186 2387 combu-

1220 2408 1270 2428 res
1303 2398 1368 2437 tyni
1400 2400 1485 2427 arti-a
1519 2398 1638 2426 eastra:
1671 2396 1861 2435 sacrificium
1888 2408 1949 2436 pro
1978 2401 2101 2436 peecata
2134 2401 2186 2430 est.

1223 2440 1270 2471 15.
1285 2440 1422 2471 Arietem
1440 2449 1556 2478 quoque
1574 2439 1703 2469 alterum
1726 2440 1866 2479 accipies,
1888 2443 1914 2469 et
1936 2441 2088 2480 imponent
2101 2441 2188 2472 Alta-

1220 2494 1275 2513 ron
1316 2485 1341 2512 et
1372 2482 1433 2520 filii
1466 2482 1532 2512 eius
1565 2492 1677 2512 manus
1711 2492 1787 2513 suas·
1819 2493 1912 2521 super
1944 2486 2035 2522 caput
2068 2484 2186 2515 arietis.

1222 2526 1270 2556 16.
1291 2526 1316 2555 T
1315 2535 1373 2555 unc
1384 2524 1532 2555 mactabis
1550 2525 1684 2561 arietem,
1704 2525 1893 2564 «capiasque
1910 2527 2093 2566 sanquinem
2111 2527 2187 2563 eius,

1221 2571 1246 2599 et
1281 2578 1422 2607 asperatus·
1459 2578 1554 2606 super
1581 2567 1679 2597 altare
1704 2578 1760 2606 pter
1788 2569 1958 2600 circuitum.
2014 2569 2060 2600 17.
2092 2569 2186 2600 Arie-

1221 2614 1278 2641 tem
1297 2613 1395 2641 autem
1415 2610 1550 2640 concides
1569 2611 1601 2640 in
1623 2610 1728 2649 frusta
1750 2621 1823 2647 sua,
1853 2614 1879 2642 et
1901 2611 2021 2642 lavabis
2042 2612 2188 2643 intestina

1222 2654 1305 2690 eim,
1336 2663 1488 2691 cruraque
1517 2653 1599 2690 eius,
1630 2655 1655 2683 ct
1673 2663 1768 2692 pones
1794 2664 1887 2693 super
1913 2655 2019 2694 frusta
2049 2655 2131 2692 eius,
2160 2657 2188 2686 et
