2304 3034
194 207 257 238 459

195 302 283 332 cebat
313 304 484 336 antequam
508 305 547 325 ex
572 294 703 325 victima
726 291 848 332 aliquid
873 296 1048 332 gustarent.
1093 292 1158 323 Eos

195 354 271 378 ergo
289 342 342 381 qui
364 351 420 379 per
443 337 686 377 incogitantiam
710 335 791 375 lapsi
816 334 944 371 fuerint,
968 334 1057 365 iubet
1069 334 1159 366 Deus

196 378 245 417 ad„
258 382 453 423 expiandum
476 380 643 416 delictum,
666 378 826 410 sacerdoti
848 377 1041 408 tantundem
1066 378 1158 408 resti-

195 436 301 463 tuere,
333 431 363 455 et
396 423 513 455 addere
544 422 690 462 quintam
723 426 856 461 partem.
903 420 1005 460 quue
1028 420 1061 450 in
1086 430 1159 451 eum

195 480 288 510 quem
323 468 464 498 diximus
499 466 612 496 finem:
649 475 688 495 ne
720 464 746 494 si
783 474 833 494 res
864 462 934 493 Deo
963 463 1086 494 oblatae
1121 463 1159 493 ad

195 521 398 544 communem
423 519 516 540 usum
540 507 705 548 expositae
737 506 891 544 fuissent,
925 506 1162 545 profanesceret

195 555 318 595 religio,
364 552 458 591 Quod
483 557 593 591 postea
616 551 777 589 sequitur:
810 549 854 579 Et
877 559 942 579 non
963 548 1160 580 contamina-

196 599 276 629 bunt
296 596 573 631 sanctificationes,
599 593 637 624 de
660 593 738 632 ipsis
761 591 982 623 sacerdotibus
1004 591 1162 631 interpre-

198 648 256 671 tor.
304 639 464 670 Cohaeret
494 637 578 667 enim
610 637 687 667 haec
711 635 872 666 sententia
895 644 969 665 cum
993 635 1163 674 superiori-

195 683 271 720 bus,
308 682 360 713 ubi
390 691 494 712 sermo
521 679 559 710 ad
589 679 672 710 solos
705 677 888 709 sacerdotes
918 677 1060 708 directus
1092 677 1161 708 fuit.

199 725 293 765 Quod
327 725 441 755 melius
471 723 638 754 confirmat
664 721 832 761 proximus
855 730 986 757 versus,
1015 719 1068 750 ubi
1092 730 1163 759 pro-

196 769 327 800 nunciat
345 772 447 798 totum
468 766 621 806 populum
642 775 732 795 reum
753 764 819 794 fore
839 762 1040 793 sacerdotum
1061 763 1164 803 culpa,

197 813 223 843 si
248 821 355 842 sacras
378 809 555 840 oblationes
580 807 763 847 polluerint.
807 807 862 837 Sic
887 806 972 837 enim
998 805 1093 836 verba
1118 816 1166 837 ac-

197 855 297 895 cipio:
321 853 369 884 Ne
389 852 505 892 populo
526 851 694 890 imponant
715 850 928 889 iniquitatem,
953 848 1004 879 vel
1029 858 1164 888 poenam

198 897 314 933 delicti,
340 897 364 926 si
388 894 549 925 immundi
574 905 623 924 res
639 894 707 924 Deo
731 893 855 923 oblatas
878 891 1056 932 attigerint.
1083 891 1164 922 Nam

199 940 292 972 sicuti
317 938 442 969 medius
467 942 514 968 est
538 937 723 976 pacificator
746 936 903 971 sacerdos,
929 940 966 965 ut
980 935 1084 965 Deum
1109 936 1165 964 ho-

199 982 338 1014 minibus
364 981 565 1012 reconciliet:
590 980 634 1010 ita
659 979 728 1010 eius
753 979 903 1018 impietas
933 977 1095 1017 piaculum
1119 982 1165 1008 est

198 1036 375 1061 commune⁷
399 1023 482 1063 quod
503 1023 581 1053 alios
605 1032 717 1053 omnes
741 1028 832 1052 reatu
856 1021 1038 1061 obstringit.
1074 1019 1167 1059 Quod

199 1068 345 1099 nonnulli
369 1072 514 1104 vertunt,
539 1076 579 1096 ne
603 1076 636 1095 se
660 1071 805 1101 onerent,
830 1063 927 1094 latius
949 1070 998 1094 est
1021 1073 1056 1094 ae
1078 1073 1168 1103 pror—

200 1122 254 1142 sus
284 1115 479 1141 contortum.
526 1108 671 1139 Tandem
701 1108 819 1138 iterum
851 1106 1045 1146 pronunciat
1070 1106 1167 1143 Deus,

199 1164 256 1194 pro
276 1151 503 1193 magnitudine
522 1151 663 1188 honoris,
687 1161 749 1190 quo
769 1151 856 1190 ipsos
880 1149 1032 1190 dignatus
1055 1149 1168 1187 fuerat,

199 1196 331 1238 gravius
354 1196 422 1226 fore
445 1195 569 1227 crimen
593 1200 624 1224 et
648 1194 756 1224 minus
779 1192 978 1231 excusabile⁷
1007 1192 1069 1223 nisi
1092 1201 1168 1222 suae

199 1239 360 1271 vocationi
385 1238 612 1279 respondeant.

512 1417 573 1447 Ex
600 1415 749 1447 EXODI
773 1415 851 1447 XX.

286 1513 336 1543 26.
363 1512 435 1543 Non
462 1512 608 1543 ascendes
635 1521 694 1549 per
721 1511 842 1550 yradus
871 1510 913 1541 ad
939 1509 1039 1540 altare
1061 1518 1168 1544 meum,

199 1566 236 1587 ne
254 1556 410 1596 cleteyatar
432 1555 590 1594 turpitudo
611 1556 664 1584 tua
685 1554 775 1584 iuxta
799 1553 886 1584 illud.

286 1650 335 1680 26.
370 1650 441 1681 Non
471 1650 623 1681 ascendes.
670 1647 779 1687 Quum
811 1646 1040 1678 verecundiam
1069 1655 1171 1676 sacer-

202 1693 330 1724 dotibus
359 1693 561 1733 praeceperit
594 1693 683 1723 Deus
714 1696 780 1721 tota
810 1690 892 1726 vita,
924 1695 955 1720 et
978 1690 1011 1720 in
1034 1688 1171 1729 privatis

202 1736 398 1773 actionibus,
439 1735 519 1766 nihil
562 1736 680 1765 mirum
716 1734 742 1764 si
777 1744 809 1763 ln
846 1734 946 1764 sacris
980 1731 1172 1772 peragendis

201 1779 408 1819 praecipuam
429 1778 554 1809 honesti
576 1784 608 1808 et
627 1777 733 1808 decori
758 1786 867 1806 curam
892 1776 1041 1815 requirat.
1076 1774 1172 1805 Prius

201 1822 331 1861 quidem
359 1821 542 1852 sacerdotes
571 1820 674 1851 voluit
704 1819 912 1860 subligaculis
936 1818 987 1849 vel
1012 1817 1172 1848 femorali-

204 1866 261 1895 bus
274 1864 364 1895 indui
381 1864 457 1895 dum
470 1864 740 1904 ingrediebantur
759 1863 989 1895 sanctuarium.
1009 1860 1048 1891 ad
1062 1860 1172 1891 velan-

203 1907 259 1938 das
285 1914 392 1947 partes
415 1907 599 1947 pudendas:
631 1906 691 1937 hoc
714 1912 824 1936 tamen
848 1904 1005 1936 castitatis
1028 1903 1172 1944 symbolo

203 1950 348 1981 nondum
377 1955 562 1985 contentus,
596 1956 685 1980 vetat
711 1959 770 1988 per
792 1947 914 1988 gradus
937 1947 1109 1978 ascendere
1132 1944 1171 1976 ad

205 1993 322 2024 altare:
361 2004 401 2023 ne
431 1994 512 2024 forte
543 1992 745 2032 subligacula
775 1992 843 2031 ipsa
875 1996 1067 2031 appareant:
1098 1989 1173 2028 quia

204 2036 261 2066 tali
292 2042 466 2076 conspeetu
496 2035 636 2076 dignitas
666 2045 833 2066 sacrorum
860 2040 892 2065 et
916 2033 1028 2073 religio
1052 2032 1173 2062 minue-

205 2085 302 2110 retur.
345 2079 451 2110 Modis
475 2090 551 2118 ergo
575 2078 724 2109 omnibus
748 2077 908 2108 adducere
932 2075 1096 2107 Israelitas
1120 2084 1172 2105 vo-

206 2122 281 2158 luit,
314 2128 348 2152 ut
376 2123 409 2152 in
439 2122 527 2152 cultu
557 2121 686 2161 pietatis
710 2121 919 2160 integerrime
942 2124 973 2150 et
996 2117 1174 2150 castissime

205 2175 239 2195 se
262 2170 423 2205 gererent.

518 2342 581 2373 EX
606 2342 779 2374 NUMER.
805 2342 863 2373 VI.

891 197 1144 230 SECUNDUM
1166 197 1489 230 PRAECEPTUM.

294 2438 343 2468 22.
370 2437 409 2467 Ec
438 2438 580 2476 loquutus
610 2439 653 2468 est
677 2436 791 2467 Ielzova
814 2436 855 2467 ad
876 2433 999 2469 Mmmz,
1029 2431 1175 2463 dicendo:
1200 2429 1202 2459 l

210 2481 258 2510 23.
296 2481 457 2519 ‚illaqueare
493 2480 620 2510 ΑΙιανοη
656 2482 681 2509 et
710 2479 793 2517 lilios
826 2479 909 2515 eius,
950 2474 1091 2507 dicendo.-
1123 2474 1202 2504 Sic*

210 2523 387 2553 benedicetis
413 2524 491 2562 siliis·
524 2522 639 2558 Isi-aaz,
677 2522 802 2553 dicendo
833 2522 891 2552 eis:
924 2519 973 2550 24.
998 2516 1175 2548 'Benrvdicat

210 2566 265 2595 fibi
290 2566 409 2604 Idicra,
433 2569 458 2596 et
481 2566 631 2596 custodiat
655 2567 696 2596 te:
730 2565 780 2595 25.
809 2564 920 2594 Lucere
941 2562 1039 2602 faciat
1062 2560 1175 2590 Iehova

209 2609 319 2647 faciem
344 2620 433 2638 suam
456 2619 550 2647 super
573 2611 606 2643 te,
631 2610 656 2638 el
680 2608 863 2639 misereatur
886 2606 944 2636 tm.-
974 2604 1023 2634 26.
1050 2602 1175 2633 „mallan

215 2651 323 2681 lehara
349 2652 459 2690 faeiem
489 2661 579 2681 suam
610 2651 651 2681 (αἱ
677 2653 719 2687 te,
750 2654 776 2681 et
797 2649 961 2682 constituat
982 2646 1038 2677 tibi
1057 2655 1173 2685 pacem.

1200 2545 1202 2558 l

1200 2573 1203 2625 Ι

2113 194 2176 227 460

1211 292 1261 323 27.
1286 290 1329 322 Et
1344 293 1456 331 ponent
1479 300 1583 321 nomen
1606 299 1707 320 meum
1728 298 1822 328 super
1842 289 1923 327 filios
1942 287 2054 325 Israel,
2078 292 2104 321 et
2125 299 2176 330 eqo

1210 335 1383 366 benedicam
1405 334 1458 364 eis.

1297 420 1347 451 22.
1381 419 1424 449 Et
1454 419 1599 457 loquutus
1628 419 1670 447 est
1701 416 1824 447 Ieltova.
1879 415 1942 446 Hic
1979 426 2051 455 pars
2079 417 2177 448 officii

1213 462 1420 494 sacerdotalis
1439 460 1582 491 breviter
1600 460 1784 499 exponitur,
1804 459 1894 490 cuius
1913 459 2032 498 passim
2052 458 2086 489 in
2109 459 2179 500 lege

1215 507 1250 537 fit
1273 506 1404 536 mentio.
1449 504 1536 534 Dicit
1559 502 1646 533 enim
1672 502 1760 532 Deus
1784 512 1817 532 se
1840 512 1965 533 creasse
1989 500 2178 540 sacerdotes,

1214 549 1269 588 qui
1304 547 1421 588 populo
1458 546 1661 576 benedicant.
1714 544 1756 575 Et
1786 544 1849 575 huc
1879 544 2007 574 videtur
2037 544 2180 576 alludere

1215 592 1322 622 David
1347 591 1397 621 his
1421 589 1543 620 verbis:
1568 587 1796 619 Benedicimus
1819 587 1910 617 vobis
1933 597 1949 618 e
1973 586 2066 618 domo
2090 587 2181 618 Ieho-

1216 645 1276 665 vae
1306 633 1405 675 (Psal.
1432 632 1507 667 118,
1532 630 1595 672 26).
1641 630 1733 668 Quae
1757 629 1903 660 doctrina
1925 629 2071 670 apprime
2093 630 2182 661 utilis

1217 682 1282 707 est:
1314 682 1348 707 ut
1371 683 1458 707 certo
1482 678 1629 705 statuant
1649 673 1774 704 fideles:
1802 672 1909 703 Deum
1933 672 1994 704 sibi
2017 683 2086 703 esse
2109 683 2181 713 pro—

1216 720 1350 760 pitium⁷
1387 719 1462 749 dum
1498 722 1598 748 testes
1627 726 1663 747 ac
1692 725 1870 755 praecones
1899 715 2028 746 ordinat
2055 715 2184 756 paterni

1218 763 1267 793 sui
1303 773 1380 803 erga
1410 772 1463 791 eos
1494 759 1621 791 favoris.
1674 758 1893 789 Benedicendi
1923 758 2056 789 verbum
2087 769 2183 799 saepe

1218 805 1346 846 capitur
1370 815 1426 844 pro
1450 804 1529 834 bene
1554 802 1690 842 precari,
1724 801 1808 841 quod
1832 801 1971 832 officium
1995 801 2056 841 piis
2079 801 2183 832 omni—

1220 848 1278 879 bus
1308 857 1477 878 commune
1507 852 1564 876 est.
1618 844 1682 876 Sed
1712 844 1764 874 hic
1792 845 1876 874 ritus
1906 843 1956 885 (ut
1985 844 2082 883 paulo
2113 848 2185 884 post

1219 890 1412 930 videbimus)
1436 890 1548 919 efficax
1574 888 1633 918 fuit
1656 887 1875 918 testimonium
1898 887 2022 927 gratiae
2045 886 2124 917 Dei:
2149 896 2186 917 ac

1219 934 1244 964 si
1276 932 1506 964 benedictionis
1536 930 1725 961 mandatum
1756 940 1796 960 ex
1824 930 1893 960 eius
1923 940 1977 960 ore
2007 930 2186 969 perferrent

1219 976 1409 1008 sacerdotes.
1456 975 1527 1005 Hoc
1558 979 1664 1004 autem
1698 983 1775 1004 vere
1798 973 1829 1003 in
1853 972 1984 1003 Christo
2009 973 2105 1004 fuisse
2127 972 2186 1003 im-

1220 1020 1341 1060 pletum
1366 1018 1507 1049 ostendit
1520 1017 1626 1047 Lucas
1649 1016 1713 1057 (24,
1737 1015 1800 1057 50),
1825 1026 1922 1055 quum
1947 1020 2059 1046 narrat
2081 1016 2187 1055 ipsum

1221 1073 1336 1093 manus
1360 1060 1527 1092 sustulisse
1551 1070 1609 1099 pro
1633 1059 1757 1089 solenni
1781 1059 1861 1099 legis
1884 1059 1964 1095 ritu,
1989 1062 2026 1089 ut
2049 1057 2187 1098 discipu-

1220 1105 1258 1136 lis
1283 1104 1496 1135 benediceret.
1542 1103 1631 1143 Ergo
1654 1101 1704 1132 his
1728 1102 1835 1132 verbis
1859 1101 1935 1132 data
1957 1101 2018 1132 tuit
2034 1100 2187 1132 sacerdo-

1221 1149 1306 1178 tibus
1327 1147 1445 1187 legatio
1459 1147 1518 1177 Dei
1537 1156 1609 1176 cum
1630 1144 1747 1185 populo
1766 1143 2012 1175 reconciliandi:
2036 1143 2131 1184 idque
2152 1143 2189 1174 in

1222 1190 1345 1222 Christi
1366 1200 1511 1230 persona,
1533 1189 1585 1228 qui
1609 1188 1694 1218 solus
1718 1188 1841 1227 gratiae
1855 1186 1917 1217 Dei
1938 1191 1969 1217 et
1992 1186 2189 1218 benedictio-

1222 1234 1272 1264 nis
1300 1233 1434 1263 idoneus
1464 1237 1511 1262 est
1542 1241 1686 1271 sponsor.
1731 1230 1902 1269 Quatenus
1932 1240 2009 1270 ergo
2033 1234 2111 1260 tunc
2133 1240 2188 1271 ge—

1222 1276 1337 1307 rebant
1360 1283 1471 1315 typum
1494 1274 1624 1312 Christi,
1647 1273 1726 1305 iussi
1749 1278 1826 1303 sunt
1849 1273 1967 1313 populo
1990 1272 2188 1304 benedicere.

1224 1319 1290 1350 Sed
1319 1325 1431 1349 notatu
1463 1317 1598 1357 dignum
1630 1322 1678 1347 est
1708 1316 1793 1356 quod
1824 1316 1978 1346 iubentur
2008 1315 2093 1347 clare
2117 1325 2189 1356 pro-

1223 1362 1307 1393 ferre
1331 1360 1561 1392 benedictionis
1582 1360 1735 1397 formam,
1760 1369 1824 1390 non
1849 1364 1958 1389 autem
1980 1357 2115 1389 obscuro
2138 1369 2190 1389 su-

1223 1415 1317 1435 surro
1338 1410 1410 1435 vota
1432 1404 1608 1443 concipere.
1649 1402 1745 1434 Unde
1768 1401 1949 1442 colligimus
1970 1401 2191 1441 praedicatam

1224 1448 1324 1478 fuisse
1347 1447 1483 1487 gratian]
1508 1456 1604 1485 qnam
1628 1445 1766 1486 populus
1787 1445 1849 1475 fide
1874 1443 2142 1484 apprehenderet.

1310 1490 1359 1520 24.
1385 1489 1553 1520 Benedicat
1576 1489 1639 1519 abi.
1676 1487 1873 1520 Benedicere
1899 1487 1960 1518 Dei
1983 1487 2119 1518 actualis
2142 1494 2191 1519 est

1223 1533 1418 1568 liberalitas,
1449 1532 1523 1572 quia
1550 1542 1589 1561 ex
1613 1532 1681 1562 eius
1705 1531 1832 1567 favore,
1861 1535 2015 1570 tanquam
2039 1540 2081 1561 ex
2102 1530 2191 1561 fonte

1224 1577 1326 1611 unico,
1351 1575 1442 1606 nobis
1466 1575 1539 1605 fluit.
1563 1575 1721 1605 bonorum
1745 1573 1890 1604 omnium
1915 1573 2015 1613 copia.
2049 1572 2192 1604 Additur

1223 1618 1363 1650 seeundo
1388 1622 1423 1648 ut
1446 1617 1599 1657 populum
1624 1616 1798 1648 custodiat:
1823 1627 1885 1656 qua
1908 1615 2069 1656 particula
2091 1615 2192 1657 signi-

1224 1663 1297 1692 ficat
1328 1662 1461 1692 unicum
1490 1671 1523 1691 se
1554 1660 1706 1691 ecelesiae
1737 1659 1956 1696 defensorem,
1988 1664 2019 1689 et
2042 1659 2097 1699 qui
2120 1669 2192 1690 eam

1223 1703 1382 1744 praesidio
1413 1714 1470 1734 suo
1500 1708 1618 1733 tuetur.
1664 1703 1730 1733 Sed
1760 1703 1835 1742 quia
1865 1702 2039 1742 praecipua
2069 1702 2192 1742 gratiae

1224 1747 1286 1777 Dei
1310 1747 1432 1777 utilitas
1456 1752 1504 1776 est
1528 1745 1559 1776 in
1584 1746 1654 1785 ipso
1677 1756 1792 1782 sensu,
1824 1745 1969 1785 sequitur
1992 1749 2029 1775 ut
2051 1744 2194 1776 illustret

1225 1790 1338 1821 faciem
1373 1799 1474 1820 suam.
1526 1788 1617 1818 Nihil
1655 1789 1740 1819 enim
1770 1787 1810 1818 ad
1840 1798 2000 1819 summam
2030 1787 2193 1819 felicitatis

1224 1832 1395 1873 optabilius
1429 1841 1524 1871 quam
1558 1841 1709 1862 serenum
1742 1831 1803 1862 Dei
1835 1830 1959 1861 vultum
1989 1831 2192 1871 conspicere:

1224 1876 1316 1906 sicuti
1341 1876 1374 1905 in
1397 1874 1527 1905 Psalmo
1550 1873 1597 1914 (4,
1628 1873 1659 1914 7)
1683 1873 1815 1904 dieitur:
1840 1873 1938 1904 Multi
1958 1873 2085 1905 dieunt:
2110 1872 2194 1912 Quis

1224 1917 1371 1949 ostendet
1390 1917 1480 1948 nobis
1496 1916 1638 1947 bonum?
1666 1917 1756 1947 Leva
1772 1927 1868 1956 super
1882 1926 1941 1947 nos
1955 1916 2065 1947 lumen
2082 1916 2194 1948 vultus

1225 1961 1271 1992 tui
1286 1961 1431 1992 Domine.
1463 1960 1517 1991 Sic
1540 1959 1640 2000 igitur
1663 1959 1746 1990 hanc
1770 1959 1962 1999 particulam
1986 1959 2192 1999 interpretor,

1226 2010 1261 2034 ut
1291 2003 1410 2034 sentiat
1439 2012 1474 2033 ac
1504 2007 1613 2041 gustet
1644 2002 1780 2042 populus
1810 2001 2013 2033 dulcedinem
2039 2002 2192 2033 bonitatis

1227 2047 1297 2082 Dei,
1322 2056 1402 2086 quae
1420 2046 1525 2085 ipsum
1545 2045 1713 2082 exhilaret,
1733 2055 1797 2075 non
1817 2055 1908 2075 secus
1932 2054 1968 2074 ac
1987 2043 2064 2075 solis
2087 2044 2194 2084 splen-

1227 2089 1291 2125 dor,
1318 2089 1393 2119 dum
1418 2088 1574 2119 mundum
1598 2087 1734 2118 irradiat
1757 2097 1870 2118 sereno
1894 2087 1990 2118 coelo.
2029 2085 2093 2118 Sed
2118 2097 2193 2118 eon-

1227 2133 1319 2163 tinuo
1347 2136 1417 2172 post
1450 2131 1488 2161 ad
1519 2131 1656 2170 primam
1686 2140 1815 2160 causam
1845 2134 2017 2161 revocatur
2046 2130 2192 2170 populus,

1228 2185 1343 2214 nempe
1370 2174 1545 2214 gratuitam
1570 2173 1630 2203 Dei
1650 2171 1912 2208 misericordiam,
1932 2183 2013 2212 quae
2032 2172 2100 2203 sola
2119 2183 2192 2204 eum

1228 2218 1319 2248 nobis
1342 2216 1510 2256 conciliat,
1534 2217 1587 2255 qui
1611 2216 1730 2255 alioqui
1754 2216 1868 2245 merito
1892 2220 2001 2245 nostro
2025 2215 2116 2246 exosi
2140 2226 2193 2247 su-

1227 2271 1298 2291 mus
1317 2271 1353 2291 ac
1373 2258 1585 2290 detestabiles.
1617 2258 1711 2297 Quod
1735 2262 1846 2297 postea
1868 2258 2030 2297 sequitur:
2055 2258 2194 2290 Attollat

1228 2304 1339 2333 faciem
1371 2313 1461 2333 suam
1493 2301 1533 2332 ad
1564 2306 1611 2337 te,
1640 2312 1679 2331 cx
1710 2301 1873 2331 communi
1904 2300 2081 2340 scripturae
2106 2311 2194 2333 more

1227 2346 1368 2385 positum
1398 2352 1460 2375 est:
1492 2350 1527 2374 ut
1551 2344 1640 2375 Deus
1668 2344 1774 2383 populi
1803 2344 1852 2373 sui
1876 2343 2072 2374 recordetur.
2119 2344 2194 2375 Non

1226 2388 1309 2428 quod
1329 2389 1361 2418 in
1382 2398 1455 2418 eum
1476 2387 1570 2418 cadat
1589 2386 1723 2417 oblivio:
1745 2386 1799 2416 sed
1820 2386 1894 2425 quia
1915 2391 2064 2426 putamus
2082 2397 2193 2418 curam

1228 2432 1327 2461 nostri
1358 2430 1532 2467 abiecisse,
1557 2430 1617 2459 nisi
1652 2439 1685 2459 re
1710 2429 1780 2468 ipsa
1809 2429 1921 2468 probet
1954 2439 1988 2460 se
2018 2428 2056 2459 de
2089 2429 2193 2461 salute

1228 2479 1338 2504 nostra
1362 2484 1431 2503 esse
1455 2473 1637 2503 sollicitum.
1684 2470 1827 2502 Tandem
1852 2472 2035 2509 subiicitur,
2060 2472 2106 2504 Ut
2129 2479 2193 2503 sta-

1228 2516 1319 2547 biliat
1343 2516 1458 2555 populo
1482 2525 1540 2546 sno
1570 2523 1699 2555 pacem:
1730 2514 1814 2554 quod
1846 2515 1899 2545 alii
1925 2514 2020 2554 paulo
2051 2516 2193 2555 apertius

1229 2564 1373 2593 vertunt,
1400 2559 1505 2589 Ponat
1529 2563 1560 2589 te
1582 2558 1614 2587 in
1640 2568 1759 2597 pacem.
1805 2557 1979 2588 Caeterum
2009 2568 2110 2597 quum
2134 2557 2192 2589 hoc

1228 2612 1343 2632 nomen
1369 2612 1430 2631 non
1457 2600 1550 2631 modo
1580 2601 1719 2640 quietem
1749 2604 1781 2630 et
1812 2600 2024 2640 tranquillum
2055 2605 2191 2632 statum:

1200 2650 1202 2666 <
1227 2644 1281 2675 sed
1306 2654 1417 2675 omnes
1450 2654 1617 2684 prosperos
1649 2653 1816 2674 successus
1847 2644 2024 2683 significet,
2055 2643 2193 2675 libenter
