2304 3034
186 146 247 176 135

186 237 423 278 superliminari
453 238 479 266 et
511 236 542 265 in
573 235 689 266 duobus
715 235 868 274 postibus,
902 238 971 267 tanc
1000 237 1155 268 transiliet

188 282 299 313 Ieleova
346 280 473 310 ῐαηιιαηι
508 278 614 314 illam,
654 288 750 317 neque
777 278 934 316 permittet
965 281 1149 310 vastatorem

188 323 308 365 111φέἰῖιῖ
331 323 434 353 domos
455 323 572 351 vestras
595 320 636 351 ad
654 321 897 359 percutiendum.
954 321 1003 352 24.
1035 321 1078 352 Et
1107 322 1153 353 ob-

187 366 350 399 servabitis
372 373 537 395 sermonem
559 362 638 394 hunc
659 363 692 393 in
715 363 853 401 edictum,
877 363 932 394 tibi
952 366 979 394 et
995 364 1072 403 filiis
1090 365 1154 396 tais

187 418 280 448 usqae
314 408 345 438 in
375 406 540 437 saeculnm.
593 405 642 436 25.
675 405 718 436 Et
744 416 839 445 quum
869 406 1002 446 inqressi
1029 407 1154 446 feceritis

187 455 299 482 terram
327 459 419 489 qaum
450 448 535 480 dabit
566 448 678 479 Ieltora
701 449 793 485 vobis,
825 449 904 479 sicut
920 449 1078 488 pollicitus
1101 453 1152 486 est,

186 497 256 525 tunc
278 492 474 523 obserrabitis
501 491 613 522 cultum
636 491 723 523 lame.
769 491 820 522 26.
844 491 887 522 Et
910 492 966 522 erit
989 502 1082 531 qaam
1104 493 1153 523 di·
1178 507 1180 526 1,

186 537 288 567 ,πω-1111
320 534 400 565 robis
428 533 490 572 fila·
515 535 622 564 vestri:
665 534 742 573 Quis
771 536 815 565 est
844 534 941 564 cultas
964 534 1012 565 hic
1037 535 1151 566 cester?

187 579 236 610 27.
265 578 350 608 Tune
372 577 488 613 dicetis,
517 576 588 608 llaec
611 579 654 607 est
678 577 788 608 oblatio
814 575 915 608 Pes-ala
939 576 1075 613 Iehovue,
1099 578 1153 617 qui

188 621 333 652 transivit
355 620 457 651 (lentos
478 619 615 658 filioram
636 619 739 650 lsrael
763 620 794 650 in
808 620 953 659 Aeyypto,
977 630 1153 660 0110011101·-

186 666 294 695 auteres
320 663 500 702 Aefflsptfzmt,
525 664 550 692 et
572 662 679 693 aranos
701 665 823 693 nostras
846 662 994 693 liberavit.
1041 662 1084 693 Et
1107 664 1153 693 in—

185 706 324 738 currerit
346 716 378 736 se
395 705 540 743 populus,
565 708 591 735 et
614 705 764 736 adoravit.
811 705 863 736 28.
883 705 1034 736 Abierant
1052 705 1154 744 itaque

186 752 213 780 et
235 749 370 788 fecerunt
391 748 453 786 filii
478 747 580 778 Israel
601 748 679 778 ..z-ient
708 750 906 787 praeceperat
930 747 1043 779 Iclzova
1067 748 1153 779 Most

185 795 212 823 et
237 791 387 827 Almroai,
410 791 463 827 sic,
488 791 629 829 inquam,
651 791 796 830 fecerunt,

273 876 365 915 Quae
389 876 427 906 ab
458 876 549 906 initio
573 876 687 916 eapitis
712 876 875 915 hucusque
899 876 1012 906 retulit
1036 876 1152 912 Moses,

186 920 260 960 quia
300 918 488 958 spectabant
530 919 568 949 ad
612 924 800 959 perpetuam
842 919 923 959 legis
964 919 1151 955 doctrinam,

188 974 271 993 nune
302 962 407 992 omisi:
443 967 553 1001 postea
575 962 714 992 inseram
746 972 803 992 suo
827 961 903 993 loco.
949 962 1020 992 Etsi
1045 968 1151 992 autem

186 1005 238 1036 hio
270 1015 394 1044 quoque
426 1005 463 1035 (10
495 1005 655 1044 paschatis
687 1004 913 1035 observatione
945 1005 1031 1035 Deus
1061 1015 1151 1044 prae-

185 1048 271 1088 cipit,
297 1054 469 1078 contexere
495 1054 602 1078 tamen
628 1048 658 1077 in
684 1047 818 1078 historia
843 1048 947 1079 visum
972 1047 1048 1077 fuit:
1079 1048 1152 1087 quia

185 1102 250 1122 non
274 1090 464 1130 simpliciter
488 1090 539 1121 hie
564 1090 654 1121 docet
684 1090 791 1121 Moses
826 1090 900 1130 quid
928 1091 1015 1121 Deus
1044 1100 1151 1121 saecu-

186 1134 224 1164 lis
248 1134 396 1163 omnibus
421 1144 437 1163 a
462 1132 577 1172 populo
602 1144 660 1164 5110
683 1133 806 1164 servari
828 1134 913 1170 velit,
934 1133 988 1163 sed
1010 1132 1084 1173 quid
1104 1144 1151 1164 50-

185 1177 248 1207 11101
272 1177 417 1216 oxegerit
441 1184 563 1206 narrat.
610 1176 766 1206 Monendi
797 1176 881 1206 enim
909 1182 985 1207 sunt
1008 1176 1151 1213 lectores,

185 1218 342 1259 quaedam
375 1218 565 1258 temporalia
588 1229 657 1249 esse
682 1224 866 1258 praecepta,
896 1219 1050 1258 quaedam
1075 1229 1151 1249 vero

186 1268 350 1302 perpetua⁷
371 1272 506 1301 quorum
527 1261 638 1292 eadem
658 1268 706 1292 est
725 1272 798 1292 eum
825 1262 895 1302 lege
915 1262 1005 1292 ratio.
1053 1261 1152 1292 Cuius

186 1305 233 1336 rei
258 1304 432 1335 dilucidum
458 1310 487 1334 et
513 1304 670 1335 familiare
698 1305 882 1343 exemplum
908 1306 937 1334 in
965 1305 1023 1335 hoc
1049 1305 1152 1344 capite

186 1348 369 1388 perspicere
405 1348 486 1378 lieet.
541 1347 710 1378 Hactenus
744 1348 830 1378 enim
864 1348 1011 1387 exposuit
1045 1347 1152 1378 Moses

187 1402 268 1430 quae
305 1391 445 1430 legitima
479 1396 563 1421 esset
597 1391 769 1430 quotannis
804 1401 860 1430 per
891 1401 1002 1421 01111105
1032 1395 1152 1421 aetates

186 1433 349 1474 paschatis
380 1432 577 1464 observatio:
614 1444 699 1464 nunc
734 1444 810 1464 vero
839 1433 990 1464 historice
1027 1437 1151 1463 tantum

186 1482 426 1513 commemorat,
450 1481 543 1506 nocte
562 1486 624 1516 qua
644 1486 794 1516 egressus
815 1484 863 1506 est
883 1475 1027 1516 populus,
1051 1486 1151 1515 popu-

186 1519 253 1549 lum
279 1519 456 1550 celebrasse
477 1518 597 1558 pascha
621 1530 659 1549 ex
684 1519 743 1549 Dei
768 1519 928 1550 mandato.
976 1519 1088 1558 Itaque
1111 1518 1153 1549 10-

188 1563 268 1593 viter
299 1562 515 1601 perstringam
547 1572 628 1600 quae
661 1562 710 1593 1110
741 1561 881 1593 5001111110
912 1562 979 1593 1000
1003 1566 1151 1602 repetun-

187 1611 256 1635 tur:
303 1605 376 1643 quia
418 1604 612 1635 commodior
655 1605 769 1644 plenae
803 1605 1026 1645 explicationis
1066 1604 1152 1635 100115

186 1648 247 1679 erit
278 1647 329 1677 ubi
366 1654 498 1678 ventum
530 1647 625 1678 tuerit
655 1647 693 1678 ad
724 1647 803 1688 legis
835 1648 1023 1679 doctrinam.
1079 1647 1152 1677 Vox

185 1691 255 1730 ipsa
279 1696 345 1722 ΠΞΞ
378 1690 549 1720 transitum
574 1690 745 1730 significat,
770 1701 832 1722 non
859 1691 976 1731 populi,
1001 1690 1048 1732 (ut
1073 1689 1153 1721 falso

184 1733 279 1764 multi
304 1733 473 1773 putarunt)
498 1732 551 1763 sed
572 1733 633 1763 Dei
657 1734 766 1772 ipsius7
790 1734 843 1773 qui
868 1733 977 1764 domos
990 1733 1152 1764 Israelita-

185 1787 257 1807 rum
281 1777 440 1806 immunes
460 1775 635 1815 praeteriit,
667 1787 767 1815 quum
792 1777 1007 1816 primogenita
1030 1775 1152 1807 occide-

183 1826 233 1849 ret
256 1819 289 1849 in
315 1824 380 1849 tota
403 1819 560 1858 Aegypto.
608 1818 694 1857 Quia
718 1830 794 1859 ergo
818 1821 864 1849 ira
889 1819 949 1850 Dei
974 1830 1054 1859 quae
1077 1824 1153 1849 tnnc

183 1862 288 1893 instar
308 1861 420 1892 diluvii
444 1862 571 1900 operuit
592 1866 692 1892 totam
705 1862 902 1903 Aegyptum,
924 1862 1089 1893 Israelitas
1104 1872 1152 1892 re-

185 1905 278 1944 liquit
299 1905 449 1941 intactos,
480 1905 667 1935 memoriale
688 1905 843 1935 transitus
862 1906 910 1936 sui
930 1905 1072 1936 instituit
1091 1914 1152 1944 quo

185 1947 267 1979 salvi
292 1953 322 1978 et
349 1947 525 1978 incolumes
556 1952 713 1978 steterant
733 1948 765 1978 in
785 1948 912 1988 publiea
932 1948 1030 1979 totius
1050 1948 1152 1988 regio-

185 1991 236 2021 nis
260 1989 357 2021 clade.
405 1990 585 2021 Transiisse
615 1989 743 2030 quidem
771 1991 866 2021 etiam
891 2001 949 2030 per
975 1990 1153 2031 Aegyptios

184 2033 310 2070 dicitur,
334 2043 412 2072 quos
431 2033 655 2073 primogenitis
676 2033 813 2065 orbavit:
834 2033 887 2064 sed
903 2033 1029 2065 diverso
1049 2032 1153 2071 modo,

760 140 1128 174 COMMENTARIUS
1153 143 1200 174 IN
1224 141 1372 173 EXODI
1396 141 1492 173 CAP.
1517 141 1597 174 XII.

185 2076 260 2116 quia
281 2075 391 2107 electis
404 2076 470 2106 suis
494 2076 644 2115 pepercit,
670 2087 706 2107 ac
725 2076 751 2107 si
771 2077 880 2117 procul
901 2077 1016 2107 remoti
1037 2080 1152 2113 essent,

185 2119 235 2150 vel
262 2119 338 2149 tutis
363 2118 491 2149 latebris
515 2119 658 2158 protecti.

270 2162 320 2192 21.
343 2160 387 2191 Et
412 2162 525 2192 vocavit
548 2161 651 2192 Most-s
673 2162 815 2193 seniores.
870 2162 1032 2203 Dirigitur
1062 2172 1154 2201 pecu-

186 2204 311 2235 liariter
335 2215 440 2234 sermo
465 2204 504 2234 ad
527 2204 687 2242 seniores,
722 2216 817 2244 quem
842 2204 956 2236 deinde
980 2205 1013 2235 in
1038 2204 1154 2245 vulgus

185 2247 362 2288 proferant.
408 2247 521 2286 Neque
546 2247 632 2278 enim
656 2248 751 2278 simul
785 2247 934 2279 exaudiri
968 2252 1091 2287 poterat
1120 2247 1153 2277 in

186 2296 276 2321 tanta
301 2289 517 2320 multitudine.
565 2289 724 2328 Quamvis
748 2295 857 2322 autem
878 2290 969 2321 foeda
992 2295 1076 2321 esset
1099 2300 1153 2329 po-

184 2333 255 2373 puli
279 2332 443 2372 dissipatio
467 2332 524 2363 sub
549 2333 619 2363 dira
643 2333 697 2364 illa
718 2333 901 2374 tyrannide,
927 2333 1028 2364 voluit
1046 2337 1153 2363 tamen

189 2376 276 2406 Deus
300 2375 422 2415 aliquas
446 2375 568 2406 ordinis
593 2376 743 2415 reliquias
775 2387 921 2411 manere,
955 2387 1012 2407 nee
1041 2385 1154 2415 passus

188 2424 235 2449 est
255 2418 341 2449 omui
374 2418 607 2458 gubernatione
638 2418 769 2450 destitui
793 2430 871 2459 quos
896 2419 955 2450 sibi
980 2418 1153 2458 adoptave-

187 2468 247 2491 rat.
293 2461 406 2491 Valuit
437 2462 534 2491 ctiam
565 2461 644 2493 haec
677 2462 756 2492 ratio
791 2461 829 2492 ad
855 2461 1027 2493 fovendam
1050 2461 1154 2492 unita—

186 2508 261 2541 tem,
296 2514 335 2534 ne
370 2503 505 2534 electum
542 2504 693 2535 Abrahae
726 2515 836 2535 semen
871 2504 1039 2535 difflueret.
1091 2503 1154 2533 Hie

187 2555 295 2577 autem
325 2552 453 2576 tantum
485 2546 612 2578 disserit
648 2548 754 2578 Moses
789 2547 827 2578 de
853 2547 1021 2588 sanguinis
1045 2557 1152 2586 asper-

184 2589 291 2619 sione:
317 2589 391 2628 quia
415 2589 452 2620 de
476 2600 532 2620 esu
557 2590 631 2630 agni
655 2591 718 2621 iam
732 2592 939 2622 concionatus
962 2591 1073 2621 fuerat.
1099 2588 1153 2619 Iu-

2110 145 2168 176 136

1208 236 1261 267 bet
1295 246 1370 275 ergo
1403 235 1571 266 fasciculos
1605 235 1738 276 hyssopi
1773 235 1890 277 intingi
1925 239 2081 279 sanguine
2113 240 2168 280 qui

1208 289 1283 310 vase
1307 283 1460 318 exceptus
1484 279 1588 316 fuerit,
1612 286 1643 308 et
1666 278 1710 308 ita
1730 278 1883 318 cuiusquo
1903 282 2048 320 superius
2067 282 2167 313 limen

1206 326 1238 352 et
1267 320 1377 351 ambos
1409 326 1515 360 postes
1545 321 1681 360 aspergi.
1729 320 1801 359 Quo
1835 322 1926 362 signo
1956 328 2090 356 testatus
2118 328 2168 356 est

1207 363 1296 394 Deus
1321 374 1354 393 se
1374 374 1390 393 a
1412 364 1574 394 communi
1598 364 1733 394 interitu
1758 364 1881 403 eripere
1905 367 2068 405 populum,
2093 368 2168 407 quia

1206 407 1371 446 sanguinis
1385 414 1460 436 nota
1474 405 1711 437 discerneretur
1724 407 1762 437 ab
1776 407 1892 447 impiis.
1907 408 1989 439 Nam
2004 408 2167 442 Israelitas

1207 449 1444 479 commonefieri
1470 448 1623 488 oportuit,
1649 449 1789 489 primum
1813 450 1961 481 sacrificii
1984 453 2167 491 expiatione

1204 502 1238 522 se
1262 492 1359 522 eximi
1382 502 1401 522 a
1425 491 1535 531 plaga,
1567 496 1599 522 01
1630 492 1738 522 domos
1768 503 1842 524 suas
1865 494 1986 524 servari
2013 495 2166 527 intactas:

1206 533 1321 565 deinde
1346 534 1390 564 ita
1413 534 1473 565 sibi
1504 534 1695 565 sacrificium
1724 534 1875 574 prodesse
1898 536 1925 567 si
1948 537 2017 568 eius
2041 537 2167 578 insigne

1206 577 1415 616 conspicuum
1458 576 1542 616 apud
1583 577 1668 616 ipsos
1702 582 1853 609 exstaret.
1900 578 1987 609 Alibi
2021 579 2167 612 videmus

1206 630 1325 660 agnum
1350 619 1534 659 paschalem
1559 624 1674 660 typum
1698 620 1794 651 fuisso
1819 620 1958 658 Christi,
1986 623 2040 662 qui
2063 628 2167 655 morte

1206 673 1263 693 sna
1283 666 1405 702 patrem
1426 662 1517 693 nobis
1537 662 1687 702 placavit,
1709 673 1747 693 ne
1767 673 1936 702 pereamus
1955 675 2029 696 eum
2045 666 2166 706 reliquo

1207 705 1335 735 mundo.
1382 703 1446 735 Sed
1480 705 1543 735 iam
1574 705 1650 735 olim
1682 706 1782 736 voluit
1813 707 1872 738 sub
1901 708 1969 747 lege
2003 709 2167 740 veteribus

1207 754 1359 779 testatum
1384 747 1503 783 facere,
1533 759 1565 778 se
1597 759 1659 778 nou
1685 748 1778 779 aliter
1802 749 1865 780 illis
1889 761 1957 781 esse
1980 752 2165 791 propitium.

1207 791 1342 821 Minime
1368 801 1440 821 vero
1465 790 1594 820 dubium
1618 796 1666 821 051
1690 791 1765 831 quin
1792 792 1909 823 visibili
1933 793 1991 824 hoc
2022 795 2166 835 symbolo

1206 839 1331 864 mentes
1356 844 1467 863 eornm
1486 833 1641 864 extulerit
1660 833 1698 864 ad
1719 845 1830 865 verum
1852 841 1882 865 et
1903 836 2039 867 coeleste
2058 848 2167 868 exem-

1206 876 1290 916 plar,
1322 876 1404 915 quod
1429 886 1445 906 a
1470 876 1626 915 legalibus
1649 878 1858 908 caeremoniis
1882 889 2030 919 separare
2054 879 2166 911 absur-

1206 918 1281 949 dum
1318 924 1401 949 esset
1435 930 1470 949 ac
1505 919 1603 950 nefas.
1661 919 1747 957 Quid
1783 921 1869 951 enim
1905 921 2007 961 magis
2044 923 2167 962 puerile

1206 973 1299 1001 quam
1335 962 1526 1001 sanguinem
1561 961 1691 1001 pecudis
1725 973 1885 1002 opponere
1919 964 2075 996 adversus
2102 965 2167 996 Dei

1206 1015 1346 1039 manum,
1371 1005 1418 1035 vel
1444 1004 1517 1035 inde
1539 1010 1645 1044 petere
1665 1005 1779 1036 salutis
1798 1007 1988 1038 materiam?
2014 1007 2167 1039 Ostendit

1205 1058 1281 1087 ergo
1306 1048 1393 1078 Deus
1419 1058 1483 1078 non
1508 1047 1569 1078 alio
1594 1058 1689 1088 quam
1714 1049 1860 1080 sacrificii
1892 1055 2036 1090 respectu
2060 1051 2166 1082 Israe-

1204 1090 1271 1120 litis
1295 1101 1433 1130 parcere.
1481 1089 1574 1121 Unde
1598 1091 1759 1130 sequitur,
1789 1092 1847 1123 snb
1877 1092 1936 1123 hoc
1963 1093 2026 1124 ritu
2051 1105 2166 1134 propo-

1205 1134 1299 1164 sitam
1324 1133 1386 1163 illis
1410 1133 1509 1164 fnisse
1534 1132 1657 1164 Christi
1682 1140 1834 1172 mortem,
1859 1146 1939 1175 quae
1963 1136 2031 1167 sola
2055 1137 2166 1168 discri-

1205 1186 1278 1206 men
1309 1176 1471 1207 statuebat
1506 1176 1590 1207 inter
1622 1177 1706 1216 ipsos
1741 1184 1772 1207 et
1800 1177 1986 1219 Aegyptios.
2040 1179 2165 1211 Verum

1205 1219 1301 1250 simul
1335 1219 1439 1249 docuit
1472 1219 1595 1249 nullum
1628 1230 1666 1250 ex
1695 1220 1764 1250 fuso
1788 1222 1946 1260 sanguine
1970 1222 2165 1262 sperandum

1205 1272 1274 1292 esse
1298 1261 1437 1292 fructum
1462 1261 1580 1301 absque
1600 1262 1793 1301 aspersione.
1829 1263 1899 1294 Non
1924 1265 2007 1304 quod
2032 1270 2166 1297 externa

1205 1309 1237 1335 et
1261 1304 1395 1334 visibilis
1419 1305 1561 1344 aspersio
1585 1304 1757 1344 quidquam
1784 1306 1932 1342 utilitatis
1956 1308 2085 1344 afferat.
2110 1308 2165 1339 sed

1205 1348 1277 1387 quia
1314 1347 1460 1377 familiari
1496 1349 1558 1378 ritu
1594 1347 1670 1378 utile
1703 1349 1762 1379 fuit
1792 1348 1885 1379 rudes
1914 1351 2004 1389 quasi
2035 1351 2068 1381 in
2098 1362 2164 1382 rem

1206 1397 1406 1430 praesentem
1432 1389 1555 1426 adduci,
1582 1396 1615 1421 ut
1639 1391 1850 1430 spiritualiter
1873 1392 2073 1432 implendum
2097 1405 2166 1425 esse

1206 1434 1309 1463 sciant
1350 1432 1432 1472 quod
1475 1433 1643 1464 subiicitur
1682 1445 1791 1464 eorum
1833 1435 1942 1466 oeulis.
1999 1437 2168 1477 Sanguine

1206 1476 1328 1506 Christi
1363 1476 1486 1506 animas
1522 1481 1647 1507 nostras
1675 1487 1731 1516 per
1765 1477 1916 1517 spiritum
1950 1480 2091 1520 aspergi,
2126 1491 2167 1511 ex

1206 1519 1302 1549 Petro
1327 1523 1437 1549 notum
1457 1524 1505 1550 051
1524 1518 1565 1560 (1.
1592 1519 1658 1550 Pet.
1686 1520 1711 1557 1,
1736 1519 1778 1561 2).
1813 1520 1920 1552 Huius
1939 1522 1984 1552 rei
2006 1523 2168 1562 proposita

1206 1562 1264 1592 fuit
1290 1562 1394 1601 imago
1417 1562 1451 1592 in
1475 1562 1625 1593 fasciculo
1648 1563 1796 1604 hyssopi:
1822 1574 1904 1603 quae
1926 1563 2026 1596 herba
2049 1565 2168 1597 eximia

1207 1605 1239 1635 vi
1253 1604 1413 1644 purgandi
1427 1604 1532 1644 pollet,
1552 1605 1687 1645 ideoque
1700 1611 1731 1636 et
1751 1605 1821 1637 aliis
1840 1607 2004 1639 sacrificiis
2024 1607 2168 1640 adhibita

1206 1648 1280 1684 fuit,
1307 1653 1341 1677 ut
1364 1653 1474 1687 postea
1497 1648 1563 1678 suis
1588 1648 1665 1679 10015
1689 1648 1878 1680 videbimus.

1291 1690 1341 1721 23.
1373 1690 1415 1720 Et
1445 1691 1589 1721 transibit
1618 1690 1742 1722 Ielcora.
1797 1692 1894 1723 Vetat
1925 1697 2018 1724 noete
2047 1692 2167 1734 egredi,

1206 1744 1245 1764 nc
1275 1743 1308 1763 se
1339 1734 1549 1772 permisceant
1582 1734 1767 1775 Aegyptiis,
1798 1735 1853 1765 sed
1885 1735 1983 1775 quieti
2013 1735 2169 1767 deliteant

1206 1776 1264 1807 sub
1305 1776 1471 1816 sanguine.
1528 1776 1600 1815 Quo
1640 1777 1732 1817 signo
1772 1777 1929 1808 admoniti
1970 1778 2101 1810 fuerunt
2134 1790 2167 1811 se

1204 1830 1329 1859 quoque
1352 1819 1514 1858 expositos
1538 1831 1606 1850 esse
1629 1820 1743 1856 exitio,
1769 1820 1830 1851 nisi
1854 1821 2010 1862 sanguine
2033 1822 2168 1862 protecti

1204 1862 1243 1892 ab
1266 1861 1441 1893 incredulis
1464 1873 1497 1893 50
1522 1862 1751 1903 disiungcrent.
1798 1863 1916 1894 Postea
1943 1864 2072 1896 additur
2095 1875 2168 1905 pro-

1205 1905 1330 1941 11115510,
1361 1904 1453 1935 modo
1477 1916 1510 1936 se
1533 1906 1720 1936 contineant
1751 1906 1809 1937 sub
1833 1906 1976 1938 custodia
1999 1908 2168 1948 sanguinis

1206 1948 1419 1978 transiturum
1451 1948 1601 1989 angelum
1627 1959 1667 1978 ne
1691 1948 1766 1988 quid
1791 1959 1894 1980 noxae
1919 1949 2060 1990 infligat:
2092 1950 2168 1990 quia

1206 1991 1295 2021 Deus
1326 1989 1419 2020 aedes
1450 1990 1493 2021 ita
1527 1991 1670 2031 signatas
1701 2002 1757 2031 pro
1788 1992 1854 2022 suis
1882 1996 2042 2033 agnoscet.
2095 1992 2168 2032 Quo

1206 2033 1322 2064 iterum
1348 2033 1503 2072 repetitur
1527 2034 1623 2072 illud,
1647 2045 1700 2065 005
1724 2033 1853 2065 demum
1875 2036 1980 2066 salvos
2003 2035 2070 2066 fore
2092 2046 2168 2067 san-

1206 2076 1314 2117 guinis
1338 2076 1506 2114 benoficio,
1537 2077 1591 2116 qui
1615 2088 1651 2108 eo
1675 2087 1708 2107 se
1732 2087 1903 2117 aspergere
1928 2087 1991 2108 non
2016 2079 2167 2118 neglexe-

1206 2119 1287 2149 rint:
1323 2118 1396 2158 quia
1430 2119 1496 2149 sola
1531 2120 1609 2151 fides
1644 2119 1782 2150 salutem
1817 2120 1940 2151 hostiae
1974 2121 2168 2152 mactatione

1206 2166 1331 2202 partam
1351 2161 1441 2191 nobis
1460 2162 1590 2193 confert.
1626 2161 1780 2193 Vastator
1799 2162 1851 2194 hic
1874 2162 2006 2194 indubie
2036 2169 2169 2196 vocatur

1207 2204 1350 2244 angelus7
1370 2215 1463 2243 quem
1478 2205 1566 2236 Deus
1586 2205 1774 2245 affligendae
1791 2206 1940 2245 Aegypto
1960 2206 2168 2246 praefecerat.

1207 2247 1275 2278 Etsi
1301 2251 1407 2277 autem
1432 2258 1526 2287 saepe
1550 2258 1606 2287 per
1628 2248 1729 2278 malos
1752 2248 1883 2287 angelos
1903 2249 2090 2288 exsequitur
2109 2261 2169 2281 sua

1206 2289 1339 2327 iudicia,
1370 2290 1533 2330 colligitur
1562 2296 1670 2321 tamen
1698 2301 1737 2320 ex
1762 2290 1833 2321 aliis
1858 2291 1936 2322 locis
1958 2291 2046 2324 hunc
2070 2292 2169 2324 fuisse

1206 2343 1307 2364 unum
1332 2343 1371 2362 cx
1402 2332 1527 2369 electis,
1562 2333 1615 2373 qui
1645 2337 1676 2363 01
1704 2332 1789 2363 idem
1820 2333 1878 2364 sub
1902 2333 2034 2366 Christo
2065 2336 2169 2376 eapite

1204 2375 1405 2407 liberationis
1430 2376 1538 2415 populi
1563 2376 1709 2406 minister
1730 2376 1798 2406 fuit.

1292 2418 1342 2448 25.
1360 2418 1459 2456 (letzem
1470 2419 1603 2458 inyressi
1618 2418 1745 2458 fueritis
1763 2421 1885 2449 terram.
1914 2419 2009 2451 Nunc
2022 2420 2170 2462 adiungit

1207 2462 1303 2492 ritum
1328 2461 1393 2490 fore
1416 2471 1571 2499 annuum,
1595 2472 1635 2492 ne
1660 2471 1801 2500 unquam
1825 2462 1998 2494 intercidat
2018 2467 2082 2494 tam
2105 2465 2170 2495 sin-

1206 2504 1327 2544 gularis
1351 2504 1473 2543 gratiae
1497 2504 1660 2534 memoria.
1708 2504 1771 2535 sed
1802 2506 1954 2544 quoniam
1980 2505 2169 2537 mandatum

1206 2547 1300 2577 datur
1324 2545 1361 2576 de
1384 2547 1535 2577 continua
1558 2546 1706 2577 sabbathi
1726 2546 1957 2587 observatione,
1981 2549 2049 2581 eius
2068 2549 2170 2589 expli-

1205 2589 1364 2620 cationem
1389 2589 1421 2618 in
1446 2589 1543 2619 alium
1565 2590 1668 2620 locum
1689 2590 1792 2630 magis
1811 2595 2026 2631 opportunum
2048 2591 2172 2633 1111101·οζ
