2304 3034
175 142 213 172 51
768 141 1138 175 COMMENTARIUS
1163 143 1211 174 IN
1234 142 1382 174 EXODI
1402 143 1499 176 CAP.
1520 142 1578 173 IV.
2131 144 2171 174 52

173 237 274 268 oculis
298 247 431 276 pergere
456 246 517 276 quo
541 235 670 266 iubebat
690 235 790 271 Deus,
816 247 833 266 a
857 237 948 267 cuius
972 237 1039 267 solo
1064 241 1147 268 nutu

174 279 316 320 pendere
346 280 414 318 pios
444 289 556 309 omnes
584 279 751 310 convenit:
783 278 893 309 debuit
921 290 984 309 non
1020 290 1059 310 ex
1090 290 1147 310 suo

174 333 272 354 sensu
307 322 344 351 110
379 332 412 351 rc
448 321 629 352 incredibili
664 321 769 351 facere
804 321 975 358 iudicium,
1015 322 1068 353 sed
1105 334 1146 353 ex

175 365 237 396 Dei
262 374 349 395 voce.
396 364 462 394 Nec
491 369 577 395 certe
609 364 657 395 vel
691 364 785 394 fidem
811 364 979 404 abrogavit
1003 364 1145 404 loquenti

176 409 259 443 Deo,
291 407 337 437 vei
365 407 551 446 impositum
583 407 641 437 sibi
672 417 753 437 onus
786 407 915 437 reiicere
946 407 1058 444 voluit,
1089 407 1145 438 sed

175 460 274 490 quum
305 461 345 479 ex
375 449 474 479 altera
504 454 595 489 parte
630 449 817 480 discrimina
850 456 995 480 cerneret
1030 451 1145 490 quibus

175 493 336 532 explicaro
360 502 393 522 50
424 502 489 522 000
521 497 655 532 poterat,
686 492 761 523 hinc
785 502 876 522 mens
901 493 969 523 eius
993 492 1145 524 distracta

174 536 234 566 fuit
258 536 291 565 in
315 534 459 565 diversas
490 540 606 574 partes.
666 535 733 565 Nec
757 535 927 574 quisquam
951 539 1000 566 051
1019 536 1141 575 piorum

173 579 227 618 qui
251 589 315 608 non
339 588 434 617 saepe
463 578 495 607 in
529 578 677 609 confusas
708 577 957 617 disceptationes
985 578 1144 618 trahatur,

172 621 296 660 quotics
316 631 355 651 ex
380 621 501 650 intuitu
522 620 759 651 obstaculorum
779 621 943 651 mentibus
965 620 1145 652 offunditur

172 663 284 703 caligo
331 663 408 693 Fuit
440 664 539 704 igitur
569 664 601 693 in
631 664 723 694 Mose
756 662 907 693 voluntas
931 668 963 693 et
992 663 1144 702 studium,

173 706 324 737 alacritas
354 712 461 736 autem
494 712 525 736 et
554 706 736 737 constantia
769 706 887 736 defuit:
919 706 994 745 quia
1017 712 1052 736 ut
1076 711 1144 737 erat

174 749 304 784 debilis,
335 748 374 779 ad
404 748 542 788 objectas
567 748 626 779 sibi
651 759 795 779 remoras
819 749 995 779 subsistere
1015 755 1143 780 coactus

173 797 230 823 est.
289 793 335 823 Ac
376 792 551 831 prudenter
582 792 764 822 discerncre
801 801 931 823 11000550
972 799 1020 822 051
1059 792 1143 822 inter

173 835 377 865 timiditatem
414 845 495 873 quac
532 845 663 865 cursum
701 834 853 874 impedit,
900 840 931 865 ct
973 835 1143 865 recusandi

173 878 349 912 audaciam,
376 877 425 908 001
450 877 620 908 adiunctus
644 882 693 907 est
712 881 926 917 contemptus.
951 877 1047 908 Multi
1066 878 1142 908 dum

172 921 351 951 molestiam
387 920 542 960 fugitant,
577 921 622 950 sic
655 920 868 951 retrahuntur
902 920 941 950 ab
975 920 1077 951 officio
1107 926 1143 951 ut

171 963 386 994 obdurescant
409 963 441 992 in
466 974 524 993 sua
543 963 690 1003 segnitie.
727 962 793 1002 Qui
813 967 920 993 autom
942 965 1028 994 reete
1047 974 1142 1003 agere

172 1006 319 1046 cupiunt,
356 1006 504 1045 quamvis
540 1006 703 1036 anxietate
738 1006 788 1036 vel
822 1012 910 1036 metu
945 1006 976 1036 iu
1005 1006 1141 1045 speciem

172 1049 390 1086 retrocedant,
426 1049 518 1079 simul
556 1054 663 1079 tamen
701 1049 845 1088 aspirant
880 1048 918 1079 ad
954 1049 1141 1080 ulteriorem

171 1101 395 1132 progressum:
428 1091 564 1132 denique
594 1092 638 1123 sic
670 1091 836 1122 alternant
859 1097 894 1122 ut
918 1102 952 1122 50
976 1101 1141 1131 nunqnam

172 1145 305 1174 prorsus
337 1134 516 1165 subducant
548 1134 609 1165 Dei
651 1134 796 1174 imperio.
843 1134 982 1165 Videtur
1006 1134 1142 1174 quidem

170 1178 281 1208 Moses
313 1177 496 1217 obstrepere
530 1177 591 1217 ipsi
622 1177 708 1217 Deo⁷
740 1182 771 1208 et
805 1187 877 1208 cum
910 1188 945 1208 eo
976 1177 1141 1209 altercari:

172 1220 228 1251 sed
256 1220 334 1251 haec
359 1221 427 1250 sive
450 1220 592 1259 audacia,
616 1221 683 1251 sive
707 1220 906 1260 simplicitas,
938 1220 1011 1260 11105
1040 1221 1073 1251 in
1109 1230 1142 1251 se

172 1262 284 1293 habuit
309 1263 485 1294 modestiae
512 1274 606 1303 quam
638 1263 663 1293 si
688 1263 827 1294 latebras
851 1263 884 1293 in
910 1263 1040 1294 silentio
1068 1273 1142 1303 cap-

171 1311 286 1336 tasset:
311 1306 404 1337 sicuti
424 1306 541 1337 multos
565 1306 707 1337 diximus
729 1306 864 1337 tacendo
888 1306 997 1337 fovere
1020 1306 1142 1337 (101100-

171 1348 260 1379 tandi
286 1348 458 1379 licentiam.
493 1349 556 1379 Hic
576 1350 662 1379 enim
683 1355 769 1379 certe
789 1349 849 1379 fuit
869 1359 995 1389 scopus,
1015 1353 1051 1379 ut
1068 1349 1142 1380 inde

171 1391 354 1431 expeditior
378 1396 461 1422 esset
490 1392 528 1422 ad
562 1392 771 1432 pergendum.
818 1392 969 1432 Angebat.
993 1396 1141 1424 sanctum

171 1435 278 1465 virum
315 1434 391 1464 haec
426 1445 511 1471 cura,
546 1435 629 1474 quod
664 1435 833 1474 populares
874 1446 947 1466 suos
988 1439 1142 1475 expertus

170 1479 275 1508 fuerat
298 1487 413 1516 pravos
437 1483 468 1507 01
492 1478 559 1508 fere
581 1478 817 1509 intractabiles:
844 1478 902 1509 hac
926 1489 1004 1509 cura
1028 1489 1061 1509 50
1085 1489 1140 1509 ex-

173 1530 313 1551 onerans
347 1520 378 1550 in
413 1520 520 1550 sinum
556 1521 631 1558 Dei,
681 1531 765 1551 nova
805 1522 1019 1560 promissione
1061 1521 1140 1561 erigi

171 1563 268 1602 cupit.
299 1568 334 1593 ut
358 1563 418 1594 hoc
441 1562 671 1603 impedimento
701 1564 826 1594 solutus
850 1564 999 1595 alacriter
1022 1569 1140 1595 currat.

257 1606 285 1636 2.
313 1606 394 1644 (Quid
423 1609 465 1636 est
498 1606 551 1637 hoc
585 1607 618 1637 in
651 1616 754 1637 manu.
807 1607 857 1638 Ex
887 1617 976 1637 more
1011 1607 1141 1647 linguae

172 1648 341 1679 hebraicae
369 1650 471 1679 tusius
504 1660 590 1680 nunc
613 1650 751 1689 explicat
775 1650 882 1680 Moses
905 1656 933 1679 et
959 1650 1142 1681 distinctius

172 1691 377 1731 prosequitur
400 1692 483 1731 quod
508 1693 597 1732 prius
622 1693 808 1723 summatim
833 1693 985 1733 attigerat
1011 1693 1048 1724 de
1080 1693 1142 1733 sig-

171 1735 230 1764 015.
256 1734 357 1764 Porro
380 1735 413 1764 in
438 1735 540 1775 signis
564 1735 669 1766 tribus
688 1746 769 1775 quae
789 1736 888 1766 refert
907 1735 1142 1767 consideranda

170 1777 262 1807 nobis
287 1782 335 1807 est
358 1777 515 1818 analogia.
556 1778 677 1809 Pedum
697 1778 857 1818 pastorale
877 1779 960 1818 quod
984 1779 1015 1809 in
1041 1789 1140 1809 manu

171 1820 319 1860 gestabat
349 1821 525 1860 proiectum
558 1822 589 1851 in
621 1827 758 1857 terram,
790 1822 929 1852 vertitur
952 1822 985 1852 in
1009 1833 1141 1862 serpen-

170 1869 252 1893 tem:
277 1873 389 1893 rursus
410 1864 443 1894 in
467 1874 598 1894 manum
623 1868 790 1904 receptum
807 1869 957 1895 naturam
979 1875 1071 1895 suam
1091 1875 1139 1895 re-

170 1911 314 1945 cuperat.
351 1906 433 1936 Mihi
457 1917 519 1937 non
540 1906 671 1937 dubium
696 1912 745 1937 est
769 1908 845 1946 quin
868 1908 981 1939 docere
1006 1907 1142 1938 voluerit

173 1949 275 1983 Deus.
306 1949 455 1988 quamvis
484 1949 608 1980 abiecta
639 1956 669 1980 ct
700 1950 906 1990 despicabilis
935 1956 1019 1981 esset
1044 1951 1142 1981 Mosis

172 1991 328 2027 conditio,
363 1992 604 2023 formidolosum
641 1998 749 2023 tamen
784 1994 851 2024 fore
886 1994 953 2034 regi
988 1993 1140 2034 Aegypti.

174 2034 314 2065 Baculus
349 2035 435 2065 enim
470 2035 538 2071 ille,
585 2036 722 2075 pastoris
757 2036 883 2077 insigne
924 2041 1001 2067 erat.
1055 2036 1140 2075 Quid

172 2082 279 2107 autem
316 2078 418 2118 magis
460 2079 703 2119 contemptibile
739 2090 834 2118 quam
869 2079 996 2119 prodire
1031 2080 1142 2110 ovium

172 2120 336 2150 custodem
362 2131 377 2150 0
402 2120 535 2157 deserto,
558 2127 589 2152 et
612 2122 729 2161 pedum
755 2132 859 2160 suum,
888 2133 950 2162 quo
976 2122 1030 2153 vix
1055 2133 1088 2153 se
1112 2127 1142 2153 et

172 2173 302 2202 gregem
328 2165 410 2193 tueri
432 2164 555 2194 solebat
575 2175 591 2194 a
614 2165 687 2195 feris
707 2164 816 2195 bestiis
834 2176 997 2205 opponere
1016 2170 1142 2205 sceptro

172 2206 388 2245 potentissimi
409 2207 516 2247 regis?
543 2207 716 2238 Caeterum
734 2207 886 2238 admonet
912 2209 1009 2245 Deus,
1033 2219 1143 2248 quain-

173 2248 223 2278 vis
248 2248 443 2279 destituatur
467 2249 638 2289 splendore
659 2257 787 2281 terreno
807 2251 919 2290 opibus
941 2256 972 2282 ct
992 2251 1143 2291 potentia,

174 2292 240 2321 fore
282 2297 388 2322 tamen
432 2293 617 2323 horribilem
659 2293 837 2329 Pharaoni,
883 2295 970 2333 quasi
1014 2294 1142 2329 diceret,

172 2334 351 2364 timendum
376 2346 438 2365 non
460 2345 529 2366 esse
546 2347 585 2366 nc
611 2336 774 2367 hominem
792 2336 991 2368 rusticanum
1011 2341 1144 2377 spernat

172 2376 319 2414 Pharao,
347 2378 394 2408 vel
420 2388 477 2417 pro
502 2379 603 2410 nihilo
628 2380 736 2410 ducat:
762 2380 836 2419 quia
864 2381 996 2411 baculus
1019 2380 1053 2410 in
1077 2390 1143 2410 ser-

174 2426 303 2458 pentem
334 2431 509 2451 conversus
540 2422 612 2461 111115
637 2423 769 2452 10110115
800 2423 912 2453 afferet
936 2433 1031 2463 quam
1056 2423 1143 2453 mille

175 2462 281 2498 gladii.
329 2463 424 2501 Quod
458 2463 535 2494 111011
572 2465 679 2496 Moses
714 2476 747 2495 50
776 2466 983 2505 perterritum
1013 2466 1142 2506 fugisse,

175 2505 279 2535 voluit
322 2506 405 2536 liaud
437 2506 532 2537 dubie
564 2508 651 2538 Deus
690 2508 862 2547 percellere
894 2515 979 2539 metu
1013 2519 1142 2539 servum

175 2558 285 2584 suum,
321 2555 353 2579 ut
389 2550 504 2579 melius
539 2552 722 2581 aestimaret
757 2562 796 2581 ex
831 2552 929 2582 animi
964 2553 1011 2582 sui
1046 2561 1143 2582 sensu

173 2590 277 2629 qualis
301 2592 411 2623 futura
434 2598 519 2623 esset
544 2593 603 2624 l)ci
628 2594 733 2624 virtus
757 2593 797 2624 ad
820 2595 1007 2625 terrendum
1031 2604 1143 2634 super-

1202 237 1276 268 bum
1309 237 1398 268 illum
1434 247 1552 277 regem.
1606 235 1669 266 Hic
1699 245 1776 276 ergo
1811 235 1871 266 fuit
1906 237 2051 269 miraculi
2087 238 2170 277 finis,

1201 291 1264 310 non
1295 291 1364 311 esse
1395 291 1475 320 opus
1508 279 1634 319 magnis
1659 279 1767 317 copiis,
1802 279 1877 319 quia
1901 279 1939 309 ad
1963 286 2170 321 conspectum

1201 323 1297 354 solius
1322 323 1424 354 baculi
1446 327 1671 362 expavesceret
1698 321 1843 352 Pharao:
1874 332 1977 362 neque
1997 333 2076 363 opus
2099 334 2170 355 esse

1200 366 1348 396 baculum
1373 366 1487 405 agitari
1508 369 1538 395 ct
1558 364 1664 394 valide
1684 365 1820 400 concuti,
1840 365 1913 403 quia
1933 366 2060 406 proprio
2079 370 2170 398 motu

1199 414 1230 438 01
1260 408 1432 439 iactatione
1463 408 1540 437 satis
1570 407 1732 437 incuteret
1764 407 1896 438 timoris.
1950 408 2062 439 Altera
2095 420 2169 449 pars

1199 451 1355 487 miraculi,
1380 460 1478 490 quum
1503 449 1598 480 rediit
1620 449 1751 479 baculus
1771 450 1802 480 in
1827 450 1997 490 pristinam
2021 451 2168 491 formam,

1199 493 1260 524 1100
1284 493 1436 524 tendebat
1466 497 1501 523 ut
1524 492 1620 523 sciret
1644 492 1768 529 Moses,
1800 493 1882 532 quod
1908 493 1990 524 hosti
2014 494 2168 526 infestum

1199 547 1234 567 ac
1258 536 1448 567 damnosum
1474 540 1550 572 erat,
1575 535 1632 565 sibi
1655 535 1842 566 adiumento
1862 541 1893 566 et
1913 536 2072 576 praesidio
2091 537 2169 569 fore.

1199 579 1289 609 Idem
1322 580 1428 619 itaque
1461 578 1592 608 baculus
1629 577 1740 608 Mosen
1778 578 1934 610 instruxit
1966 579 2168 618 fortitudine,

1198 622 1322 653 hostem
1359 632 1433 653 vero
1469 621 1584 651 deiecit
1618 630 1654 651 ac
1688 622 1873 660 prostravit.
1931 621 2026 661 Quod
2060 626 2168 654 autem

1199 665 1258 695 Dei
1291 666 1358 695 voci
1389 664 1556 695 confestim
1585 663 1811 703 obtemperans
1844 670 2028 705 serpentem
2052 676 2166 706 appre-

1198 706 1338 738 hendere
1369 707 1479 742 audet,
1511 718 1550 737 ex
1585 706 1766 738 obedientia
1795 707 1958 748 colligitur
1992 708 2167 749 singularis

1197 750 1292 780 fides:
1338 755 1433 789 atquc
1474 750 1570 780 etiam
1610 749 1729 780 clarius
1764 760 1802 781 ex
1836 750 1944 781 subita
1979 752 2166 790 mutatione,

1197 792 1280 832 quod
1310 793 1511 824 virulentum
1542 798 1571 822 et
1597 792 1728 822 noxium
1755 793 1891 831 animal,
1923 803 1942 823 a
1971 794 2063 825 0111115
2091 805 2166 826 con-

1195 841 1305 875 spectu
1336 846 1440 875 nuper
1469 835 1595 875 fugerat
1619 839 1707 865 metu
1731 841 1967 873 consternatus,
1990 848 2166 877 provocare

1196 888 1260 908 non
1285 884 1426 916 veretur,
1451 878 1583 908 caudam
1609 878 1677 908 eius
1698 879 1882 918 premendo.
1922 879 2008 920 Ergo
2029 880 2165 920 pusillus

1196 922 1323 952 animus
1346 932 1480 961 magnae
1505 920 1639 951 fiduciae
1663 931 1766 960 capax
1790 921 1860 958 fuit,
1886 926 1915 952 et
1932 922 2068 954 alternis
2091 924 2166 955 vici-

1196 963 1255 994 bus
1279 975 1363 995 nunc
1391 964 1562 1001 timiditas,
1587 974 1672 995 nunc
1702 964 1805 1004 pietas
1837 965 1959 996 fructus
1988 976 2061 997 suos
2091 977 2164 1006 pro-

1197 1007 1350 1038 tulerunt.
1398 1009 1503 1047 Atque
1528 1007 1587 1037 hoc
1609 1007 1641 1037 in
1666 1007 1779 1046 primis
1803 1011 1914 1038 notatu
1944 1007 2077 1049 dignum
2105 1013 2163 1048 est,

1195 1050 1380 1089 praesentia
1411 1050 1470 1080 Dei
1503 1054 1645 1080 erectum
1677 1050 1773 1080 fuisse
1808 1050 1939 1081 Mosen:
1973 1051 2028 1082 scd
2064 1063 2164 1092 quum

1196 1091 1235 1122 ad
1260 1093 1414 1123 indomita
1445 1092 1551 1133 gentis
1583 1102 1659 1123 suae
1690 1093 1823 1133 ingenia
1846 1098 1878 1123 et
1902 1094 2072 1133 superbam
2098 1096 2163 1126 Ae-

1196 1136 1288 1175 gypti
1313 1135 1565 1166 dominationem
1590 1136 1771 1166 reflecteret
1794 1136 1915 1174 oeulos,
1951 1136 2051 1168 fuisse
2075 1137 2159 1170 debi-

1196 1178 1333 1209 litatum.
1380 1178 1473 1209 Nunc
1508 1178 1673 1217 quaeritur
1700 1178 1836 1209 fueritne
1859 1189 1937 1210 vera
1959 1184 1990 1210 et
2013 1180 2161 1212 substan-

1196 1221 1279 1251 tialis
1312 1222 1479 1252 conversio
1512 1221 1616 1251 baculi
1652 1221 1686 1251 in
1720 1226 1919 1261 serpentem:
1950 1233 1990 1253 an
2023 1224 2164 1255 exterior

1194 1264 1296 1294 forma
1321 1264 1478 1294 duntaxat
1502 1264 1599 1294 fuerit
1622 1268 1755 1296 mutata.
1791 1265 1870 1305 Ego,
1896 1266 1954 1296 etsi
1975 1266 2072 1297 nolim
2090 1277 2163 1307 per-

1195 1306 1333 1337 tinacius
1356 1306 1548 1337 contendere
1572 1306 1610 1337 de
1634 1318 1668 1337 re
1691 1306 1771 1337 levis
1794 1309 1958 1346 momenti,
1985 1309 2164 1349 amplector

1196 1354 1301 1380 tamen
1330 1350 1413 1389 quod
1445 1350 1546 1389 magis
1578 1349 1741 1389 probabile
1765 1355 1822 1387 est,
1856 1361 1918 1381 non
1941 1352 2035 1382 modo
2064 1352 2164 1384 fuisse

1195 1392 1349 1423 obiectam
1382 1393 1554 1433 imaginem
1583 1393 1633 1423 vel
1667 1397 1846 1432 spectrum,
1879 1393 1933 1424 sed
1957 1395 2073 1433 Deum,
2108 1396 2164 1436 qui

1196 1446 1236 1465 ex
1260 1435 1361 1466 nihilo
1383 1436 1503 1466 creavit
1526 1435 1641 1473 onmia,
1677 1436 1803 1467 dedisse
1826 1436 1940 1468 baculo
1964 1448 2082 1469 novam
2105 1449 2163 1470 na-

1196 1484 1311 1516 turam,
1335 1482 1367 1509 et
1391 1489 1503 1509 rursus
1527 1488 1567 1508 ex
1587 1483 1736 1519 serpente
1754 1479 1866 1510 fecisse
1890 1479 2053 1512 baculum:
2078 1481 2164 1522 quod

1194 1520 1298 1551 nihilo
1328 1521 1390 1552 fuit
1419 1520 1582 1552 difficilius
1613 1532 1707 1561 quam
1732 1533 1865 1553 uxorem
1890 1523 1955 1554 Lot
1977 1529 2106 1555 vertere
2128 1525 2163 1556 in

1195 1567 1332 1594 statuam
1358 1564 1433 1595 salis
1458 1563 1552 1605 (Gen.
1579 1565 1627 1601 19,
1651 1564 1714 1606 26).
1752 1565 1823 1596 Hoc
1847 1575 1945 1605 quum
1971 1566 2033 1597 Dei
2052 1571 2163 1607 poten-

1194 1607 1258 1637 tiae
1287 1611 1471 1647 promptum
1506 1618 1541 1638 110
1572 1608 1664 1639 facile
1694 1607 1752 1646 sit,
1783 1608 1956 1639 verisimile
1987 1609 2067 1640 milii
2099 1621 2162 1642 000

1194 1649 1323 1680 videtur
1346 1650 1480 1690 spectris
1504 1660 1575 1680 eum
1602 1651 1726 1682 lusisse.
1773 1650 1867 1689 Quod
1889 1662 1964 1682 vero
1983 1652 2069 1683 idem
2090 1654 2162 1684 imi-

1194 1692 1251 1722 tati
1281 1699 1357 1723 sunt
1388 1694 1489 1733 magi.
1520 1693 1558 1723 110
1583 1704 1692 1724 eorum
1722 1694 1906 1734 praestigiis
1930 1694 2073 1727 dicemus
2104 1706 2161 1728 suo

1193 1735 1269 1766 1000,

1279 1778 1306 1809 5.
1339 1778 1376 1808 (st
1398 1778 1528 1815 credant,
1553 1779 1632 1818 quod
1655 1780 1847 1819 apparuerit.
1872 1779 1944 1810 Non
1969 1791 2045 1821 ergo
2062 1783 2161 1814 semel

1194 1825 1320 1852 tantum
1344 1821 1427 1851 Mosi
1451 1822 1668 1860 spectaculum
1694 1822 1752 1853 hoc
1774 1823 1975 1862 propositum
2000 1824 2075 1861 fuit,
2105 1825 2162 1856 sed

1196 1864 1270 1895 data
1293 1874 1419 1903 quoque
1443 1870 1583 1903 potestas
1608 1865 1667 1895 fuit
1691 1865 1833 1896 eiusdem
1858 1866 2005 1897 miraculi
2033 1869 2162 1908 saepius

1195 1906 1326 1937 edendi:
1362 1913 1427 1937 tam
1458 1912 1495 1937 01
1522 1907 1606 1947 apud
1638 1907 1803 1939 Israelitas
1838 1907 1933 1939 fidem
1971 1911 2160 1950 acquireret,

1195 1960 1289 1990 quam
1314 1954 1349 1980 ut
1373 1950 1562 1989 reprimeret
1582 1950 1759 1982 Pharaonis
1782 1951 1959 1983 audaciam.
2004 1952 2161 1992 Quamvis

1196 1998 1301 2024 autem
1326 1993 1464 2024 abscissa
1487 1994 1528 2023 sit
1551 1994 1659 2025 oratio,
1691 1994 1780 2024 nulla
1804 1998 1912 2025 tamen
1936 2000 1984 2026 est
2007 1997 2039 2027 in
2063 2006 2160 2028 sensu

1194 2035 1401 2075 ambiguitas:
1426 2046 1540 2075 nempe
1563 2037 1682 2067 armari
1704 2037 1815 2067 Mosen
1840 2038 1967 2068 coelesti
1991 2044 2159 2078 potestate,

1195 2089 1257 2118 quo
1289 2084 1375 2108 certa
1403 2079 1444 2108 sit
1475 2079 1541 2110 eius
1575 2080 1713 2117 vocatio,
1747 2091 1803 2110 uec
1833 2081 2002 2120 quisquam
2034 2081 2160 2113 dubitet

1194 2121 1383 2161 prophetam
1426 2132 1494 2152 esse
1534 2121 1689 2153 divinitus
1731 2123 1873 2154 missum.
1930 2124 1994 2155 Hic
2028 2124 2065 2155 de
2100 2135 2160 2157 usu

1195 2164 1423 2195 miraculorum
1455 2175 1494 2194 ex
1526 2165 1669 2204 professo
1699 2165 1859 2196 disserere
1891 2167 2020 2206 longum
2060 2174 2158 2200 essct:

1198 2208 1254 2238 hoc
1289 2207 1430 2237 breviter
1465 2212 1574 2238 tenere
1608 2208 1761 2244 sufficiat,
1802 2219 1865 2238 non
1907 2220 2068 2249 uunquam
2104 2210 2161 2242 illa

1197 2250 1303 2280 valere
1323 2249 1361 2280 ad
1393 2249 1467 2280 fidei
1495 2251 1787 2290 praeparationem,
1819 2251 1992 2291 aliqnando
2015 2263 2093 2283 vero
2121 2254 2160 2285 ad

1196 2293 1482 2324 confirmationem.
1540 2294 1716 2333 Utriusque
1758 2294 1941 2334 exemplum
1982 2296 2012 2325 in
2057 2296 2161 2328 baculi

1196 2335 1404 2366 conversione
1428 2337 1596 2369 cernimus.
1623 2347 1685 2375 qua
1709 2337 1811 2377 magis
1835 2338 1996 2368 animatus
2020 2344 2049 2368 et
2074 2349 2160 2370 erec-

1196 2383 1248 2409 tus
1282 2378 1341 2408 fuit
1375 2378 1480 2408 Moses
1509 2384 1542 2408 ut
1567 2379 1664 2409 robur
1687 2380 1863 2420 colligeret,
1888 2391 1986 2420 quum
2012 2381 2073 2412 iam
2098 2382 2160 2414 Dei

1196 2422 1352 2461 promisso
1365 2420 1459 2451 tidem
1482 2421 1624 2452 liaberet:
1646 2422 1814 2453 Israelitae
1837 2434 1919 2460 vero,
1939 2424 1993 2463 qui
2014 2425 2161 2456 etincre-

1197 2464 1262 2495 duli
1287 2468 1380 2494 crant
1403 2469 1435 2493 et
1458 2474 1570 2503 parum
1596 2465 1733 2503 dociles,
1766 2466 1866 2505 aptati
1890 2473 1922 2496 et
1945 2467 2068 2498 subacti
2094 2468 2161 2499 fue-

1196 2512 1274 2537 runt
1304 2506 1343 2536 ad
1370 2505 1575 2538 credendum.
1630 2508 1778 2548 Denique
1809 2509 1998 2540 miraculum
2029 2510 2159 2542 ianuam

1196 2550 1270 2580 fidei
1296 2549 1422 2589 aperuit
1447 2550 1530 2589 apud
1552 2550 1725 2591 Israelitas,
1750 2556 1785 2581 ut
1805 2553 1947 2590 persuasi
1969 2552 2007 2583 de
2026 2553 2161 2593 prophe-

1197 2593 1258 2622 tico
1283 2593 1350 2623 eius
1373 2602 1516 2628 munere,
1541 2593 1644 2623 ‹loccri
1669 2604 1702 2623 50
1725 2595 1930 2632 sustinerent,
1955 2595 2022 2635 ipse
2053 2600 2161 2628 autem
