2294 3008
980 736 1326 784 EXODUS.

544 890 694 923 CAPUT
716 890 739 921 Ι,

160 1022 194 1052 in
217 1021 390 1061 Aeyyplum
413 1028 479 1048 cum
505 1017 652 1048 Iahsaecob:
679 1018 807 1056 (setisque
830 1028 896 1047 cum
918 1017 1046 1055 familia
1070 1026 1128 1047 sua

162 1064 249 1095 venit.
284 1063 312 1093 2.
336 1061 467 1094 Reuben.
492 1060 623 1094 Simeon,
653 1060 726 1090 Levi
749 1063 774 1089 ct
794 1060 942 1097 Ielzmlale,
987 1060 1015 1090 3.
1041 1060 1128 1090 Issa-

162 1106 243 1143 char,
268 1104 406 1136 Zabulon
429 1106 455 1133 et
474 1102 651 1133 Beniamin.
686 1103 714 1132 4.
741 1102 824 1136 Dan,
853 1102 1028 1142 szlztfflli,
1056 1102 1128 1132 Gad

162 1151 189 1180 et
210 1149 316 1178 Aeser.
362 1147 390 1177 5.
415 1145 556 1176 Fuerunt
585 1147 684 1175 <cutem
715 1155 817 1175 omnes
846 1147 968 1176 (mannae
991 1155 1128 1184 egressae

163 1201 200 1222 ex
217 1190 329 1229 femore
348 1187 489 1221 Ialmcob,
512 1188 705 1226 svptzmyinta
728 1188 859 1218 animae.
899 1187 1009 1226 Ioseph
1028 1190 1128 1218 autem

163 1235 228 1264 erat
246 1232 436 1271 inAngypto.
472 1231 499 1260 6.
526 1230 671 1260 sslortuus
691 1240 758 1261 cero
781 1233 823 1260 ικι
837 1230 956 1269 Ioseph,
981 1233 1008 1261 et
1028 1240 1129 1260 omnes

162 1276 278 1316 fratres
306 1275 384 1310 eius,
417 1276 442 1304 et
472 1276 530 1303 tnta
561 1275 646 1302 aetas
675 1273 741 1303 illa.
790 1273 816 1303 T.
842 1272 941 1303 Porro
974 1275 1129 1303 creverant

161 1318 222 1358 filii
245 1317 364 1353 Israel,
396 1319 422 1346 et
452 1316 535 1346 (meti
563 1318 635 1345 sunt
657 1319 682 1346 et
711 1315 907 1354 multiplicati
916 1341 921 1351 ,
946 1319 973 1346 et
995 1315 1128 1346 roborati

164 1359 442 1401 quamplurimum:
465 1359 539 1389 adeo
562 1360 593 1388 wf
610 1358 708 1396 plena
731 1359 811 1396 'ipsis
833 1361 910 1388 esset
931 1360 1021 1388 terra.

251 1447 278 1476 1.
303 1445 388 1476 Haec
410 1445 481 1474 sunt
503 1443 637 1474 uomina.
676 1443 854 1473 Consilium
879 1443 1007 1482 quidem
1028 1443 1129 1473 Mosis

165 1494 214 1520 est
236 1488 404 1519 mirificam
429 1486 650 1516 liberationem
676 1486 783 1525 populi
808 1486 1003 1517 describere:
1029 1484 1129 1526 (unde

165 1536 197 1562 et
226 1541 342 1562 nomen
366 1540 384 1560 a
411 1529 544 1560 Graecis
575 1529 656 1559 libro
688 1528 839 1569 inditum)
870 1529 924 1559 scd
956 1533 1128 1567 antequam

165 1574 242 1605 illuc
265 1573 383 1608 veniat,
408 1572 550 1602 breviter
569 1571 720 1602 admonet
739 1571 823 1611 quod
843 1581 907 1601 non
928 1582 1013 1602 vana
1033 1572 1130 1601 fuerit

166 1616 335 1657 promissio
355 1614 505 1646 Abrahae
524 1613 606 1649 data,
630 1614 822 1654 aequabitur
845 1625 954 1645 semen
980 1618 1070 1644 tuum
1090 1613 1129 1644 ad

167 1669 339 1690 nnmerum
359 1657 525 1689 stellarum
540 1657 616 1687 coeli
630 1662 662 1687 et
674 1668 791 1688 arenae
805 1657 902 1687 maris
914 1657 1010 1697 (Gen.
1027 1657 1074 1694 15,
1087 1656 1129 1697 5).

167 1702 239 1733 Hoc
260 1702 360 1741 igitur
378 1700 545 1731 exordium
565 1699 639 1730 libri
659 1704 722 1730 est:
746 1700 895 1739 quamvis
919 1700 1070 1739 migratio
1089 1709 1130 1729 ex

167 1750 254 1775 terra
272 1743 429 1775 Chanaan
453 1743 487 1772 in
504 1744 702 1782 Aegyptum,
726 1742 765 1772 ad
790 1747 918 1782 tempus
941 1743 1010 1773 visa
1033 1742 1131 1773 fuerit

167 1787 257 1827 quasi
279 1786 414 1817 foederis
439 1785 499 1816 Dei
522 1786 675 1816 interitus
698 1790 730 1816 et
753 1785 897 1821 abolitio,
922 1795 995 1815 eum
1019 1790 1129 1816 tamen

168 1829 250 1869 quod
281 1839 373 1860 servo
403 1838 460 1859 suo
483 1827 644 1867 pollicitus
674 1828 779 1858 fuerat
809 1827 848 1859 de
879 1828 996 1859 sobolis
1025 1829 1129 1858 incre-

168 1872 285 1903 mentis
319 1882 376 1902 suo
410 1876 553 1910 tempore
586 1871 675 1910 large
710 1871 920 1910 praestitisse.
976 1870 1130 1901 Nominat

169 1919 276 1945 autem
308 1914 412 1945 solum
443 1913 610 1944 duodecim
641 1913 840 1953 patriarchas
864 1914 918 1953 qui
941 1924 1014 1944 cum
1039 1918 1129 1952 patre

169 1967 226 1988 suo
249 1957 343 1988 Iacob
373 1957 505 1996 profecti
535 1962 623 1987 sunt:
655 1955 769 1986 deinde
799 1966 959 1987 summam
990 1956 1131 1995 capitum

170 2000 300 2040 colligit,
319 1999 410 2030 cuius
429 1999 499 2030 aliis
518 1998 642 2030 duobus
662 1998 737 2029 locis
757 2000 793 2029 fit
806 1999 941 2030 mentio:
964 1999 1058 2029 Dent.
1082 1998 1130 2028 10.

171 2046 203 2073 et
225 2042 308 2073 Gen.
332 2042 382 2073 46.
428 2043 534 2082 Atque
561 2042 681 2081 optime
710 2042 895 2081 supputatio
919 2042 1080 2077 convenit,
1105 2041 1131 2071 si

171 2085 265 2115 Iacob
299 2085 384 2115 inter
417 2084 541 2115 animas
579 2085 713 2124 triginta
746 2096 802 2114 sex
843 2084 948 2124 primo
988 2084 1132 2124 catalogo

173 2132 348 2158 censeatur.
404 2127 487 2157 Nam
524 2127 607 2166 quod
642 2127 759 2157 Rabiui
794 2127 954 2158 Iocbebed
995 2132 1132 2157 matrem

173 2169 274 2201 Mosis
292 2175 457 2201 accersunt
470 2175 506 2199 ut
525 2180 694 2200 numerum
709 2170 868 2208 expleant,
890 2170 985 2209 longe
999 2169 1132 2209 petitum

175 2218 238 2242 est:
279 2222 314 2243 ac
349 2213 478 2242 minime
519 2219 779 2249 consentaneum,
821 2213 950 2243 mulieri
985 2223 1065 2252 quae
1099 2212 1132 2242 in

177 2255 325 2294 Aegypto
348 2261 457 2294 postea
487 2260 563 2285 nata
593 2263 656 2292 est,
687 2255 789 2285 locum
821 2255 890 2285 dari
922 2256 1006 2285 inter
1035 2255 1132 2291 viros,

176 2306 255 2335 quos
277 2307 382 2326 secum
402 2296 495 2327 Iacob
519 2298 662 2328 adduxit.
700 2298 735 2328 si
759 2298 829 2336 quis
853 2298 983 2328 obiiciat
1006 2302 1133 2337 septua-

179 2338 268 2378 ginta
291 2338 352 2369 dici
375 2350 518 2379 egressos
540 2351 578 2370 ex
604 2342 722 2371 femore
744 2340 850 2376 Iacob,
881 2340 974 2372 facile
998 2340 1135 2370 diluitur

178 2381 393 2420 repugnantia
415 2393 453 2412 ex
477 2384 638 2413 communi
662 2394 721 2413 usu
748 2383 975 2423 synecdoches.
1022 2383 1132 2422 Ipsum

178 2433 254 2454 Vero
278 2434 295 2453 a
316 2434 375 2462 quo
396 2426 551 2464 progeniti
580 2432 656 2456 suut
684 2425 814 2464 reliqui.
839 2436 902 2457 non
925 2426 1069 2460 excludi,
1094 2436 1132 2455 ex

180 2465 284 2496 verbis
304 2465 402 2496 Mos-is
424 2466 574 2498 elicimus.
612 2468 649 2498 In
673 2469 878 2508 septuaginta
901 2469 1043 2508 quinque
1067 2468 1133 2498 ani-

179 2507 293 2538 mabus
322 2508 456 2547 ingressi
486 2516 560 2539 sunt
589 2518 694 2549 patres
726 2511 772 2540 tui
804 2512 832 2541 in
867 2513 1068 2551 Aegyptum:
1104 2515 1136 2540 et

181 2560 252 2581 ecee
288 2560 372 2580 nunc
406 2557 435 2580 te
464 2552 689 2591 multiplicavit
720 2554 807 2583 Deus
842 2553 952 2594 (Deut.
989 2554 1036 2587 10.
1072 2552 1134 2593 22).

181 2591 332 2631 Quinque
369 2602 443 2623 vero
474 2595 658 2633 superaddi,
693 2595 739 2636 (ut
775 2596 893 2636 legitur
924 2598 954 2626 in
986 2596 1136 2627 concione

1148 898 1149 916 z
1171 888 1331 928 Stephani
1351 888 1436 927 apud
1449 888 1586 929 Lucam)
1606 889 1694 919 nulla
1714 889 1795 920 ratio
1815 889 1902 920 sinit.
1938 889 2005 920 Nec
2022 891 2141 921 mirum

1148 936 1232 971 ,est7
1262 931 1296 960 in
1321 931 1440 961 notulis
1471 941 1552 970 quae
1584 942 1733 962 numeros
1763 932 1912 971 signant,
1943 932 1994 962 vel
2018 933 2051 962 in
2075 943 2141 964 una

246 979 273 1009 1.
295 977 380 1009 Haec
398 978 469 1007 sunt
486 975 612 1005 nomina
626 975 763 1013 filiorum
783 975 885 1005 132·er
908 974 961 1014 qai
984 977 1128 1005 venerunt
1148 973 1149 995 l

1171 974 1264 1004 litera
1287 973 1467 1012 obrepsisse
1492 974 1577 1004 hunc
1599 984 1750 1005 errorem.
1797 974 1891 1013 Quod
1916 974 1944 1005 si
1968 975 2037 1014 quis
2061 986 2138 1006 con-

1171 1017 1329 1046 tentiosus
1354 1016 1481 1046 rixandi
1510 1026 1621 1046 ansam
1653 1022 1774 1056 captet,
1804 1017 2050 1049 meminerimus
2074 1028 2140 1048 non

1172 1059 1291 1089 frustra
1316 1064 1424 1089 vetare
1447 1059 1606 1098 spiritum,
1633 1070 1688 1098 per
1707 1071 1740 1090 os
1761 1059 1862 1097 Pauli,
1887 1070 1928 1090 ne
1948 1070 2142 1100 occupemur

1171 1103 1255 1133 circa
1279 1101 1482 1141 genealogias
1508 1101 1549 1142 (l.
1574 1102 1656 1132 Tim.
1683 1103 1710 1137 1,
1734 1101 1776 1142 4).

1258 1144 1286 1174 6.
1319 1143 1466 1174 Mortuus
1497 1154 1564 1174 vero
1593 1147 1636 1175 est
1664 1144 1782 1184 Ioseph.
1828 1144 1948 1175 Inscite
1980 1144 2141 1184 colligunt

1172 1198 1211 1217 ex
1243 1187 1301 1217 hoe
1333 1187 1399 1217 loco
1434 1186 1567 1216 Rabini:
1598 1187 1717 1226 Ioseph
1747 1187 1888 1226 primum
1917 1198 1957 1218 ex
1986 1188 2140 1219 fratribus

1172 1234 1335 1260 mortuum
1367 1230 1478 1259 fuisse:
1510 1229 1586 1268 quia
1615 1240 1712 1268 quum
1743 1229 1829 1261 solus
1858 1234 1934 1260 tune
1958 1230 2140 1269 excelleret,

1172 1283 1288 1302 nomen
1324 1272 1391 1302 eius
1426 1271 1544 1302 diserte
1578 1273 1716 1311 exprimi
1750 1272 1882 1303 honoris
1916 1282 2024 1307 causa,
2066 1273 2138 1303 aliis

1172 1315 1370 1355 praeteritis,
1401 1320 1541 1353 apparet.
1588 1314 1718 1353 Quanto
1742 1320 1885 1354 tempore
1908 1315 2029 1345 fuerint
2052 1316 2136 1355 patri

1173 1358 1377 1397 superstites,
1409 1367 1472 1387 non
1503 1363 1613 1387 narrat
1635 1357 1757 1388 Moses:
1793 1357 1848 1388 sed
1879 1357 2010 1388 initium
2033 1362 2138 1388 muta-

1174 1401 1269 1430 tionis
1294 1404 1418 1430 tantum
1445 1405 1550 1430 notat:
1575 1411 1611 1430 ac
1634 1400 1659 1430 si
1685 1400 1822 1435 diceret,
1847 1400 2031 1430 humaniter
2054 1404 2140 1431 trac-

1174 1449 1256 1473 tatos
1275 1443 1372 1473 fuisse
1391 1442 1555 1473 Israelitas
1575 1442 1669 1482 longo
1689 1443 1841 1482 temporis
1866 1442 1979 1482 spatio,
2003 1448 2037 1472 ut
2061 1443 2139 1473 tole-

1174 1486 1285 1516 rabilis
1308 1485 1407 1515 fuerit
1430 1496 1540 1515 eorum
1567 1485 1707 1515 conditio
1731 1486 1782 1524 qui
1808 1485 2043 1515 descenderant
2066 1496 2140 1516 cum

1174 1528 1284 1563 Iacob,
1311 1528 1386 1568 quia
1409 1528 1448 1558 ab
1472 1529 1557 1558 omni
1582 1528 1699 1558 iniuria
1722 1533 1753 1558 et
1777 1527 1947 1568 tyrannide
1970 1528 2141 1566 immunes⁷

1175 1571 1313 1610 hospitio
1337 1571 1396 1601 sibi
1420 1580 1570 1602 concesso
1595 1571 1767 1609 tranquille
1789 1570 1991 1600 fruebantur.
2033 1569 2139 1601 Simul

1151 1627 1152 1651 i
1174 1613 1333 1651 admonet,
1353 1614 1503 1652 potuisse,
1524 1618 1629 1643 aetate
1649 1613 1704 1643 illa
1720 1617 1919 1652 consumpta,
1940 1613 2039 1643 emori
2053 1613 2139 1652 apud

1176 1663 1318 1696 posteros
1350 1655 1543 1686 desiderium
1568 1662 1599 1685 et
1627 1656 1814 1686 memoriam
1846 1661 1950 1686 terrae
1974 1654 2139 1693 Chanaan,

1174 1710 1270 1739 quam
1295 1709 1458 1738 nunquam
1479 1703 1722 1738 conspexerant,
1748 1698 1809 1729 nisi
1829 1698 1988 1729 violenter
2007 1697 2046 1728 ad
2067 1708 2139 1728 eam

1175 1741 1391 1782 expetendam
1425 1741 1641 1781 expergefacti
1675 1744 1791 1772 essent.
1845 1741 1888 1771 Et
1921 1744 2007 1771 certe
2041 1745 2076 1771 ut
2105 1740 2140 1771 in

1175 1784 1370 1815 meditandis
1394 1784 1455 1814 Dei
1487 1784 1648 1814 beneficiis
1677 1784 1849 1813 obliviosus
1879 1788 1911 1813 et
1941 1793 2047 1814 socors
2071 1789 2140 1813 crat

1175 1827 1313 1868 populus
1336 1827 1406 1861 ille,
1438 1837 1501 1857 non
1525 1827 1631 1866 potuit
1653 1827 1721 1856 eius
1746 1826 1842 1856 saluti
1866 1825 1980 1855 melius
2003 1825 2138 1861 consuli,

1176 1881 1271 1910 quam
1303 1869 1355 1900 ubi
1389 1870 1476 1900 Deus
1506 1869 1678 1900 crudeliter
1707 1869 1800 1898 illum
1832 1867 1941 1898 vexari
1973 1868 2140 1908 affligique

1177 1923 1289 1952 passus
1312 1918 1376 1942 est:
1401 1912 1527 1951 alioqui,
1552 1911 1683 1951 perinde
1704 1922 1740 1942 ac
1763 1912 1788 1942 si
1813 1909 1968 1941 oriundus
1991 1916 2075 1941 esset
2097 1921 2139 1941 ex

1176 1957 1337 1996 Aegypto,
1358 1960 1548 1995 perpetuum
1562 1955 1626 1984 illie
1641 1953 1749 1984 nidum
1764 1958 1919 1993 optasset:
1941 1963 2004 1992 qua
2018 1952 2140 1983 desidia

1176 1999 1208 2029 in
1222 2008 1334 2029 eorum
1353 1997 1502 2029 cordibus
1521 1997 1690 2027 obliterata
1708 1996 1821 2027 fuisset
1837 2006 1908 2035 spes
1928 1994 2138 2026 haereditatis

1177 2042 1365 2081 promissae.

1263 2083 1290 2114 7.
1318 2083 1416 2113 Porro
1437 2085 1592 2113 creverunt
1611 2081 1681 2120 filii.
1727 2081 1903 2120 Quousque
1922 2081 2138 2117 excreverint,

1178 2125 1366 2157 duodecimo
1385 2126 1488 2165 capite
1508 2129 1618 2155 narrat
1638 2124 1761 2160 Moses⁷
1781 2133 1896 2162 nempe
1923 2123 1961 2154 ad
1986 2128 2140 2154 sexcenta

1179 2179 1279 2208 usque
1304 2168 1413 2203 millia,
1436 2168 1579 2207 exceptis
1603 2167 1709 2207 pueris
1733 2172 1764 2197 et
1786 2166 1984 2197 mulieribus.
2030 2166 2139 2196 Incre-

1179 2211 1275 2242 dibile
1298 2216 1383 2242 ccrte
1407 2214 1618 2251 augmentum
1642 2215 1708 2239 tam
1731 2209 1845 2244 exiguo
1865 2215 2018 2248 tempore.
2054 2208 2139 2238 Nam

1179 2265 1277 2294 quum
1308 2253 1384 2284 anui
1408 2254 1492 2284 inter
1520 2252 1630 2283 foedus
1658 2262 1731 2283 cum
1754 2251 1919 2281 Abraham
1949 2261 2139 2290 percussum

1179 2302 1210 2327 et
1232 2297 1341 2336 populi
1365 2297 1491 2327 exitum
1513 2299 1724 2325 numerentur
1744 2293 1973 2333 quadringenti
1996 2293 2139 2333 triginta,

1180 2339 1346 2370 dimidiam
1378 2349 1452 2369 vero
1482 2343 1604 2378 partem
1631 2337 1796 2367 effluxisse
1819 2341 1943 2367 constet
1966 2340 2140 2375 antequam

1179 2382 1273 2413 Iacob
1306 2383 1339 2412 in
1373 2384 1556 2421 Aegyptum
1592 2379 1811 2410 descenderet:
1854 2378 1928 2409 inde
1961 2378 2140 2415 conficitur,

1179 2424 1327 2455 ducentis
1361 2429 1487 2454 tantum
1521 2423 1628 2457 annis,
1662 2422 1713 2452 vel
1748 2421 1842 2461 paulo
1875 2421 1963 2460 plus,
1999 2421 2057 2451 hoc
2092 2425 2141 2451 est

1179 2467 1272 2498 annis
1292 2467 1400 2498 decem
1423 2467 1470 2497 vel
1494 2466 1635 2501 circiter,
1658 2464 1822 2494 Israelitas
1845 2464 1943 2494 fuisse
1968 2463 2140 2502 inquilinos

1179 2510 1266 2541 illius
1288 2515 1400 2540 terrae.
1447 2509 1510 2548 Qui
1534 2519 1609 2548 ergo
1632 2507 1700 2538 fieri
1724 2507 1842 2546 potnit7
1876 2511 1912 2536 ut
1934 2511 1999 2536 tam
2023 2506 2140 2546 exiguo

1181 2558 1324 2592 tempore
1353 2556 1551 2583 excresceret
1582 2550 1704 2580 familia
1733 2559 1800 2579 una
1821 2549 1854 2579 in
1879 2552 1926 2578 tot
1953 2547 2138 2589 myriadas?

1182 2596 1290 2635 Larga
1320 2595 1433 2625 fuisset
1455 2606 1490 2625 ae
1522 2593 1650 2623 insolita
1679 2591 1916 2631 multiplicatio,
1949 2591 1975 2620 si
1998 2601 2036 2621 ex
2064 2600 2140 2621 nna-
