2304 3034
58 211 122 243 625

57 305 132 346 quia
155 314 217 335 non
242 304 335 334 aliter
353 311 454 342 poena
477 299 630 331 eximitur
652 298 705 338 qui
729 298 895 338 percussit,
919 308 1015 337 quam

57 348 85 380 si
114 347 159 378 ita
187 346 246 377 sibi
275 345 458 376 moderatus
487 343 529 373 sit
555 347 591 372 ut
613 351 677 371 non
701 344 855 380 appareat
878 340 1016 371 crudeli—

57 390 134 421 tatis
167 388 330 420 indicium.
381 386 464 417 Nam
493 393 602 415 servos
634 393 690 423 per
717 383 801 413 diem
831 393 934 413 unum
966 382 1017 413 vel

59 431 139 464 duos
158 431 225 462 dies
248 436 333 462 stare
355 426 543 459 tantundem
567 426 654 456 valet
677 435 713 457 ac
736 427 845 465 vigere
869 425 1017 455 omnibus

58 475 195 515 integris
224 472 388 504 membris:
416 468 499 509 quod
528 468 555 499 si
584 468 743 498 inflictum
775 473 858 498 esset
889 467 1016 503 vulnus,

59 522 115 549 aut
144 520 313 556 appareret
341 513 407 544 ulla
429 511 603 550 mutilatio⁷
627 510 733 541 caedis
757 521 830 541 reus
853 514 923 540 erat
946 520 1017 549 per-

59 569 179 591 cussor.
213 558 286 588 Non
309 555 485 587 absolvitur
507 563 583 593 ergo
607 554 667 584 nisi
690 553 744 592 qui
768 563 899 584 servum
923 554 1016 584 casti-

59 613 136 643 gare
158 601 314 632 duntaxat
336 597 450 628 voluit:
477 596 527 627 ubi
553 601 659 627 autem
684 595 774 626 nulla
796 601 930 635 apparet
952 595 1016 625 lae-

59 645 122 683 sio,
155 641 317 683 probabile
350 645 398 670 est
432 649 494 669 non
526 639 622 669 fuisse
645 637 811 669 occidendi
835 637 1015 668 consilium.

59 687 172 726 Itaque
204 685 255 715 lex
288 692 368 722 quae
402 681 628 721 sanguinarios
662 682 800 720 impetus
834 681 1016 720 compescit,

57 730 203 761 fraenum
233 724 411 757 homicidiis
439 724 572 754 minime
595 724 692 754 laxat.
738 723 834 753 Ratio
858 733 939 762 quae
962 722 1016 753 ad-

59 771 159 807 ditur,
191 768 229 800 ad
259 768 419 808 privatam
449 767 606 797 iacturam
631 766 784 804 restringi
809 765 918 796 debet:
943 766 1017 805 quia

58 822 219 852 nunquam
233 811 292 841 hoc
307 814 475 849 praetextu
490 808 711 840 absolveretur
735 807 904 844 homicida,
929 808 1014 848 quod

57 854 191 896 pecunia
217 862 345 884 servum
377 852 507 889 emerit,
538 862 637 891 quum
660 852 729 882 vita
753 851 892 882 hominis
913 851 1017 890 pretio

57 896 217 930 aestimari
239 901 385 934 nequeat.

140 939 190 970 22.
227 938 327 977 Quum
367 939 468 968 autem
507 936 607 967 rioeati
641 935 766 975 fuerint.
823 936 930 966 Locus
965 935 1018 966 hic

55 983 159 1022 primo
182 981 302 1011 intuitu
323 980 494 1020 ambiguus
517 984 581 1016 est,
604 979 679 1018 quia
702 979 728 1010 si
753 989 839 1009 mors
862 977 1016 1018 intelligi·

54 1030 108 1056 tur
137 1028 264 1054 tantum
294 1022 437 1053 mulieris
463 1021 632 1061 gravidae,
663 1021 782 1052 foetum
807 1022 1017 1061 exstinguere

54 1066 188 1107 capitale
216 1075 281 1096 non
311 1065 437 1096 fuisset:
470 1063 553 1103 quod
585 1074 703 1103 magna
731 1063 929 1094 absurditate
953 1074 1015 1093 non

54 1112 150 1141 caret⁴
184 1108 305 1139 Foetus
324 1107 410 1138 enim
430 1111 521 1137 utero
541 1107 654 1137 matris
673 1107 816 1138 inclusus
836 1107 898 1136 iam
923 1106 1017 1136 homo

55 1157 118 1184 est:
142 1152 209 1183 vita
228 1156 334 1182 autem
359 1150 488 1189 privari,
511 1149 602 1180 cuius
625 1160 755 1180 usuram
780 1149 922 1179 nondum
947 1159 1017 1188 per-

55 1195 147 1234 cepit,
170 1194 236 1224 fere
255 1192 473 1233 prodigiosum
493 1198 551 1222 est.
584 1191 678 1230 Quod
698 1192 724 1223 si
746 1192 907 1222 hominem
934 1191 1018 1221 domi

54 1248 131 1269 suae
160 1235 260 1268 occidi
290 1246 384 1275 quam
415 1235 449 1265 in
480 1245 558 1275 agro
583 1235 712 1265 videtur
735 1234 914 1274 indignius,
945 1244 1019 1273 quo-

54 1280 142 1311 niam
156 1289 213 1310 sua
225 1278 338 1318 cuique
350 1277 463 1309 domus
477 1278 674 1308 tutissimum
695 1283 743 1308 est
762 1277 1018 1316 receptaculum:
1044 1285 1045 1291 ¹

54 1322 158 1353 multo
187 1321 328 1352 atrocius
357 1321 480 1352 censeri
510 1320 604 1351 debet
632 1320 754 1351 foetum
785 1321 838 1359 qui
874 1319 1017 1349 nondum

54 1365 87 1396 in
111 1365 214 1396 lucem
237 1363 341 1394 editus
364 1368 411 1394 est
434 1364 467 1393 in
491 1368 582 1394 utero
606 1364 722 1394 necari.
759 1363 819 1393 His
842 1361 1018 1392 rationibus

55 1407 206 1445 adducor,
229 1411 267 1437 ut
285 1417 347 1437 non
368 1405 511 1437 dubitem
531 1405 570 1436 ad
594 1406 715 1436 foetum
739 1416 863 1445 quoque
887 1403 1018 1435 extendi

55 1461 121 1481 non
150 1450 258 1481 minus
287 1459 382 1488 quam
406 1448 445 1479 ad
469 1454 620 1485 matrem,
651 1448 684 1478 id
707 1448 790 1488 quod
815 1448 950 1478 dicitur:
982 1446 1018 1478 Si

55 1503 142 1524 mors
164 1498 363 1532 consequuta
386 1492 436 1522 sit.
472 1490 564 1522 Adde
587 1492 669 1530 quod
694 1491 826 1521 minime
850 1496 1018 1521 consenta-

55 1546 152 1566 neum
183 1540 266 1566 esset
296 1541 420 1574 patrem
451 1534 507 1564 filii
536 1535 585 1564 sui
609 1534 660 1564 vel
684 1534 769 1564 filiae
795 1534 892 1564 vitam
918 1534 1019 1572 pretio

55 1577 206 1609 vendere.
253 1577 362 1615 Quare
390 1577 441 1607 hic
464 1576 547 1617 (meo
571 1576 700 1617 iudicio)
725 1577 804 1617 legis
827 1587 940 1607 seusus
961 1582 1018 1612 est,

56 1621 178 1652 crimen
208 1630 278 1651 esse
309 1625 410 1650 morte
435 1619 568 1659 dignum
599 1629 662 1649 uon
690 1620 794 1650 solum
827 1619 879 1649 ubi
903 1617 1020 1649 mulier

57 1674 98 1694 ex
117 1663 231 1694 abortu
254 1662 358 1701 periit,
382 1662 436 1693 sed
460 1662 556 1692 etiam
582 1662 608 1692 si
632 1662 738 1692 infans
762 1662 858 1692 fuerit
881 1662 1018 1692 occisus:

56 1706 125 1737 sive
154 1706 196 1736 sit
226 1705 404 1741 abortivus,
429 1705 498 1735 sive
521 1705 615 1744 paulo
639 1712 709 1744 post
733 1715 772 1734 ex
797 1704 929 1735 vulnere
953 1714 1019 1733 mo-

56 1749 167 1780 riatur.
216 1748 388 1779 Caeterum
420 1747 495 1786 quia
525 1748 594 1777 fieri
625 1757 689 1778 non
722 1752 827 1786 potest
850 1747 928 1786 quin
952 1757 1020 1776 ma-

56 1796 138 1822 trem
166 1796 198 1821 et
221 1790 338 1820 liberos
358 1789 503 1820 debilitet
526 1790 721 1820 immaturus
743 1795 872 1829 partus,
903 1790 1020 1819 marito

55 1834 255 1874 permittitur
274 1832 428 1864 mulctam
450 1833 581 1873 exigere
601 1832 686 1872 apud
710 1832 840 1870 iudices,
863 1843 945 1871 quae
969 1842 1020 1862 eo-

56 1887 128 1907 rum
148 1875 279 1906 arbitrio
302 1875 335 1905 in
359 1875 510 1906 solatium
534 1881 566 1905 et
589 1874 698 1905 damni
722 1875 917 1905 levationem
943 1885 1021 1914 pen-

58 1918 161 1950 datur.
206 1919 276 1949 Etsi
306 1918 391 1948 enim
422 1928 487 1948 non
510 1917 596 1948 aliud
620 1928 715 1957 quam
741 1918 910 1957 pecuniam
936 1916 1021 1957 apud

59 1961 177 1992 iudices
207 1961 441 2000 repraesentari
471 1959 558 1991 iubet
582 1960 687 1991 Deus:
718 1970 771 1991 eos
795 1968 901 1990 tamen
925 1960 1022 1990 aesti-

59 2009 198 2034 matores
228 2011 259 2033 et
289 2003 426 2034 arbitros
449 2003 610 2042 praeficit,
642 2003 668 2033 si
692 2003 774 2033 forte
798 2004 936 2033 maritus
960 2013 1024 2032 mo-

61 2046 136 2077 dum
160 2046 303 2077 excedat.
345 2045 438 2084 Quod
462 2052 569 2076 autem
593 2046 653 2076 hoc
676 2045 744 2077 loco
768 2046 871 2085 legem
895 2045 1023 2075 talionis

62 2089 191 2128 repetit,
220 2088 294 2119 inde
314 2088 539 2128 perspicimus,
564 2088 650 2119 iusta
672 2090 878 2128 proportione
902 2088 1022 2124 habita,

63 2131 193 2162 eandem
223 2141 292 2162 esse
315 2131 476 2162 vindictae
500 2131 657 2162 rationem
681 2131 714 2161 in
739 2131 835 2161 dente
859 2131 909 2161 vel
932 2131 1024 2162 oculo

63 2177 95 2204 et
115 2173 148 2204 in
171 2175 241 2213 ipsa
264 2174 345 2211 vita,
370 2179 406 2204 ut
429 2183 531 2213 aequa
553 2173 746 2213 respondeat
769 2174 917 2204 maleficii
939 2184 1024 2204 eom-

65 2216 216 2254 pensatio.
261 2217 349 2256 Ergo
372 2216 411 2247 ad
436 2217 579 2256 singulas
602 2222 710 2256 partes
734 2217 849 2247 merito
873 2216 1024 2247 transfer-

66 2263 128 2294 tur,
150 2263 186 2288 ut
203 2259 256 2298 qui
276 2259 368 2289 fratri
391 2270 448 2290 suo
471 2259 597 2290 oculum
621 2259 714 2295 eruit,
739 2259 789 2289 vel
814 2269 946 2289 manum
971 2258 1024 2289 ab·

67 2299 173 2336 scidit,
195 2301 246 2331 vel
269 2312 341 2333 crus
363 2302 468 2342 fregit,
491 2302 619 2332 oculum
643 2301 695 2331 vel
719 2312 852 2332 manum
876 2302 926 2332 vel
950 2311 1025 2332 crus

67 2341 188 2381 perdat.
236 2343 275 2374 In
312 2354 455 2381 summa,
491 2344 529 2375 ad
564 2355 692 2375 omnem
722 2344 786 2374 vim
815 2343 1023 2375 cohibendam

66 2394 188 2415 merces
206 2386 391 2425 rependitur
410 2397 466 2426 pro
485 2386 578 2417 modo
598 2387 757 2418 maleficii.
790 2387 889 2417 Porro
913 2397 1026 2426 quam-

68 2427 118 2457 vis
134 2425 172 2473 de
190 2429 332 2460 sontibus
345 2440 479 2469 poenam
496 2429 584 2460 Deus
607 2430 693 2470 exigi
718 2430 804 2466 velit,
830 2440 894 2459 non
914 2436 1024 2460 tamen

69 2469 95 2499 si
116 2479 186 2508 quis
207 2469 310 2502 laesus
332 2473 441 2510 fuerit,
465 2472 640 2503 vindictam
664 2478 814 2512 appetere
837 2472 946 2503 debet:
972 2482 1027 2502 ne-

70 2521 130 2551 que
153 2511 237 2541 enim
259 2523 365 2544 secum
389 2523 514 2555 pugnat
533 2514 631 2553 Deus,
655 2516 708 2555 qui
733 2515 826 2545 toties
849 2515 931 2546 filios
954 2525 1028 2545 suos

69 2553 218 2584 hortatur
247 2564 311 2585 non
339 2557 431 2587 modo
461 2558 499 2587 ad
529 2558 664 2588 iniurias
688 2558 847 2597 patienter
870 2557 1028 2595 ferendas,

70 2595 125 2626 sed
144 2596 239 2626 etiam
262 2596 422 2630 beneficiis
446 2600 628 2631 vincendas.
664 2600 715 2631 Ad
740 2610 874 2640 poenam
899 2600 1028 2630 trahen-
1055 2597 1057 2617 ³

71 2638 130 2669 dus
150 2645 197 2669 est
216 2638 381 2679 homicida,
404 2642 452 2672 vel
476 2643 529 2682 qui
551 2643 731 2674 membrum
756 2644 864 2674 fratris
887 2644 934 2674 sui
958 2654 1029 2673 mu-

172 2688 280 2714 Caluini
295 2697 385 2722 opera.
426 2692 483 2717 Vol.
499 2691 575 2718 XXI
584 2694 612 2719 V.

776 204 965 237 SEXTUM
988 204 1309 238 PRAECEPTUM.

1052 2363 1054 2379 ρ
1079 2344 1166 2374 valet
1189 2348 1283 2382 atque
1308 2352 1434 2373 armare
1457 2343 1488 2373 in
1513 2343 1682 2373 hominum
1708 2352 1828 2373 nocem.

1974 204 2036 235 626

1069 297 1187 330 tilavit:
1211 298 1299 337 atqui
1324 307 1388 328 non
1411 297 1481 328 ideo
1505 297 1653 336 protinus
1676 297 1764 335 licet,
1793 298 1821 328 si
1846 298 1910 328 vim
1934 298 2037 329 inius-

1068 346 1132 371 tam
1163 351 1276 380 passus
1307 340 1424 376 fueris,
1456 339 1646 370 iracundia-e
1676 340 1729 370 vel
1757 340 1829 371 odio
1852 340 2034 379 indulgere,

1069 389 1103 413 ut
1134 393 1192 422 par
1218 384 1287 422 pari
1319 383 1448 413 referas.
1494 381 1655 421 Quoniam
1689 382 1739 412 hic
1762 394 1852 413 error
1873 383 1957 423 apud
1983 383 2036 413 Iu-

1069 425 1163 456 daeos
1182 425 1374 461 invaluerat,
1399 435 1471 455 eum
1491 425 1609 455 refellit
1621 424 1772 456 Christus
1785 424 1892 466 (Matr.
1917 426 1945 462 5,
1969 425 2035 466 38),

1070 478 1106 498 ac
1134 468 1241 503 docet,
1272 478 1409 508 poenam
1440 478 1521 507 quae
1551 467 1675 507 publice
1699 468 1855 498 statuitur
1879 468 2035 499 adversus

1071 511 1196 545 noxios,
1229 521 1290 540 non
1319 511 1440 541 servire
1471 510 1615 549 privatae
1643 510 1797 549 cuiusque
1827 510 1968 548 libidini,
2000 516 2036 542 ut

1070 553 1123 592 qui
1141 553 1283 584 offensus
1302 557 1359 587 est,
1382 552 1421 583 ad
1442 552 1655 583 retaliandum
1676 553 1830 592 prosiliat.
1866 553 1933 583 Nec
1957 564 2036 584 sane

1070 595 1109 626 ad
1140 606 1193 626 eos
1217 595 1402 635 diriguntur
1426 595 1524 626 verba
1546 605 1626 635 quae
1650 596 1854 626 inflamment
1878 595 1929 625 vel
1954 595 2034 627 inci-

1070 644 1140 668 tent
1163 637 1337 669 ulciscendi
1361 638 1527 674 affectum,
1557 637 1612 669 sed
1635 648 1756 677 poenae
1778 644 1866 668 metu
1891 648 2035 678 compes—

1070 681 1153 711 citur
1175 681 1279 711 omnis
1303 681 1461 710 violentia.

1154 723 1204 754 26.
1242 724 1341 762 Quum
1381 725 1482 754 autem
1517 724 1707 761 percusserit
1739 723 1868 754 oculum.
1925 722 2033 761 Quum

1070 766 1154 805 apud
1170 766 1272 797 Deum
1298 776 1361 796 non
1385 765 1426 796 sit
1449 776 1561 796 servus
1587 776 1644 796 nec
1667 766 1755 803 liber,
1779 770 1866 797 certe
1887 772 1936 796 est
1960 777 2030 805 per-

1069 808 1142 838 inde
1172 819 1303 848 peccare
1333 808 1387 847 qui
1416 818 1544 838 servum
1576 809 1714 847 percutit
1744 818 1780 839 ac
1802 809 1828 839 si
1852 807 1950 839 libero
1974 808 2031 839 ho-

1070 852 1149 881 mini
1174 861 1303 881 manum
1327 850 1469 881 inferret.
1505 850 1628 881 Verum
1652 850 1755 890 quoad
1778 851 1828 882 ius
1851 852 1977 882 forense
2001 857 2032 882 et

1071 894 1211 924 humana
1244 892 1363 924 iudicia
1398 892 1560 923 distinctio
1594 894 1741 932 ponitur,
1780 894 1968 933 praesertim
2005 894 2032 924 si

1070 937 1140 975 quis
1169 936 1296 976 proprio
1326 945 1419 966 servo
1448 935 1567 966 vulnus
1597 936 1759 967 inflixerit.
1806 936 1918 975 Neque
1945 937 2032 967 enim

1071 979 1121 1010 hic
1144 979 1285 1018 exigitur
1308 978 1387 1008 dens
1410 988 1467 1017 pro
1492 977 1599 1014 dente,
1630 979 1740 1009 oculus
1764 989 1820 1018 pro
1843 979 1950 1016 oculo,
1975 979 2031 1010 sed

1069 1021 1247 1051 dominium
1275 1031 1338 1060 quo
1367 1020 1449 1050 male
1480 1020 1598 1051 abusus
1627 1026 1689 1055 est,
1720 1023 1864 1052 aufert-ur
1888 1022 2031 1053 domino:

1070 1075 1161 1095 servo
1181 1069 1288 1094 aut-em
1310 1063 1359 1094 vel
1380 1063 1514 1093 ancillae
1534 1063 1565 1093 in
1590 1063 1738 1094 solatium
1764 1064 1913 1095 laesionis
1937 1064 2033 1094 datur

1071 1107 1210 1143 libertas,
1235 1116 1315 1145 quae
1336 1105 1566 1146 propemodum
1591 1105 1758 1136 dimidium
1783 1112 1832 1138 est
1854 1108 1946 1137 vitae.
1982 1106 2033 1137 Ita

1070 1150 1154 1180 servi
1186 1149 1311 1189 quidem
1336 1149 1384 1179 sui
1409 1149 1646 1187 comparatione
1670 1149 1779 1179 mitius
1802 1154 1958 1180 tractatur
1982 1149 2035 1180 do-

1071 1193 1193 1228 minus,
1229 1191 1303 1221 dum
1338 1191 1383 1221 ita
1417 1191 1544 1221 laxatur
1578 1201 1697 1230 poenae
1731 1192 1901 1223 severitas:
1937 1202 2032 1222 servo

1071 1242 1177 1264 autem
1202 1244 1260 1274 pro
1284 1234 1447 1264 luxatione
1478 1233 1526 1264 vel
1559 1234 1699 1264 fractura
1730 1234 1916 1273 rependitur
1948 1234 2031 1274 quod

1072 1278 1174 1317 magis
1197 1277 1337 1316 optabile
1361 1281 1418 1312 est,
1444 1282 1477 1306 ut
1500 1279 1718 1307 manumissus
1741 1282 1774 1307 et
1797 1277 1844 1307 sui
1867 1278 1945 1307 iuris
1969 1278 2032 1308 fac-

1074 1328 1137 1357 tus,
1163 1331 1225 1350 non
1250 1320 1411 1350 subiaceat
1436 1319 1559 1349 alienae
1582 1319 1744 1349 saevitiae.

1157 1363 1206 1393 28.
1234 1361 1269 1393 Si
1298 1372 1390 1393 corma
1417 1362 1543 1400 petierit.
1588 1362 1657 1392 Iam
1689 1362 1727 1392 ad
1759 1362 1853 1393 bruta
1883 1362 2035 1392 animalia

1074 1416 1172 1444 usque
1195 1404 1358 1436 descendit
1382 1405 1497 1441 Moses⁷
1522 1410 1558 1434 ut
1581 1406 1606 1434 si
1629 1415 1722 1444 quem
1748 1405 1957 1441 violaverint,
1982 1415 2035 1435 eo-

1073 1459 1145 1478 rum
1177 1458 1279 1487 poena
1306 1447 1410 1487 magis
1441 1458 1477 1478 ac
1508 1448 1609 1487 magis
1640 1447 1864 1477 deterreantur
1888 1447 2035 1478 homines

1073 1502 1091 1521 a
1115 1491 1270 1530 sanguine
1294 1489 1468 1520 fundendo.
1502 1490 1591 1529 Ergo
1610 1490 1636 1520 si
1658 1491 1711 1520 bos
1735 1497 1909 1530 cornupeta
1933 1490 2035 1520 homi—

1074 1544 1146 1563 nem
1171 1533 1337 1567 occiderit,
1369 1532 1504 1572 lapidari
1528 1533 1630 1569 iubet,
1653 1538 1683 1563 et
1708 1532 1846 1564 cadaver
1869 1533 1937 1563 eius
1961 1543 2033 1572 pro-

1074 1576 1124 1606 iici
1150 1583 1301 1615 tanquam
1326 1575 1547 1606 abominabile.
1593 1575 1687 1613 Quod
1720 1576 1802 1605 hanc
1831 1575 1934 1615 legem
1959 1586 2034 1606 exa-

1074 1619 1177 1659 gitant
1210 1618 1314 1649 nasuti
1346 1617 1509 1654 homines,
1541 1628 1578 1648 ac
1607 1619 1633 1648 si
1664 1618 1787 1657 puerile
1823 1624 1906 1648 esset
1935 1623 2038 1648 morte

1074 1661 1230 1691 mulctare
1249 1661 1402 1691 miserum
1424 1660 1552 1696 animal,
1577 1661 1668 1691 cuius
1688 1661 1812 1691 nullum
1833 1666 1881 1691 est
1904 1661 2035 1697 crimen,

1074 1714 1137 1734 non
1151 1704 1245 1743 longa
1264 1703 1458 1733 refutatione
1477 1703 1602 1743 indiget
1623 1704 1699 1734 haec
1719 1703 1907 1743 petulantia.
1943 1702 2036 1734 Sicut

1073 1747 1159 1777 enim
1184 1746 1281 1777 creati
1305 1751 1380 1776 suut
1412 1745 1509 1776 boves
1540 1746 1574 1776 in
1604 1747 1742 1786 gratiam
1773 1745 1958 1781 hominum,
1991 1746 2035 1776 ita

1075 1800 1138 1819 non
1170 1790 1287 1819 mirum
1317 1793 1365 1818 est
1391 1793 1455 1818 tam
1487 1795 1625 1819 mortem
1660 1799 1769 1819 eorum
1805 1799 1900 1827 quain
1938 1789 2035 1819 vitam

1075 1832 1220 1871 publicae
1254 1831 1387 1862 utilitati
1422 1830 1535 1862 addici.
1582 1831 1650 1861 lam
1681 1842 1755 1861 vero
1785 1831 1810 1861 si
1846 1831 1950 1861 alatur
1981 1831 2037 1862 bos

1074 1874 1247 1909 homicida,
1278 1874 1332 1904 tali
1365 1874 1548 1913 spectaculo
1577 1873 1664 1904 haud
1689 1874 1783 1904 dubie
1807 1874 1845 1903 ad
1871 1874 2030 1904 feritatem

1075 1917 1288 1947 obdurescent
1319 1916 1480 1947 homines:
1513 1927 1642 1948 carnem
1675 1927 1750 1946 vero
1774 1917 1840 1946 eius
1864 1916 2037 1954 comedere,

1076 1959 1265 1990 tantundem
1296 1960 1361 1989 fere
1389 1964 1474 1989 esset
1497 1970 1532 1991 ac
1558 1970 1671 1990 vorare
1696 1959 1871 1989 humanam
1896 1969 2036 1989 carnem.

1077 2003 1147 2033 Non
1172 2002 1276 2041 potuit
1299 2012 1375 2041 ergo
1398 2002 1514 2032 melius
1544 2002 1702 2041 compesci
1733 2001 1899 2031 homiuum
1925 2001 2037 2032 crude-

1077 2046 1165 2083 litas,
1196 2050 1232 2075 ut
1258 2055 1276 2074 a
1305 2044 1426 2074 mutuis
1456 2044 1605 2075 caedibus
1636 2044 1860 2080 abhorrerent,
1891 2054 1987 2082 quam
2012 2044 2038 2074 si

1077 2098 1163 2118 mors
1186 2087 1326 2117 hominis
1357 2087 1401 2116 ita
1432 2087 1658 2118 vindicaretur.
1704 2087 1742 2117 In
1777 2086 1916 2117 secunda
1947 2091 2039 2126 parte

1078 2131 1204 2170 longius
1239 2130 1445 2169 progreditur
1475 2130 1579 2167 Deus,
1614 2130 1721 2169 ipsum
1754 2129 1842 2159 bovis
1873 2129 2038 2159 dominum

1078 2174 1171 2203 morti
1196 2172 1345 2202 addicens
1369 2172 1395 2202 si
1419 2172 1602 2203 admonitus
1626 2173 1730 2207 fucrit,
1755 2176 1789 2201 ut
1808 2178 1945 2202 caveret.
1980 2172 2041 2202 Ta-

1078 2216 1116 2246 lis
1140 2216 1225 2246 enim
1249 2214 1456 2245 denunciatio
1480 2220 1684 2254 praetextum
1711 2214 1914 2254 ignorantiae
1939 2214 2038 2245 tollit:

1079 2268 1137 2289 nec
1160 2258 1241 2288 dura
1265 2257 1366 2287 videri
1390 2267 1494 2296 poena
1513 2257 1607 2288 debet
1626 2258 1658 2287 in
1677 2268 1819 2287 crassum
1840 2257 2039 2296 neglectum:

1078 2301 1153 2341 quia
1178 2300 1311 2330 liberum
1336 2300 1459 2330 exitum
1480 2301 1584 2331 noxiis
1605 2300 1715 2331 bestiis
1735 2300 1819 2335 dare,
1845 2300 2039 2330 tantundem

1874 2341 1937 2380 Qui
1963 2352 2039 2373 vero

1053 2396 1054 2411 ³
1079 2387 1182 2417 sciens
1210 2392 1242 2415 et
1271 2384 1380 2416 volens
1410 2385 1519 2416 fratris
1549 2386 1597 2416 sui
1631 2386 1728 2415 vitam
1759 2384 1868 2414 obiicit
1891 2385 2040 2424 periculo,

1053 2447 1054 2460 ι
1079 2429 1184 2459 caedis
1212 2433 1303 2458 autor
1333 2428 1447 2458 merito
1478 2434 1636 2459 censetur.

1682 2428 1773 2465 Quae
1797 2427 1926 2457 taudem
1951 2427 2041 2458 addi-

1080 2478 1133 2502 tur
1166 2471 1320 2502 correctio
1355 2471 1493 2509 speciem
1529 2470 1738 2502 absurditatis
1779 2469 1883 2508 primo
1917 2470 2040 2501 intuitu

1080 2515 1237 2550 continet,
1269 2513 1342 2552 quia
1372 2513 1441 2553 lege
1473 2514 1607 2544 vetitum
1641 2513 1700 2542 fuit
1730 2512 1833 2552 pretio
1860 2513 2040 2552 transigere

1081 2568 1153 2588 cum
1178 2554 1344 2586 homicida.
1392 2555 1457 2586 Sed
1484 2557 1558 2595 quia
1588 2556 1695 2585 differt
1726 2554 1847 2585 crimen
1871 2565 1890 2585 a
1913 2555 2041 2594 delicto,

1081 2599 1226 2639 quamvis
1259 2598 1348 2629 nefas
1379 2598 1475 2628 fuerit
1504 2609 1638 2638 poenam
1668 2608 1708 2627 ex
1747 2603 1839 2636 pacto
1874 2597 2043 2629 homicidis

1082 2642 1253 2679 remittere,
1276 2640 1365 2671 licuit
1388 2646 1496 2672 tamen
1516 2641 1673 2671 iudicibus
1692 2650 1761 2670 eam
1781 2640 1929 2680 mitigare
1948 2651 2044 2672 causa

1804 2690 1838 2715 40
