2304 3034
87 188 128 217 69

86 280 144 312 vit.
169 279 278 310 Tertio
291 279 394 310 voluit
407 288 515 309 servos
534 288 607 308 suos
625 277 656 307 in
668 287 778 307 omnes
797 280 919 308 aetates
938 287 1046 307 assue-

86 324 190 354 facere
213 322 252 352 ad
277 321 498 356 tolerantiam,
526 330 564 350 ne
587 319 766 358 liquescant
790 319 907 349 animis
931 319 957 349 si
981 330 1045 349 non

87 366 235 405 protinus
255 374 363 395 eorum
381 363 463 394 votis
482 361 680 401 respondeat,
706 361 755 392 vel
777 371 840 391 non
859 361 897 391 ad
917 362 1046 401 singula

86 414 249 438 momenta
268 410 432 438 succurrat
455 414 564 435 eornm
587 404 735 435 miseriis.
781 403 906 441 Quarto
937 410 1044 435 osten-

87 450 163 481 dere
187 449 288 480 voluit
310 453 422 480 eontra
444 457 553 477 omnes
573 446 714 477 Satanae
737 452 869 477 conatus
888 452 920 476 ct
938 447 1042 477 muni-

86 494 199 524 tiones,
223 497 334 522 contra
355 490 524 529 impiorum
548 489 720 519 amentiam
740 492 772 519 et
802 489 910 519 omnia
932 488 1045 519 mundi

87 535 318 575 impedimenta
357 542 487 563 manum
529 541 618 561 suam
653 541 780 570 semper
822 532 888 561 fore
934 532 1043 562 vict-ri-

87 588 173 610 cem:
202 588 242 607 ne
265 576 446 606 dubitemus
473 573 626 613 quidquid
652 574 742 603 nobis
761 574 958 604 contrarium
979 585 1044 605 cer-

87 621 203 655 nimus,
224 618 351 649 tandem
377 617 414 647 ab
434 626 469 646 eo
493 620 715 655 expugnatum
738 615 788 647 iri.
834 616 956 655 Quinto
989 627 1044 647 vo-

87 663 158 700 luit,
181 661 314 692 detectis
328 660 470 690 Satanae
493 664 523 689 et
546 669 713 697 magorum
728 659 921 698 praestigiis,
946 660 1043 690 eccle-

88 706 168 736 siam
191 714 278 735 suam
303 702 404 741 magis
428 706 585 731 attentam
611 701 760 739 reddere,
793 707 827 731 nt
851 702 910 732 sibi
931 714 948 732 a
972 702 1044 732 tali-

88 748 146 779 bus
169 746 293 778 insidiis
315 744 424 775 sedulo
447 750 567 779 caveat,
592 749 623 773 et
642 748 753 774 contra
772 754 884 774 omnes
897 755 1043 775 errorum

88 790 254 821 machinas
276 785 535 826 inexpugnabilis
555 793 683 816 maneat
702 787 771 816 cius
792 786 878 817 fides.
915 787 1043 818 Postre-

88 843 140 863 mo
164 831 263 862 voluit
285 829 487 860 Pharaonem
511 834 541 858 et
568 830 744 868 Aegyptios
769 830 973 867 convincere,
1006 841 1044 860 ne

87 885 148 915 quo
172 873 370 915 ignorantiae
394 877 561 910 praetextu
593 871 786 902 excusabilis
818 878 902 902 esset
933 883 1042 902 eorum

87 917 235 948 amentia.

87 965 188 991 strare
213 958 311 988 voluit
334 967 426 996 quam
448 956 610 987 horribilis
629 957 766 987 caecitas
782 962 915 997 occupet
935 968 1043 996 repro-

86 1003 199 1033 borum
226 1005 361 1036 mentes,
392 999 444 1029 ubi
476 1009 528 1029 eas
559 999 691 1037 spiritus
726 1000 773 1030 sni
798 1000 868 1031 luce
892 999 1043 1031 desernit.

86 1045 176 1076 Haeo
221 1043 253 1073 in
284 1042 364 1073 serie
399 1041 593 1072 narrationis
638 1041 814 1080 prudenter
843 1042 1045 1073 observanda

86 1093 188 1123 erunt,
212 1086 237 1116 si
259 1085 405 1124 cupimus
428 1094 467 1114 ex
492 1094 528 1114 ea
553 1085 711 1122 proficere.
742 1085 785 1115 Ut
805 1084 950 1115 difficiles
970 1090 1045 1115 sunt
1071 1124 1072 1134 ¹

85 1139 195 1169 regum
220 1137 375 1161 accessus.
400 1136 459 1156 nec
482 1127 656 1165 quemlibet
680 1138 719 1157 ex
743 1127 840 1167 vulgo
874 1127 1044 1158 admittere

85 1172 272 1211 dignantur,
305 1170 444 1208 oportuit
469 1169 583 1199 Mosen
614 1176 646 1199 et
672 1170 803 1200 Aharou
828 1181 891 1200 non
918 1171 1042 1210 vulgari

83 1213 275 1246 confidentia
299 1222 367 1242 esse
392 1212 561 1250 praeditos,
597 1223 694 1251 quum
722 1213 921 1243 Pharaonem
947 1213 1044 1244 libere

83 1256 224 1296 aggressi
258 1262 343 1285 sunt.
390 1254 509 1285 Odiosa
543 1255 630 1285 enim
664 1260 696 1284 et
730 1256 914 1286 offensionis
949 1256 1042 1295 plena

83 1304 151 1330 erat
184 1298 311 1337 legatio,
347 1303 381 1327 ut
415 1305 475 1326 iter
510 1297 605 1327 tridui
642 1298 745 1328 faeere
780 1305 872 1328 extra
903 1299 1043 1339 Aegypti

82 1343 162 1373 fines
186 1341 301 1380 populo
325 1340 540 1379 permitteret:
564 1341 637 1379 quia
662 1340 792 1371 dubium
818 1352 878 1371 non
904 1348 952 1371 est
965 1342 1043 1380 quin

83 1384 259 1424 obrepserit
284 1383 434 1422 suspicio,
457 1382 512 1421 qui
537 1382 658 1412 dimissi
683 1390 790 1413 essent
814 1394 878 1414 non
904 1384 1044 1423 amplius
1070 1403 1071 1410 t

83 1427 149 1458 fore
180 1436 255 1457 suae
283 1425 422 1461 ditionis,
458 1432 553 1464 atque
578 1425 620 1455 ita
642 1433 765 1464 partem
793 1433 898 1456 terrac
930 1427 1043 1457 incolis

83 1468 252 1500 exinaniri.
299 1468 406 1499 Moses
429 1473 535 1497 tamen
561 1475 590 1497 ct
613 1469 745 1499 Ali-aron
770 1469 828 1499 Dei
856 1469 1042 1500 mandatnm

82 1512 224 1552 perferre
247 1522 309 1541 non
332 1517 497 1541 verentur:
524 1511 553 1540 in
579 1521 640 1549 quo
662 1510 720 1541 hoc
745 1522 868 1551 quoque
893 1523 1041 1551 asperum

82 1559 150 1585 erat
173 1554 268 1585 lautis
291 1560 320 1583 et
345 1553 493 1584 fastuosis
517 1554 602 1593 regis
626 1554 766 1589 auribus,
792 1553 874 1593 quod
898 1555 954 1585 uni
976 1556 1043 1586 Deo

81 1597 182 1628 Israel
206 1596 393 1627 asserebant
420 1595 548 1626 deitatis
571 1596 715 1635 gloriam.
762 1597 844 1627 Nam
864 1598 968 1636 ipsum
989 1608 1043 1628 vo-

81 1640 182 1672 cando
206 1639 338 1675 Iehova,
375 1638 448 1668 deos
472 1638 524 1677 qui
548 1639 580 1669 in
607 1639 755 1679 Aegypto
778 1640 966 1670 colebantur
989 1642 1043 1671 fic-
1069 1672 1070 1680 ἵ

1069 1686 1070 1693 ’
1096 1684 1202 1714 tabilis
1235 1695 1345 1715 eorum
1382 1685 1476 1715 furor.

82 1683 168 1713 titios
190 1686 222 1712 et
244 1681 410 1712 hominum
436 1680 568 1711 arbitrio
592 1690 716 1712 creatos
747 1693 814 1713 csse
846 1683 1041 1723 intelligunt.

82 1724 176 1764 Quod
206 1724 346 1755 affirmat
377 1723 467 1754 Deus
498 1734 530 1754 se
562 1724 715 1763 populum
742 1735 854 1755 vocare
878 1726 910 1755 in
935 1725 1042 1756 deser-

82 1775 150 1798 tum
175 1772 210 1797 ut
233 1767 349 1798 festum
373 1767 454 1796 diem
479 1766 649 1803 celebrent,
674 1778 856 1807 quanquam
883 1780 943 1798 non
970 1780 1042 1807 ape-
1069 1790 1070 1795 ,

82 1811 124 1841 rit
156 1816 292 1850 tyranno
322 1820 415 1840 suum
445 1809 632 1843 consilium,
663 1809 804 1841 diximus
834 1815 940 1841 tamen
966 1812 1040 1841 alibi

83 1852 203 1883 nullam
236 1863 304 1883 esse
333 1852 570 1882 simulationem
596 1853 627 1882 in
654 1852 711 1883 hoc
737 1860 915 1892 praetextu.

82 1896 167 1926 enim
189 1895 333 1934 placebat
360 1895 427 1925 Deo
451 1894 508 1924 sibi
533 1896 639 1925 offerri
660 1895 691 1925 in
715 1901 821 1926 monte
834 1897 924 1926 Sinai
945 1897 1041 1927 sacri-

82 1938 187 1969 ficium
216 1938 391 1977 gratiarum
424 1937 575 1973 actionis,
600 1942 631 1968 et
654 1938 697 1968 ita
722 1940 863 1978 separari
900 1950 917 1969 a
946 1944 1042 1979 gente

81 1980 200 2020 polluta
224 1981 274 2011 cui
298 1980 448 2019 permixti
473 1980 610 2011 fuerant.
658 1981 698 2010 Et
733 1987 818 2011 certe
842 1982 1040 2013 stomachum

81 2029 220 2063 tyranno
243 2033 372 2053 movere
397 2022 515 2061 voluit⁷
549 2030 647 2053 totam
688 2026 871 2064 Aegyptum
905 2026 1040 2063 ignomi-

83 2066 152 2096 niae
177 2065 366 2101 damnando,
401 2065 482 2104 quod
509 2066 578 2105 puri
603 2066 710 2096 cultus
734 2078 832 2106 capax
859 2078 920 2097 non
946 2074 1040 2098 esset.

83 2107 178 2138 Nulla
212 2114 316 2138 autem
352 2107 422 2147 lege
457 2108 630 2139 adstrictus
660 2110 717 2139 fuit
749 2110 785 2139 ad
821 2110 1039 2141 liberationem

82 2155 190 2189 aperte
215 2150 453 2181 declarandam:
477 2151 551 2189 quin
574 2151 680 2190 potius
704 2159 737 2182 ut
759 2154 846 2182 virus
866 2153 1040 2192 impietatis

83 2192 209 2223 eliceret
232 2204 269 2222 ex
294 2193 421 2232 tyranni
446 2194 562 2227 animo.
587 2194 667 2223 nihil
694 2195 783 2233 petiit
811 2196 841 2225 in
867 2196 973 2235 populi
989 2196 1039 2225 sui

82 2235 291 2271 commodum,
321 2235 373 2266 scd
399 2235 519 2266 cultum
544 2236 602 2267 sibi
627 2236 768 2267 debitum
794 2238 910 2278 exegit.
959 2238 1039 2269 Ver-

83 2277 158 2307 bum
182 2287 241 2315 quo
264 2278 365 2308 utitur
389 2278 511 2313 Moses,

83 2319 256 2358 significat,
280 2319 333 2349 sed
357 2320 548 2360 appendices
571 2322 666 2352 etiam
692 2323 929 2362 complectitur,
953 2324 1038 2354 ideo-

82 2371 143 2400 que
174 2372 228 2400 per
258 2362 473 2400 synecdochen
506 2364 556 2394 hic
583 2365 752 2403 accipitur,
785 2372 817 2395 nt
848 2367 944 2396 etiam
969 2366 1039 2397 aliis

82 2404 166 2437 locis,
193 2414 248 2442 pro
274 2403 376 2434 Deum
399 2405 502 2436 colere
525 2407 648 2437 solenni
671 2408 742 2438 ritu.

168 2445 196 2476 2.
222 2445 262 2475 Et
284 2446 363 2477 dixit
389 2447 529 2479 Pharao:
566 2450 643 2488 Quis
665 2453 708 2480 est
732 2450 852 2481 Ielzova.
898 2452 1037 2482 Tantum

83 2488 305 2518 dementi-acin
331 2488 459 2520 homine
482 2493 608 2522 mortali
629 2493 727 2523 fuisse
742 2494 792 2523 vix
814 2494 964 2525 credibile
980 2500 1037 2534 est,

83 2539 116 2561 ut
142 2531 245 2560 Deum
270 2537 333 2560 tam
357 2539 504 2570 proterve
528 2535 717 2573 spernendo,
742 2537 831 2575 quasi
857 2537 887 2567 in
913 2537 1037 2568 eoelum

82 2578 280 2611 conspueret.
327 2573 389 2603 sed
411 2575 583 2607 notandum
605 2584 660 2613 cst,
687 2584 859 2617 tyrannum
885 2580 1037 2619 supersti-

83 2616 221 2646 tionibus
245 2614 385 2645 deditum
411 2617 453 2646 ita
478 2618 646 2651 insultasse
672 2621 739 2651 Deo
762 2621 878 2659 Israel,
913 2628 947 2652 ut
969 2634 1035 2653 ma-

280 914 384 945 Simul
420 913 515 943 ctiam
552 912 610 943 sub
645 913 703 944 hoc
736 920 812 954 typo
837 914 927 945 uobis
953 925 1044 945 mon·
1072 916 1073 924 ¹

1071 953 1073 998 J
1097 969 1203 989 crassa
1228 959 1288 989 fuit
1319 960 1475 998 impietas.

543 2279 670 2318 proprie
695 2279 778 2310 diem
804 2281 919 2310 festum
946 2292 1039 2319 agere
1065 2298 1066 2311 ι

678 183 1043 216 COMMENTARIUS
1068 184 1115 214 IN
1139 184 1287 216 EXODI
1311 186 1407 218 CAP.
1434 187 1471 219 V.

958 1854 1042 1884 Vere
1068 1853 1083 1875 Γ

1063 2457 1066 2563 Ι

2024 191 2064 221 70

1100 278 1186 308 xime
1210 279 1299 318 pium
1323 289 1357 309 se
1381 285 1507 319 putaret
1531 291 1609 320 erga
1631 281 1727 312 falsos
1751 281 1833 313 deos.
1872 282 1954 313 Nam
1978 283 2063 322 quod

1099 331 1216 351 nomeu
1240 321 1360 352 Iehova
1383 324 1612 354 contumeliose
1642 324 1754 360 iactat,
1786 325 1937 365 restringi
1968 325 2062 356 debet

1099 362 1176 393 haec
1199 364 1407 394 subsannatio
1438 365 1477 395 ad
1506 366 1603 396 Mosis
1634 377 1830 398 sermonem:
1863 368 1951 407 quasi
1977 368 2064 399 dice-

1098 411 1160 436 ret:
1194 406 1280 444 Quid
1311 407 1389 436 mihi
1419 409 1551 447 opponis
1583 415 1744 448 spectrum
1776 411 1976 449 incognitum
2001 410 2060 441 sub

1098 447 1191 478 titulo
1206 449 1265 479 Dei
1287 450 1417 487 aeterni,
1442 461 1477 481 ac
1496 451 1522 481 si
1544 451 1651 482 nullus
1671 459 1754 482 esset
1773 453 1855 491 apud
1877 463 1933 483 nos
1947 453 2059 484 Deus?

1098 490 1152 521 Sic
1176 490 1299 521 Pilatus
1323 490 1404 532 (Ioh.
1432 493 1478 529 18,
1503 492 1565 534 38),
1590 504 1688 533 quum
1709 494 1859 525 Christus
1884 495 2003 526 diceret
2027 505 2062 527 se

1097 538 1129 563 ct
1149 534 1179 563 in
1204 533 1388 564 hocnatum
1412 546 1480 565 esse
1503 542 1534 565 et
1555 536 1680 567 venisse
1704 537 1734 567 in
1759 537 1915 568 mundum
1938 543 1973 568 ut
1998 542 2063 569 tes-

1098 575 1269 606 timouium
1302 576 1449 607 redderet
1479 578 1625 616 veritati,
1660 579 1780 610 ironice
1804 591 1862 611 nec
1884 581 1952 611 sine
1974 580 2060 611 ludi-

1098 617 1166 648 brio
1190 618 1380 656 interrogat:
1426 620 1512 658 Quid
1544 627 1592 651 est
1624 622 1767 652 veritas?
1814 623 1963 662 Denique
1993 634 2058 654 non

1098 661 1186 691 visus
1217 668 1261 691 est
1293 662 1351 691 sibi
1384 662 1511 693 Pharao
1542 663 1644 694 facere
1677 665 1744 695 Deo
1767 665 1928 701 iniuriam,
1960 676 2058 705 quum

1099 714 1218 733 numen
1248 704 1482 743 prodigiosmn,
1514 712 1548 735 ut
1579 706 1721 745 putabat,
1747 708 1902 738 facessere
1925 708 2060 739 iuberet.

1098 745 1210 785 Neque
1233 752 1339 776 tamen
1365 747 1403 776 ad
1427 748 1666 779 exeusationem
1694 750 1793 780 valuit
1815 761 1912 784 error.
1943 753 1994 789 qui
2020 762 2061 782 ex

1098 789 1216 818 furiosa
1227 788 1358 819 audacia
1367 795 1395 819 ct
1407 796 1590 829 contemptu
1604 792 1661 822 Dei
1671 792 1841 824 oriebatur.
1859 793 1946 830 Esto,
1958 793 2063 824 noluit

1097 832 1163 861 suis
1183 830 1275 861 idolis
1295 831 1465 871 quidquam
1487 832 1664 867 detrahere.
1685 840 1779 874 atque
1799 836 1843 866 ita
1861 835 2060 875 imaginatus

1098 880 1144 903 est
1170 885 1202 903 se
1228 874 1380 913 religione
1403 873 1542 914 defungi.
1574 877 1670 916 Atqui
1693 882 1756 907 tam
1777 889 1888 908 secure
1907 889 2060 918 respuere

1098 917 1166 946 veri
1194 917 1253 946 Dei
1282 927 1412 952 nomen,
1444 924 1475 946 et
1499 919 1610 949 sannis
1629 919 1724 949 etiam
1749 922 1931 961 exagitare,
1964 922 2060 952 nimis

1523 961 1667 992 Similem
1695 962 1889 994 dementiam
1915 964 2061 995 animad-

1099 1008 1225 1032 vertere
1249 1002 1280 1031 iu
1305 1002 1454 1032 omnibus
1478 1001 1666 1034 idololatriis
1691 1005 1779 1035 licet:
1811 1007 1884 1045 quia
1907 1007 2059 1037 inebriati

1097 1045 1162 1074 suis
1186 1045 1347 1075 erroribus
1374 1045 1475 1075 Deum
1500 1045 1651 1077 audacter
1674 1048 1882 1085 subsannant,
1908 1060 1965 1080 nec
1989 1049 2059 1090 dig-

1098 1093 1218 1117 nantur
1242 1087 1279 1117 de
1302 1087 1371 1126 ipso
1396 1087 1564 1125 inquirere.
1622 1090 1772 1120 Clamant
1797 1091 1889 1121 hodie
1915 1092 2060 1131 papistae

1098 1140 1154 1159 nos
1177 1129 1346 1160 obtrudere
1379 1130 1498 1159 mundo
1523 1142 1640 1161 novum
1674 1133 1786 1163 Deum.
1823 1138 1853 1163 et.
1876 1133 1934 1164 sibi
1967 1135 2059 1174 plau-

1071 1171 1209 1202 ¹dentes
1239 1173 1269 1202 in
1306 1173 1513 1203 crassissimis
1546 1174 1683 1211 delirus,
1718 1175 1871 1215 quidquid
1907 1176 2059 1209 docemus

1097 1215 1272 1254 impietatis
1303 1215 1454 1245 damnar‹¹
1485 1226 1546 1245 non
1579 1216 1742 1247 dubitant:
1774 1230 1836 1248 nou
1869 1220 1952 1258 quod
1984 1231 2057 1260 per-

1097 1258 1182 1287 suasi
1208 1258 1271 1287 sint
1296 1264 1415 1288 rectum
1442 1269 1473 1285 se
1499 1264 1605 1289 tencre
1630 1260 1687 1289 Dei
1713 1260 1843 1296 cultum,
1868 1262 1923 1292 sed
1943 1266 2058 1300 sponte

1070 1336 1071 1343 ἵ
1097 1302 1290 1336 caecutiunt,
1315 1307 1350 1330 ut
1374 1301 1502 1339 impune.
1525 1302 1655 1332 eludant
1678 1314 1799 1334 sacram
1826 1304 1885 1334 Dei
1911 1306 2059 1335 maiesta-

1097 1348 1177 1376 tem,
1210 1350 1337 1381 stupore
1367 1343 1503 1373 obruant
1532 1346 1757 1381 conscientias,
1789 1350 1820 1376 et
1856 1347 2056 1378 mortiferum

1097 1396 1242 1424 soporem
1268 1386 1327 1415 sibi
1351 1386 1528 1416 concilient.
1578 1388 1668 1417 Acuti
1701 1389 1797 1418 etiam
1826 1394 1857 1419 et
1881 1390 1972 1420 faceti
1998 1391 2057 1421 sibi

1098 1428 1248 1458 videntur
1272 1428 1347 1458 dum
1370 1429 1544 1459 novitatem
1569 1429 1731 1461 doctrinae
1756 1436 1884 1462 nostrae
1903 1433 1970 1463 suis
1990 1433 2056 1464 dic-

1099 1471 1186 1501 teriis
1221 1471 1397 1501 incessunt:
1432 1482 1527 1510 quum
1565 1476 1670 1503 tamen
1699 1473 1777 1504 satis
1812 1474 1980 1514 perspicua
2015 1476 2057 1507 sit

1097 1513 1166 1543 eius
1202 1514 1335 1550 veritas,
1370 1514 1395 1543 si
1431 1514 1522 1543 modo
1553 1516 1711 1554 aperirent
1742 1516 1858 1547 oculos.
1906 1518 2057 1557 Epicurei

1097 1556 1193 1586 etiam
1217 1555 1292 1597 (qna
1317 1556 1384 1586 labe
1408 1567 1492 1587 nunc
1515 1558 1649 1588 refertus
1668 1563 1715 1588 est
1735 1558 1885 1600 mundus)
1910 1562 2057 1599 quamvis

1098 1598 1280 1638 petulanter
1299 1598 1491 1638 despument
1505 1599 1657 1630 adversus
1673 1601 1786 1636 Deum,
1807 1612 1934 1641 semper
1947 1607 2057 1634 tamen

1096 1641 1270 1672 offundunt
1293 1642 1414 1681 aliquas
1437 1642 1577 1674 nebulas,
1601 1642 1659 1673 sub
1690 1644 1805 1683 quibus
1829 1644 1927 1675 lateat
1951 1645 2056 1676 detes-

1530 1685 1719 1716 Obteudunt
1749 1686 1853 1723 enim,
1892 1688 1923 1717 in
1964 1694 2056 1719 tanta.

1095 1727 1283 1765 opinionum
1310 1727 1462 1757 varietate
1486 1727 1537 1758 vix
1564 1739 1652 1765 posse
1676 1728 1814 1759 discerni
1843 1729 1988 1769 quisnam
2013 1730 2057 1762 sit

1097 1770 1184 1799 Dens
1214 1770 1260 1800 vel
1294 1770 1368 1809 qnid
1399 1771 1515 1800 iubeat.
1563 1772 1696 1801 Summa.
1727 1777 1831 1802 tamen
1865 1771 1927 1803 huc
1961 1773 2055 1811 redit,

1095 1822 1134 1842 ne
1159 1812 1234 1851 quid
1260 1813 1300 1843 sit
1325 1813 1401 1851 ipsis
1425 1813 1542 1851 nug-otii
1568 1824 1637 1843 eum
1662 1814 1729 1843 Deo
1753 1819 1784 1844 et.
1814 1820 1919 1845 tamen
1951 1815 2056 1846 iocose

1095 1854 1215 1885 diluant
1243 1856 1415 1895 impietatis
1439 1856 1586 1886 dedecus:
1612 1866 1647 1886 ae
1671 1857 1696 1886 si
1721 1856 1855 1886 liberum
1876 1858 1953 1896 ipsis
1972 1863 2056 1888 essct

1096 1897 1265 1936 repudiare
1296 1898 1377 1937 quod
1409 1899 1544 1928 scientes
1573 1899 1730 1937 ignorant.
1777 1899 1950 1938 Postquam
1977 1911 2054 1932 vero

1094 1940 1223 1979 oblique
1236 1940 1348 1972 derisit
1363 1941 1460 1971 Mosis
1483 1942 1669 1980 legationem
1690 1941 1778 1980 quasi
1800 1953 1865 1971 rem
1888 1942 2054 1981 ludicram,

1068 1983 1237 2022 *apertius
1277 1988 1309 2014 et
1350 1984 1468 2014 maiore
1509 1983 1700 2013 contumelia
1740 1984 1922 2023 snperbiam
1963 1996 2055 2016 suam

1094 2026 1229 2061 evomit,
1265 2037 1297 2056 sc
1332 2037 1388 2066 pro
1423 2026 1521 2056 nihilo
1556 2026 1671 2056 ducere
1703 2026 1803 2056 Deum
1841 2027 1930 2057 illum
1962 2029 2055 2058 cuius

1095 2069 1225 2098 nomino
1250 2080 1321 2099 enm
1349 2069 1455 2099 Moses
1479 2074 1511 2099 ct
1534 2068 1663 2098 Aharon
1691 2069 1860 2099 terrebant.

1179 2112 1206 2141 3.
1236 2112 1321 2142 sanc
1349 2112 1506 2149 (laverunt,
1535 2111 1621 2141 Dans
1646 2110 1861 2142 Hebraeorum.
1908 2112 2054 2153 Pergunt

1094 2154 1124 2183 in
1158 2164 1215 2184 sua
1252 2155 1408 2194 legatione
1444 2155 1548 2184 Moses
1582 2159 1612 2183 et
1638 2154 1786 2191 Aliaron,
1827 2165 1884 2185 nee
1920 2155 2054 2194 tyranni

1094 2197 1245 2235 superbia*
1276 2198 1387 2227 minuit
1417 2198 1464 2226 vil
1491 2197 1635 2227 debilitat
1664 2207 1771 2226 eorum
1803 2198 1942 2232 animos,
1973 2208 2053 2236 quo-

1093 2239 1200 2269 minus
1227 2241 1318 2270 unico
1346 2241 1411 2270 Deo
1435 2240 1487 2278 qui
1512 2250 1544 2269 se
1569 2239 1774 2278 peculiariter
1805 2239 1867 2269 illis
1891 2239 2052 2278 adiunxit,

1093 2282 1226 2320 gloriam
1247 2293 1336 2312 suam
1357 2290 1511 2312 asserant.
1548 2282 1587 2312 Et
1608 2288 1692 2312 certe
1714 2282 1771 2311 boc
1790 2281 1862 2311 fidei
1883 2283 2052 2321 proprium

1091 2329 1155 2362 est,
1183 2325 1307 2355 calcare
1331 2336 1456 2355 ornnem
1484 2324 1592 2354 mundi
1624 2324 1842 2355 altitudinem:
1871 2325 1962 2355 sicuti
1988 2325 2051 2356 Dei

1093 2368 1209 2398 veritas
1229 2368 1316 2397 omni
1330 2373 1458 2397 terrena
1477 2367 1666 2397 excellentia
1684 2367 1828 2405 superior
1847 2372 1903 2397 est.
1939 2367 2051 2407 Neque

1090 2410 1176 2439 enim
1213 2411 1314 2448 magis
1349 2410 1446 2441 libere
1488 2411 1625 2439 refutare
1667 2415 1812 2447 poterant
1853 2410 1982 2448 impiam
2019 2414 2052 2440 et

1090 2448 1279 2491 sacrilegam
1302 2464 1410 2483 vocem
1436 2452 1538 2482 illam:
1563 2452 1633 2481 Non
1659 2452 1731 2481 novi
1758 2451 1927 2488 Iehovam,
1955 2462 2050 2491 quam

1090 2494 1165 2524 dum
1198 2506 1308 2526 rursus
1337 2500 1522 2526 asseverant
1551 2504 1661 2523 verum
1694 2493 1797 2523 Deum
1834 2495 1939 2533 gentis
1974 2505 2050 2525 suae

1089 2547 1158 2567 esse
1183 2538 1370 2577 praesidemy
1395 2538 1488 2576 idque
1509 2537 1628 2567 visione
1648 2542 1735 2567 certa
1754 2547 1822 2566 esse
1842 2536 2049 2575 patefactum.

1089 2580 1305 2610 Comminatio
1336 2580 1440 2610 addita
1469 2580 1666 2609 Pharaonem
1699 2579 1849 2608 admonet
1878 2590 1941 2609 non
1966 2579 2066 2609 inni--

1089 2628 1153 2652 tam
1178 2623 1245 2653 fore
1269 2623 1337 2654 eius
1360 2622 1603 2658 contumaciamy
1628 2621 1653 2651 si
1678 2621 1828 2660 populum
1850 2632 1867 2651 a
1880 2621 1941 2651 Dei
1961 2622 2051 2653 cultu

1811 2671 1843 2695 a*
