2304 3034
103 205 165 237 669

803 197 1027 231 OCTAVUM
1060 196 1380 229 PRAECEPTUM.

2022 196 2086 228 670

699 395 1011 443 OCTAVUM
1045 394 1489 441 PRAEGEPTUM.

415 549 479 582 EX
503 547 653 580 EXODI
675 546 754 579 XX.

189 638 239 671 15.
273 637 343 669 Non
364 634 532 675 furaberis.

200 829 447 863 REPETITIO
470 828 678 861 EIUSDEM
703 825 970 858 PRAEOEPTI.

447 888 512 921 EX
536 887 668 920 DEU'P.
697 887 732 918 V.

186 976 234 1007 19.
271 975 342 1007 Non
361 975 528 1015 furaberis.

185 1061 325 1100 Quando
361 1061 478 1091 caritas
515 1063 563 1090 est
593 1059 666 1090 finis
694 1057 792 1098 legis,
822 1056 896 1087 inde
927 1055 1066 1096 petenda

101 1110 149 1136 est
178 1104 332 1136 definitio.
379 1103 469 1134 Haec
500 1112 596 1142 porro
627 1101 772 1133 caritatis
795 1099 908 1140 regula
938 1104 1001 1135 est,
1031 1104 1065 1129 ut

100 1148 150 1179 ius
173 1157 267 1178 suum
291 1146 406 1186 cuique
429 1146 556 1177 salvum
580 1150 725 1181 maneat,
754 1153 811 1174 nec
829 1142 996 1182 quisquam
1020 1142 1066 1171 al·

101 1190 163 1221 teri
181 1189 279 1221 faeiat
298 1188 381 1230 quod
404 1188 465 1219 sibi
488 1199 552 1219 non
578 1187 648 1218 vult
670 1186 749 1218 fieri.
795 1185 889 1217 Unde
912 1184 1064 1224 sequitur,

100 1243 166 1264 non
197 1232 301 1264 solum
332 1242 386 1263 eos
416 1231 518 1262 furari
546 1230 602 1270 qui
632 1240 684 1261 res
715 1229 836 1260 alienas
859 1228 941 1259 elam
965 1227 1065 1258 surri-

100 1275 210 1316 piunt,
242 1274 298 1306 sed
328 1275 381 1314 qui
411 1284 450 1304 ex
474 1273 609 1304 aliorum
637 1272 754 1303 damno
778 1272 902 1302 lucrum
926 1274 1065 1310 captant,

100 1318 221 1349 illicitis
243 1316 366 1348 artibus
385 1327 462 1357 opes
480 1315 694 1352 accumulant,
719 1316 822 1354 magis
841 1313 880 1345 ad
905 1313 1066 1353 privatam

101 1360 275 1392 utilitatem
299 1370 395 1400 quam
419 1359 458 1390 ad
478 1359 672 1399 aequitatem
693 1357 805 1389 attenti
826 1360 910 1388 sunt.
938 1356 987 1387 lta
1007 1355 1068 1387 sub

100 1403 186 1435 furto
209 1401 532 1443 comprehenduntur
554 1402 701 1441 rapinae,
732 1400 806 1440 quia
829 1399 909 1430 nibil
932 1399 1068 1430 interest

100 1446 254 1477 fraudene
278 1457 319 1477 an
343 1445 497 1476 violentia
520 1444 705 1484 proximum
732 1443 802 1483 quis
833 1442 956 1482 spoliet.
1003 1441 1067 1471 Ve-

100 1499 175 1520 rum
209 1499 271 1528 quo
304 1488 421 1519 melius
455 1498 528 1519 suos
562 1486 655 1518 Deus
688 1485 874 1526 prohiberet
908 1484 947 1515 ab
980 1484 1067 1515 omni

101 1532 222 1563 iniusta
251 1531 469 1568 fraudatione,
500 1529 631 1561 furandi
663 1529 795 1560 verbum
826 1528 949 1568 posuit:
983 1526 1067 1567 quod

102 1579 139 1605 ut
165 1573 371 1614 probrosum,
400 1584 511 1604 omnes
546 1572 739 1603 naturaliter
768 1570 953 1601 exhorrent.
1001 1569 1068 1601 Sci-

101 1627 174 1648 mus
204 1617 290 1648 enim
319 1626 417 1656 quam
447 1616 546 1646 variis
574 1615 807 1655 integumentis
832 1613 989 1644 maleficia
1011 1623 1069 1644 sua

101 1659 249 1691 homines
272 1659 445 1699 sepeliant,
469 1669 572 1698 neque
596 1658 627 1688 id
647 1657 758 1694 modo,
781 1655 836 1687 sed
860 1657 955 1687 etiam
981 1656 1069 1686 falsis

102 1702 259 1733 coloribus
278 1703 310 1732 in
334 1701 462 1732 laudem
488 1706 625 1732 vertant.
658 1699 809 1731 Vafrities
833 1705 863 1730 et
883 1709 984 1738 prava
1007 1698 1069 1730 cal—

102 1744 209 1776 liditas
229 1749 361 1776 vocatur
380 1743 567 1784 prudentia:
593 1743 748 1783 providus
767 1753 802 1774 ae
819 1742 1070 1782 ericumspectus

104 1786 220 1818 dicitur
250 1787 303 1827 qui
333 1787 410 1818 alios
438 1792 544 1818 astute
575 1787 800 1823 circumvenit,
832 1785 885 1825 qui
915 1785 1068 1824 illaqueat

103 1830 273 1870 simplices,
292 1839 328 1861 ae
347 1830 480 1860 miseros
502 1829 653 1860 insidiose
672 1829 832 1869 opprimit.
863 1827 972 1866 Quum
993 1838 1069 1867 ergo

104 1873 245 1904 mundus
272 1873 352 1903 vitia
374 1882 432 1912 pro
456 1872 632 1903 virtutibus
656 1871 814 1906 venditet,
845 1876 939 1910 atque
963 1871 1007 1901 ita
1031 1870 1067 1900 li-

105 1915 178 1947 bere
207 1915 267 1947 sibi
297 1926 409 1946 omnes
437 1915 644 1954 indulgeant,
678 1914 768 1944 Deus
798 1914 904 1945 fucum
939 1923 1067 1944 omnem

106 1958 277 1998 abstergit,
309 1957 467 1998 quaslibet
497 1958 622 1998 iniquas
645 1956 792 1988 lucrandi
816 1962 901 1987 artes
924 1967 1068 1996 pronun-

107 2001 195 2033 cians
224 2000 359 2031 totidem
391 2010 459 2031 esse
494 2001 588 2031 furta.

107 2043 189 2083 apud
219 2043 354 2075 eoeleste
383 2043 523 2074 tribunal
547 2044 653 2079 statui,
678 2042 804 2082 quando
829 2054 846 2073 a
869 2042 1069 2081 philosophis

108 2085 217 2116 eadem
251 2095 349 2126 prope
385 2086 502 2116 tradita
537 2091 584 2116 est
614 2084 769 2116 doctriua.
814 2085 883 2115 Iam
914 2085 1070 2115 memoria

109 2128 283 2159 tenendum
314 2132 376 2165 est,
406 2128 614 2168 prohibitioni
647 2138 810 2159 annexum
834 2138 902 2158 esse
927 2127 1069 2158 affirma-

111 2170 210 2201 tivum
233 2176 457 2211 praeceptum,
488 2179 521 2201 ut
552 2171 741 2210 loquuntur:
771 2171 845 2210 quia
868 2170 897 2201 si
920 2170 959 2201 ab
982 2169 1069 2201 omni

110 2212 264 2244 maleficio
287 2214 552 2250 abstinuerimus,
578 2224 640 2244 non
665 2213 735 2244 ideo
756 2213 900 2252 protinus
925 2213 1070 2244 satisfac-

111 2257 179 2284 tum
198 2256 256 2286 erit
276 2256 353 2293 Deo,
373 2256 427 2295 qui
446 2256 593 2287 homines
612 2262 724 2287 mutuo
742 2256 827 2286 inter
842 2267 875 2286 se
891 2255 1073 2294 obstrinxit,

111 2301 148 2327 ut
170 2296 222 2327 alii
245 2298 314 2329 aliis
338 2298 504 2338 prodesse,
528 2299 710 2336 consulere,
734 2304 766 2328 et
789 2298 938 2338 opitulari
963 2298 1072 2329 stude-

113 2343 178 2370 ant.

113 2391 149 2412 ao
178 2381 436 2421 beneficentiam,
471 2384 596 2424 aliaque
627 2384 742 2424 quibus
772 2384 914 2414 humana
939 2385 1074 2415 societas

112 2424 237 2471 fovetur
263 2425 378 2463 officia,
402 2428 612 2458 commendet.
658 2429 705 2458 Ac
726 2426 859 2466 proinde
883 2437 923 2457 ne
943 2438 1000 2467 pro
1024 2428 1073 2458 fu-

113 2466 202 2497 ribus
225 2466 306 2505 apud
328 2468 433 2499 Deum
458 2470 667 2507 damnemur,
697 2469 800 2509 quoad
833 2469 937 2499 licebit
968 2470 1074 2501 danda

114 2511 177 2539 erit
200 2518 295 2547 opera
318 2515 352 2540 ut
374 2512 490 2551 cuique
514 2513 639 2544 salvum
664 2516 794 2543 maneat
817 2512 899 2552 quod
923 2513 1074 2552 possidet,
1100 2530 1101 2553 ;

114 2555 146 2581 et
173 2551 379 2623 tprocuranda
411 2554 544 2586 fratrum
580 2555 704 2586 utilitas
738 2565 802 2585 non
837 2554 944 2586 minus
978 2567 1073 2595 quam

111 2604 170 2624 nos
188 2604 230 2623 ra.

635 1999 729 2038 Quod
762 2000 809 2030 ius
839 2010 878 2029 ne
912 1999 1069 2029 miremur
1095 2011 1096 2024 ι

222 2339 328 2378 Quare
351 2342 483 2372 minime
510 2342 640 2373 dubium
666 2346 715 2372 est
740 2341 816 2381 quin
846 2341 1073 2372 liberalitatem
1099 2347 1100 2350 ’

1340 543 1591 576 EXPOSITIO
1611 543 1880 576 PRAECEP'PI.

1424 612 1488 644 EX
1512 611 1663 643 LEVI'P.
1688 610 1784 643 XIX.

1206 706 1253 736 11.
1291 705 1362 737 Ncm
1382 705 1569 745 furabimini
1591 707 1617 736 et
1635 715 1695 737 nort
1712 704 1870 746 ‘neqaln'tis⁷
1893 714 1987 744 neque
2003 714 2085 736 mert-

1119 749 1239 780 tiemim'
1257 749 1387 788 quisque
1403 748 1550 788 proximo
1572 758 1635 779 suo.

1378 916 1442 949 EX
1466 916 1628 948 EODEM
1652 916 1828 948 CAPITE.

1206 1012 1254 1043 13.
1280 1011 1351 1043 Non
1369 1011 1524 1050 opprimes
1530 1011 1712 1049 proximum
1736 1013 1830 1046 tuum,
1854 1021 1949 1050 neque
1966 1012 2085 1051 rapies:

1119 1065 1171 1086 nec
1200 1055 1371 1086 morabitur
1399 1063 1477 1093 opus
1506 1053 1689 1085 mercenarii
1712 1053 1797 1092 apud
1819 1056 1846 1085 te
1870 1064 1965 1093 usque
1986 1064 2083 1086 mane.

1204 1147 1268 1179 Hic
1298 1146 1394 1187 paulo
1424 1147 1543 1178 elarius
1567 1152 1708 1177 mentem
1736 1157 1828 1178 suam
1859 1151 1892 1177 et
1913 1147 2085 1179 eonsilium

1119 1191 1210 1222 Deus
1233 1190 1389 1230 explieat,
1418 1190 1492 1229 quia
1519 1189 1649 1220 furandi
1675 1189 1796 1228 species
1820 1194 2004 1228 enumerat,
2031 1191 2084 1222 ubi

1120 1234 1275 1264 fallaciter
1298 1233 1414 1273 agitur,
1437 1232 1487 1263 vel
1506 1236 1672 1272 grassatur
1690 1232 1852 1263 violentia.
1885 1232 1958 1264 Duo
1979 1234 2084 1272 verba,

1120 1286 1254 1316 quorum
1278 1275 1415 1306 alterum
1439 1285 1575 1315 negare,
1599 1274 1736 1305 alterum
1761 1275 1892 1305 mentiri
1916 1276 2084 1313 vertimus,

1120 1319 1215 1349 etiam
1248 1318 1359 1349 fallere
1390 1317 1588 1358 significant:
1623 1317 1705 1348 sieut
1738 1317 1884 1355 mentiri,
1915 1318 1965 1349 vel
1994 1329 2085 1358 spem

1119 1361 1275 1393 frustrari.
1317 1360 1388 1391 Non
1402 1360 1534 1391 dubium
1547 1360 1646 1400 igitur
1668 1364 1718 1390 est
1740 1359 1818 1399 quin
1842 1360 1881 1391 ab
1904 1361 1990 1391 omni
2013 1367 2085 1392 astu

1120 1411 1151 1435 et
1170 1403 1282 1435 fraude
1302 1414 1375 1434 suos
1398 1409 1527 1434 revocet
1550 1403 1650 1440 Deus,
1674 1408 1711 1433 ut
1729 1403 1854 1433 sineere
1873 1406 1905 1433 et
1922 1403 2005 1434 bona
2023 1403 2086 1434 fide

1120 1453 1232 1478 mutuo
1256 1447 1340 1477 inter
1363 1456 1396 1477 se
1420 1450 1604 1477 versentur:
1633 1446 1727 1476 sicuti
1757 1445 1882 1476 Paulus
1910 1446 1987 1477 scite
2010 1456 2085 1477 con-

1120 1490 1227 1521 silium
1251 1489 1384 1529 spiritus
1407 1489 1509 1520 sancti
1533 1488 1678 1528 exponit,
1704 1487 1780 1518 dum
1803 1486 1913 1519 fideles
1936 1488 2086 1520 hortatur

1121 1539 1155 1563 ut
1190 1532 1331 1572 deposito
1366 1531 1532 1562 mendacio
1565 1530 1716 1571 loquatur
1750 1530 1882 1570 quisque
1917 1531 2086 1562 veritatem

1121 1586 1193 1606 cum
1214 1575 1359 1614 proximo
1379 1584 1452 1605 suo:
1476 1574 1628 1614 quoniam
1648 1584 1759 1604 sumus
1780 1573 1922 1605 invicem
1940 1574 2087 1605 membra

1121 1617 1254 1659 (Ephes.
1279 1618 1307 1654 4,
1331 1616 1394 1658 25).
1439 1616 1591 1648 Secundo
1624 1616 1692 1647 loco
1726 1615 1868 1647 modeste
1901 1621 1932 1647 et
1965 1620 2087 1657 tempe-

1122 1667 1230 1692 ranter
1260 1661 1381 1690 versari
1408 1659 1495 1690 iubet
1518 1670 1590 1690 cum
1610 1659 1782 1699 proximis,
1812 1663 1848 1689 ut
1870 1658 1910 1689 ab
1933 1660 2019 1690 omni
2036 1661 2086 1690 in-

1122 1704 1206 1735 iusta
1228 1703 1435 1742 oppressione
1458 1702 1652 1733 abstineant.
1697 1700 1791 1740 Quod
1814 1701 2036 1742 Hieronymus
2054 1706 2088 1733 et

1123 1747 1176 1777 alii
1208 1751 1278 1785 post
1308 1756 1381 1776 eum
1409 1755 1466 1784 pro
1497 1744 1594 1776 verbo
1616 1751 1686 1783 βων
1709 1743 1850 1775 reddunt
1874 1744 2085 1782 Calumniari,

1123 1790 1262 1820 alienum
1287 1794 1348 1819 est:
1380 1788 1500 1827 passim
1529 1788 1615 1818 enim
1639 1787 1794 1826 accipitur
1817 1797 1873 1826 pro
1895 1787 2086 1826 opprimere,

1123 1832 1268 1872 spoliare,
1293 1830 1458 1870 praedari,
1479 1835 1511 1860 et
1534 1840 1691 1869 occupare
1715 1830 1850 1860 aliorum
1875 1828 1965 1860 bona.
2010 1829 2087 1861 Cer-

1124 1881 1189 1905 tum
1214 1874 1314 1914 igitur
1337 1878 1401 1911 est,
1424 1873 1519 1903 sicuti
1542 1878 1617 1903 ante
1641 1872 1807 1903 fraudibus
1830 1871 2006 1902 remedium
2030 1872 2085 1903 ad—

1122 1917 1227 1948 hibuit
1261 1916 1382 1954 Moses,
1414 1916 1458 1946 ita
1488 1926 1575 1946 nune
1611 1915 1809 1954 improbitati
1833 1925 2017 1953 occurrere,
2045 1926 2086 1946 ne

1095 1966 1097 1982 ¹
1122 1961 1192 2000 quis
1216 1970 1233 1990 a
1259 1959 1404 1998 proximo
1434 1969 1492 1989 suo
1523 1963 1713 1997 extorqueat
1743 1956 1827 1997 quod
1858 1968 1993 1996 aequum
2020 1968 2085 1988 non

1123 2010 1179 2034 est.
1226 2001 1419 2041 Quanquam
1456 2001 1556 2031 altero
1589 2001 1686 2032 verbo
1720 1994 1762 2035 ‘712
1797 1999 1948 2031 violentia
1982 2000 2086 2040 magis

1122 2045 1323 2085 exprimitur,
1348 2044 1397 2075 vel
1421 2050 1533 2083 aperta
1554 2043 1704 2083 direptio:
1729 2048 1805 2073 sunt
1826 2043 1911 2072 enim
1934 2041 2018 2083 (meo
2036 2043 2085 2074 iu-

1123 2087 1218 2128 dicio)
1248 2087 1326 2117 haee
1355 2086 1417 2116 duo
1448 2086 1547 2117 verba
1577 2092 1730 2125 tanquam
1762 2095 1863 2125 genus
1893 2090 1924 2115 et
1953 2086 2085 2125 speeies.

1123 2131 1296 2169 Postquam
1327 2139 1403 2169 ergo
1436 2129 1538 2160 vetuit
1568 2128 1682 2168 quovis
1712 2128 1805 2158 modo
1834 2128 1949 2158 fratres
1979 2128 2086 2168 oppri-

1124 2184 1224 2209 mere,
1256 2177 1287 2202 et
1317 2171 1461 2202 involare
1483 2172 1517 2201 in
1541 2182 1651 2202 eorum
1674 2171 1774 2208 bona,
1799 2170 1892 2201 simul
1917 2169 2020 2207 addit,
2045 2181 2086 2202 ne

1126 2217 1188 2247 vim
1221 2215 1360 2245 afferant
1393 2213 1433 2244 ad
1465 2224 1518 2245 eos
1559 2214 1667 2253 inique
1708 2213 1898 2252 spoliandos.
1943 2213 2088 2245 Tandem

1125 2258 1256 2289 modum
1292 2268 1391 2287 unum
1426 2257 1564 2287 iniustae
1598 2256 1813 2296 oppressionis
1847 2255 2009 2295 designat,
2035 2256 2089 2287 ubi

1126 2300 1293 2332 fraudatur
1323 2310 1381 2330 sua
1407 2298 1553 2330 mercede
1589 2299 1644 2339 qui
1683 2308 1812 2338 operum
1841 2308 1933 2328 suam
1961 2298 2088 2336 locavit,

1127 2355 1189 2375 non
1220 2343 1313 2373 modo
1343 2342 1370 2373 si
1398 2353 1519 2373 vacuus
1543 2342 1684 2379 eiieitur,
1717 2346 1832 2380 negata
1862 2341 1979 2372 laboris
2008 2352 2089 2372 mer-

1126 2386 1210 2422 cede,
1236 2395 1349 2415 verum
1372 2385 1398 2415 si
1418 2384 1564 2415 differtur
1584 2385 1616 2415 in
1635 2384 1820 2415 crastinum.
1856 2383 1984 2414 Scimus
2003 2385 2089 2415 enim

1099 2440 1101 2468 g
1126 2428 1340 2460 mercenarios
1378 2432 1411 2457 ut
1432 2427 1611 2466 plurimum
1635 2428 1666 2457 in
1687 2427 1769 2457 diem
1795 2426 1919 2462 vivere,
1954 2425 2088 2466 ideoque

1099 2473 1153 2504 :si
1189 2470 1352 2501 tantillum
1387 2480 1495 2500 morae
1531 2470 1690 2506 iniieitur,
1730 2468 1828 2508 redigi
1865 2467 1903 2498 ad
1937 2469 2087 2501 inediam.

1127 2515 1215 2553 Ergo
1239 2513 1264 2543 si
1289 2512 1377 2543 dives
1401 2513 1553 2543 miserum
1578 2518 1609 2542 et
1631 2513 1758 2550 inopem
1789 2511 1968 2549 hominem,
1997 2513 2089 2543 euius

1100 2584 1101 2588 ,
1127 2556 1242 2587 sudore
1266 2556 1384 2585 abusus
1407 2563 1471 2590 est,
1495 2565 1689 2595 suspensum
1708 2558 1831 2589 teneat,
1857 2554 2090 2593 quodammodo

1100 2596 1102 2634 ἱ
1127 2600 1231 2638 ipsum
1260 2597 1385 2637 iugulat
1415 2597 1492 2628 dum
1522 2598 1627 2637 privat
1660 2596 1751 2626 illum
1781 2595 1966 2635 quotidiano
1994 2597 2088 2628 victu.

1100 2639 1101 2642 ¹
1128 2641 1265 2673 Summa
1294 2646 1359 2678 est,
1393 2640 1437 2670 ita
1473 2640 1638 2670 colendum
1669 2649 1738 2670 esse
1766 2638 2018 2678 humanitatem,
2048 2650 2089 2670 ne
