2304 3034
220 190 279 221 311

222 283 295 314 licet
321 294 358 313 cx
384 283 442 312 hoe
466 282 548 315 loco,
581 281 706 312 oblatas
737 283 833 313 fnisse
858 283 1019 322 primitias
1042 290 1078 314 ut
1099 296 1132 316 se
1156 292 1188 316 et

222 337 279 357 sua
304 325 468 356 Israelitae
493 324 562 354 Deo
587 323 790 356 addicerent:
823 327 897 365 quia
926 325 1004 357 haec
1028 326 1090 358 duo
1113 338 1186 359 con-

222 369 353 398 iunctim
380 367 537 406 praecipit
561 367 668 398 Moses
692 372 728 398 ut
752 374 878 398 mature
905 375 1095 400 consecrent
1118 370 1187 402 Deo

222 422 258 441 ex
285 410 372 448 copia
397 420 551 439 novarum
576 410 722 449 frugum,
753 418 783 441 et
815 412 1045 451 primogenitos
1074 413 1185 444 foetus.

221 453 349 483 Scimus
373 458 480 482 autem
506 453 537 482 in
562 453 737 484 offerendis
760 454 987 494 primogenitis
1017 457 1185 494 repetitam

221 495 316 525 fuisse
340 494 542 525 liberationis
571 496 778 533 memoriam,
810 507 846 527 ac
870 497 895 527 si
920 497 1057 528 salutem
1080 500 1186 538 gentis

219 547 294 568 suae
317 537 458 576 adeoque
483 548 631 577 pecorum
657 545 819 578 acceptam
845 539 916 570 Deo
941 541 1068 571 ferrent.
1114 542 1186 573 Hoc

951 191 1136 223 PRIMUM
1160 193 1481 226 PRAEOEPTUM.

220 591 295 610 vero
327 579 366 609 ad
396 580 629 620 redemptionis
660 588 798 621 gratiam
828 583 887 613 fuit
917 582 1075 622 additum,
1102 585 1184 624 quod
1210 597 1211 611 1

219 622 372 653 continuo
395 628 500 653 tractu
526 624 630 654 victus
654 625 750 655 etiam
775 625 839 655 illis
858 631 1052 665 suppeteret.
1090 626 1184 665 Quod

218 665 450 704 plenitudinem
484 666 614 705 quidam
647 667 685 697 ad
717 668 831 698 vinum
867 669 1083 709 restringunt,
1111 671 1184 709 quia

220 708 357 748 largiore
388 709 479 748 copia
509 709 587 739 fluat
618 721 657 740 ex
696 711 865 747 torculari,
901 711 1078 752 lacrymam
1108 724 1183 744 vcro

218 751 255 781 de
279 751 348 781 oleo
369 751 548 790 accipiunt,
579 752 663 792 quod
688 754 815 792 parcius
839 753 990 790 distillat,
1015 754 1095 785 mihi
1119 767 1181 786 non

216 793 329 832 placet.
376 794 442 824 Nec
466 805 575 825 eorum
605 797 799 826 sententiam
832 797 929 836 probo
960 797 1014 836 qui
1044 798 1183 837 plenitu-

216 835 324 867 dinem
348 837 551 877 restringunt
575 838 613 868 ad
638 839 747 879 fruges
778 839 892 870 aridas.
941 840 1072 872 Rectius
1102 841 1182 872 mihi

217 879 364 916 videtur,
390 880 626 919 plenitudinem
651 882 735 912 sumi
759 893 817 922 pro
843 893 975 922 genere,
1002 893 1058 922 per
1077 883 1182 925 lacry-

215 932 302 952 mam
327 932 403 953 vero
426 923 532 953 notari
556 923 704 963 liquores,
728 936 764 956 ac
788 926 813 955 si
833 926 957 956 iuberet
975 925 1092 964 Moses,
1117 938 1180 958 non

216 969 344 995 tantum
368 975 449 996 uvas
473 972 503 996 ct
530 966 639 997 baccas
663 967 807 998 olearum
832 969 962 1005 offerre,
994 969 1046 999 sed
1072 974 1180 1009 guttas

216 1007 302 1046 ipsas
321 1018 402 1046 quae
422 1018 592 1048 expressae
612 1010 734 1040 fuerint
754 1022 770 1040 e
790 1011 956 1042 fructibus.
981 1012 1094 1043 Altero
1113 1013 1180 1044 loco

215 1049 301 1080 idem
323 1051 495 1081 confirmat
519 1052 643 1087 Moses,
668 1064 709 1083 ne
733 1054 764 1083 in
789 1055 940 1093 primitiis
963 1055 1070 1085 Deum
1094 1056 1179 1086 frau-

216 1092 308 1130 dent,
339 1099 436 1133 atque
467 1095 511 1124 ita
540 1095 700 1134 sepeliant
724 1096 956 1137 redemptionis
981 1097 1179 1136 beneficium,

215 1140 247 1165 et
271 1136 303 1166 in
327 1136 397 1167 cibo
421 1141 452 1166 et
476 1137 508 1167 in
535 1143 609 1176 potu
637 1140 880 1177 profanescant:
911 1141 987 1180 quin
1020 1141 1125 1180 potius
1147 1142 1178 1171 in

213 1183 304 1217 parte
334 1179 462 1219 frugum
493 1181 591 1212 totins
615 1182 691 1212 anni
712 1183 835 1213 victum
860 1183 1072 1214 sanctificent.
1115 1183 1179 1215 Nec

214 1231 289 1251 vero
321 1221 377 1252 abs
408 1233 442 1252 re
470 1223 578 1254 Moses
609 1235 676 1255 rem
710 1236 807 1255 unam
843 1227 976 1256 minime
1010 1226 1177 1258 obscuram

213 1265 306 1294 toties
347 1265 503 1302 inculcat,
543 1277 641 1306 quum
681 1274 745 1298 tam
780 1269 901 1300 multae
942 1269 1178 1300 admonitiones

211 1312 340 1346 spretae
375 1313 406 1338 et
440 1309 619 1348 vilipensae
657 1311 779 1341 fuerint
813 1322 831 1342 a
864 1312 1010 1350 Iudaeis,
1044 1313 1178 1344 simulac

209 1351 331 1380 reversi
345 1356 421 1381 sunt
441 1351 480 1382 ab
493 1353 606 1383 exsilio
622 1353 836 1394 Babylonico:
857 1355 952 1387 sicuti
970 1355 1178 1395 conqueritur

210 1392 390 1424 Malachias
413 1395 519 1434 capite
543 1396 648 1426 tertio.

558 1566 622 1598 EX
641 1566 792 1598 LEVIT.
817 1568 887 1599 XII
904 1568 934 1610 ¹).

294 1651 320 1680 1.
353 1651 398 1681 Et
428 1651 570 1691 loquutus
597 1655 640 1683 est
671 1653 782 1685 seriora
812 1655 853 1685 ad
883 1655 1007 1694 BIosen,
1036 1656 1175 1687 dicendo:

205 1692 234 1722 2.
260 1692 396 1732 Loquere
420 1695 461 1725 ad
482 1695 563 1734 filios
587 1694 691 1727 Israel
699 1722 705 1734 ,
728 1698 870 1728 dicendo:
891 1698 1009 1730 Mulier
1031 1699 1060 1730 si
1080 1699 1173 1730 misso

204 1736 321 1767 semine
349 1739 530 1777 conceperit,
561 1741 588 1769 et
610 1741 768 1779 pepererit
797 1742 980 1779 masculum,
1014 1742 1174 1772 immunda

205 1779 264 1809 erit
287 1782 398 1818 septem
421 1781 545 1812 diebus:
575 1782 665 1813 «ἱππεία
688 1782 754 1813 dies
775 1785 982 1822 separationis
1005 1785 1101 1816 morbi
1122 1785 1174 1815 sni

203 1821 367 1853 immunda
386 1824 453 1855 erit.
489 1824 517 1855 3.
544 1824 642 1855 Porro
659 1826 709 1856 die
727 1829 829 1857 octavo
852 1828 1085 1858 circumcidetur
1102 1838 1173 1859 earo

198 1866 363 1904 praeputii
385 1867 460 1898 eins.
507 1868 535 1898 4.
572 1867 614 1898 Et
644 1869 774 1908 triqinta
804 1870 903 1901 tribus
930 1871 1037 1901 diebus
1064 1870 1175 1901 sedebit

204 1907 237 1937 in
260 1909 414 1948 sanyume
431 1910 677 1948 purificationis:
699 1912 820 1943 nullam
839 1923 904 1943 reni
921 1923 1043 1944 sacram
1064 1916 1172 1953 tanqet,

204 1952 230 1980 et
251 1950 292 1980 ad
315 1953 530 1983 sanetuarimn
553 1964 613 1984 non
636 1955 748 1991 veniet,
779 1956 871 1986 donee
900 1957 1037 1996 completi
1057 1956 1173 1994 fuerint
1197 1971 1198 1974 ¹

203 1993 269 2024 (lies
287 1994 520 2033 purificationis
543 2006 627 2027 snae.
673 1998 701 2027 5.
735 1999 822 2037 Quod
851 2000 880 2030 si
908 2000 1057 2039 feminam
1079 2009 1171 2038 pepe-

202 2037 286 2074 rerit,
309 2037 471 2069 immunda
494 2039 552 2069 erit
575 2040 696 2070 (luobus
725 2041 975 2080 hebdomadibus,
1008 2042 1172 2073 seeundum

200 2080 426 2117 separationem
449 2092 550 2119 suam,
574 2085 601 2112 et
620 2084 783 2123 sarayinta
806 2094 860 2115 sea)
882 2085 989 2116 diebus
1006 2085 1117 2116 sedebit
1138 2085 1172 2115 in

201 2123 353 2162 sanquine
387 2125 626 2162 purificationis
663 2136 747 2157 suae.
804 2128 832 2158 6.
870 2128 1037 2167 Postquam
1070 2130 1172 2158 antem

202 2165 319 2204 impleti
346 2166 465 2204 fuerint
494 2168 561 2199 dies
590 2169 822 2208 purificationis
851 2181 926 2202 suae
949 2180 1009 2210 pro
1037 2170 1104 2209 filio
1125 2170 1172 2201 vet
1196 2204 1197 2212 ,

196 2218 257 2246 pro
278 2208 363 2246 filia,
388 2211 492 2248 afferet
515 2221 629 2251 (tyrium
651 2213 834 2243 (wintonium
855 2214 889 2244 in
908 2213 1121 2250 holocaustam,
1144 2216 1172 2243 et

197 2250 320 2289 pullum
350 2252 519 2289 columbae,
556 2257 609 2284 aut
639 2257 804 2292 turturem,
840 2257 873 2287 in
907 2256 1083 2287 oblationem
1110 2266 1197 2300 pro,

196 2297 335 2332 peceato,
365 2296 407 2326 ad
438 2297 549 2327 ostium
572 2297 761 2329 tabernaculi
783 2299 987 2330 conventionis
1009 2299 1050 2329 ad
1072 2309 1171 2330 sacer-

202 2337 307 2367 dotem.
355 2338 382 2368 7.
415 2338 456 2368 Et
485 2341 585 2378 offeret
613 2341 718 2379 ipsum
741 2352 844 2373 eoram
866 2342 993 2373 Ieliova:
1016 2344 1043 2371 et
1065 2342 1171 2381 expia-

202 2378 243 2409 bit
267 2390 348 2418 eam,
382 2384 408 2411 et
431 2382 632 2413 mundabitur
654 2394 673 2414 a
697 2395 773 2415 vena
795 2385 960 2425 sanyuinis
982 2385 1040 2415 sui.
1086 2384 1171 2414 Haec

201 2424 244 2452 est
273 2422 319 2453 ier
343 2425 502 2462 parientis
530 2426 702 2457 nzasezdmn
737 2427 781 2458 vel
808 2428 966 2467 feminam.
1018 2426 1046 2457 8.

202 2465 231 2495 si
265 2476 324 2497 non
352 2468 488 2505 potnerit
522 2470 630 2507 offerre
664 2480 794 2509 (tyrium,
835 2473 906 2502 tunc
939 2470 1065 2509 accipiet
1095 2470 1172 2500 (laos

201 2509 346 2545 turtures,
369 2512 423 2540 aut
445 2510 522 2541 dnos
541 2511 644 2550 pullos
666 2513 830 2551 columbae,
855 2523 950 2544 unum
973 2513 1005 2544 in
1028 2512 1171 2544 holocau-

1086 2427 1171 2465 (gnod
1196 2437 1197 2446 ¹

1196 2538 1198 2554 l

2146 198 2208 228 312

1240 290 1328 323 stant,
1349 291 1375 318 et
1388 288 1519 318 alteram
1532 288 1573 319 ad
1591 288 1768 319 oblationem
1783 298 1842 327 pro
1852 292 1991 328 peccato:
2011 291 2207 330 erpiabitque

1213 336 1215 343 '
1240 340 1306 360 eam
1329 330 1477 366 sacerdos,
1504 333 1528 361 et
1551 331 1760 361 mundabitur.

1323 415 1351 445 2.
1385 415 1502 446 Medici·
1531 416 1560 445 si
1589 416 1684 446 misso
1709 415 1831 446 semine.
1885 416 1975 446 Haec
2005 419 2206 449 caeremonia

1238 458 1394 496 spectavit
1412 459 1445 488 111
1465 458 1544 489 duos
1565 460 1658 489 fines:
1680 468 1754 488 nam
1775 459 1879 498 primo
1898 459 2055 490 admoniti
2073 460 2206 491 fuerunt,

1239 499 1347 530 Iudaei
1382 500 1419 530 dc
1450 502 1614 532 communi
1650 507 1783 531 naturae
1824 502 2046 541 corruptione,
2089 502 2205 534 deinde

1237 542 1380 573 oblatum
1411 543 1476 574 illis
1504 544 1562 573 fuit
1592 543 1669 574 mali
1700 543 1888 574 remedium.
1942 544 2118 575 immunda
2147 556 2205 577 cur

1238 587 1471 624 pronuncietur
1484 586 1601 617 mulier
1614 596 1694 625 quae
1707 587 1853 626 concepit
1868 592 1900 617 et
1918 587 2051 627 peperit,
2071 589 2204 620 minime

1238 628 1410 659 obscurum
1452 636 1516 665 est,
1560 640 1675 669 nempe
1716 629 1791 668 quia
1831 633 1934 660 totum
1969 630 2060 661 Adae
2100 641 2204 670 genus

1237 671 1396 710 pollutum
1428 677 1492 709 est,
1522 683 1558 703 ac
1589 671 1737 702 sordibus
1767 672 1937 703 infectum:
1970 678 2007 703 ut
2037 680 2141 704 mater
2163 684 2203 705 ex

1236 714 1342 745 sobole
1355 726 1451 754 quam
1466 722 1558 745 utero
1572 720 1676 754 gestat
1689 714 1753 745 iam
1767 716 1938 745 contrahat
1951 715 2201 755 immunditiem,

1236 755 1350 787 deindo
1374 759 1490 788 iterum
1514 758 1582 797 ipso
1607 762 1701 797 partu
1725 757 1922 797 inquinetur.
1957 758 2045 788 Hinc
2069 764 2203 798 apparet

1235 810 1330 838 quam
1363 800 1452 831 foeda
1481 804 1512 831 et
1542 800 1661 831 foetida
1683 811 1790 830 coram
1813 800 1914 831 oculis
1937 801 1999 831 Dei
2023 808 2135 832 nostra
2158 802 2200 832 sit

1235 843 1391 874 conditio:
1427 843 1553 882 quando
1584 842 1761 880 nascendo,
1797 848 1894 883 atque
1925 843 2022 874 etiam
2055 844 2199 875 nondum

1234 886 1320 921 nati,
1362 887 1587 926 contagionem
1628 886 1787 917 matribus
1827 887 1947 917 nostris
1987 888 2199 926 aspergimus.

1233 928 1389 959 Omnium
1417 930 1482 959 fere
1511 939 1667 960 consensu
1700 934 1864 968 receptum
1895 933 1960 966 est,
1990 929 2042 959 hic
2073 935 2199 961 tantum

1233 971 1381 1002 damnari
1413 972 1576 1002 libidinem
1608 972 1642 1002 in
1672 971 1756 1002 coitu
1789 971 1850 1002 viri
1880 979 1912 1002 et
1945 972 2106 1010 mulieris,
2142 973 2199 1003 sed

1233 1013 1329 1044 nimis
1352 1025 1458 1045 crasso
1478 1025 1598 1045 errore:
1624 1025 1728 1054 neque
1749 1015 1834 1045 enim
1854 1014 1997 1054 exigitur
2016 1015 2199 1054 purificatio

1231 1057 1294 1087 nisi
1318 1058 1349 1087 in
1374 1058 1534 1097 progenie.
1572 1059 1677 1097 Atque
1701 1057 1764 1088 huc
1787 1058 1927 1097 pertinet
1950 1058 2085 1088 verbum
2107 1065 2197 1094 ν’·ΠΠ

1231 1099 1313 1138 quod
1348 1106 1433 1131 recte
1467 1101 1604 1140 exprimi
1641 1110 1704 1130 non
1739 1106 1844 1139 potest
1879 1100 1942 1130 nisi
1975 1110 2032 1140 per
2063 1101 2197 1132 verbum

1231 1143 1428 1180 seminandi,
1460 1143 1592 1183 ideoque
1622 1154 1685 1173 non
1716 1143 1768 1173 hic
1799 1143 1972 1173 damnatur
2002 1144 2197 1183 generaliter

1231 1184 1403 1225 impuritas
1426 1186 1458 1217 in
1489 1186 1678 1223 concubitu,
1709 1185 1765 1216 sed
1794 1186 1826 1216 in
1855 1185 2079 1226 generatione,
2111 1186 2196 1226 quod

1232 1227 1405 1267 diligenter
1435 1229 1611 1259 notandum
1635 1234 1692 1259 est.
1739 1228 1850 1259 Coitus
1875 1229 1961 1259 enim
1985 1229 2046 1259 viri
2069 1234 2102 1260 et
2124 1240 2196 1260 mu-

1232 1270 1319 1302 lieris
1343 1282 1398 1311 per
1421 1282 1464 1308 se,
1489 1272 1607 1311 absque
1631 1271 1748 1302 sobolis
1773 1277 1935 1311 respectu,
1959 1272 2064 1311 turpis
2087 1278 2136 1303 est
2159 1283 2195 1304 ac

1232 1314 1412 1352 pudendus.
1470 1316 1569 1354 Atqui
1604 1324 1691 1345 nunc
1731 1315 1847 1345 sobolis
1881 1316 2073 1354 procreatio,
2114 1325 2195 1354 quae

1231 1355 1384 1387 debuerat
1407 1358 1656 1388 obscoenitatem
1681 1357 1808 1394 tollere,
1837 1357 2023 1397 pollutionis
2045 1363 2195 1388 censetur

1231 1408 1341 1430 causa:
1366 1401 1439 1439 quia
1463 1406 1564 1431 totum
1589 1400 1680 1431 Adae
1704 1410 1806 1440 genus
1829 1400 2021 1440 contagione
2040 1401 2194 1431 refertum

1230 1447 1286 1473 cst.
1322 1443 1415 1474 Unde
1438 1444 1533 1474 etiam
1559 1450 1667 1483 aperte
1691 1443 1847 1473 refellitur
1869 1453 1959 1473 error
1982 1442 2115 1482 Pelagii,
2140 1444 2194 1483 qui

1229 1491 1393 1524 peccatum
1426 1487 1559 1526 negavit
1593 1485 1633 1517 ab
1663 1486 1768 1516 Adam
1802 1491 2017 1526 propagatum
2050 1496 2119 1516 esse
2153 1486 2194 1517 ad

1229 1533 1389 1567 postca-OS,
1413 1534 1444 1560 et
1469 1540 1526 1560 nos
1550 1529 1748 1565 imitatione,
1773 1539 1837 1559 non
1861 1529 2000 1568 origine,
2024 1535 2193 1568 peccatum

1229 1581 1247 1601 a
1271 1572 1457 1611 parentibus
1480 1572 1607 1603 trahere
1631 1572 1734 1602 finxit.
1781 1571 1893 1611 Neque
1916 1571 2001 1602 enim
2025 1571 2193 1602 immunda

1228 1620 1311 1645 esset
1331 1620 1434 1645 mater
1453 1615 1480 1645 si
1499 1615 1570 1655 puri
1591 1619 1622 1646 et
1640 1615 1761 1655 integri
1780 1614 1819 1645 ab
1838 1614 1927 1645 omni
1947 1613 2192 1653 inquinamento

1227 1662 1335 1687 essent
1358 1657 1457 1689 liberi.
1506 1658 1617 1689 Voluit
1640 1658 1739 1698 igitur
1763 1658 1822 1688 hoc
1846 1657 1911 1688 ritu
1934 1657 2024 1688 Deus
2049 1664 2192 1688 veterem

1226 1700 1381 1740 populum
1405 1701 1532 1739 docere,
1556 1707 1688 1732 cunctos
1712 1700 1859 1731 homines
1882 1699 2069 1730 maledictos
2093 1701 2192 1737 nasci,

1225 1748 1257 1773 et
1281 1744 1520 1784 corruptionem
1545 1743 1793 1775 haereditariam
1816 1754 1924 1774 secum
1948 1743 2079 1779 afferre,
2111 1753 2192 1782 quae

1225 1790 1344 1817 matres
1377 1788 1462 1826 ipsas
1496 1787 1628 1827 polluat.
1685 1786 1722 1818 Si
1756 1787 1828 1826 quis
1861 1786 2004 1823 obiiciat,
2044 1792 2192 1816 sanctum

1224 1829 1408 1869 coniugium
1433 1830 1492 1860 hoc
1515 1829 1608 1861 modo
1632 1829 1787 1861 dedecore
1816 1829 1996 1868 probroque
2026 1828 2127 1866 affici,
2158 1829 2192 1859 in

1224 1879 1374 1911 promptu
1398 1878 1445 1904 est
1469 1873 1649 1912 responsio:
1675 1872 1758 1912 quod
1782 1871 1896 1903 thorus
1920 1871 2098 1911 coniugalis
2122 1881 2190 1902 ma-

1224 1915 1297 1945 cula
1333 1921 1435 1952 caret,
1471 1915 1504 1946 id
1538 1915 1653 1946 debere
1687 1915 1826 1946 adscribi
1863 1915 1922 1945 Dei
1957 1914 2190 1954 indulgentiae.

1224 1957 1318 1996 Quod
1342 1969 1418 1998 ergo
1441 1964 1599 1998 generant
1622 1959 1757 1989 maritus
1782 1964 1814 1988 et
1838 1968 1920 1988 uxor
1944 1957 2087 1997 legitime
2118 1967 2192 1988 con-

1224 2001 1340 2036 iuncti,
1366 2012 1430 2031 non
1454 2002 1644 2041 simpliciter
1667 2001 1793 2032 licitum
1817 2011 1887 2031 esse
1910 2005 2078 2037 censetur,
2103 2010 2139 2030 ac
2163 2001 2190 2030 si

1223 2045 1387 2083 generatio
1401 2055 1532 2083 prorsus
1548 2045 1635 2074 omni
1656 2045 1735 2074 vitio
1754 2050 1889 2080 careret,
1909 2043 1964 2074 sed
1983 2053 2041 2082 per
2061 2043 2190 2074 veniam

1223 2092 1254 2116 et
1277 2087 1434 2126 singulari
1459 2087 1641 2127 privilegio:
1667 2087 1743 2126 quia
1766 2086 1908 2126 coniugii
1931 2085 2089 2117 sanctitas
2110 2087 2190 2126 tegit

1222 2128 1305 2168 quod
1331 2130 1448 2169 alioqui
1474 2136 1600 2170 poterat
1623 2129 1657 2160 in
1681 2129 1807 2168 culpam
1838 2129 2008 2168 imputari,
2041 2133 2073 2158 et
2104 2129 2190 2168 ipsas

1222 2172 1355 2203 vitiosae
1380 2178 1514 2203 naturae
1536 2172 1647 2203 sordes
1669 2172 1779 2203 abluit.
1822 2172 1916 2203 Unde
1939 2177 2073 2211 apparet
2102 2172 2191 2202 nulla

1196 2213 1197 2222 ¹
1223 2215 1401 2254 ignominia
1425 2216 1528 2246 notari
1547 2216 1743 2255 coniugium,
1768 2215 1858 2245 cuius
1877 2221 2024 2253 respectu
2045 2214 2191 2254 legitima

1222 2265 1270 2288 est
1293 2258 1409 2289 sobolis
1433 2260 1621 2298 procreatio.
1667 2258 1779 2297 Neque
1803 2264 1910 2288 tamen
1934 2256 2010 2288 inde
2033 2258 2187 2296 sequitur,

1223 2300 1341 2331 liberos
1371 2302 1424 2340 qui
1455 2301 1530 2332 inde
1559 2301 1739 2341 gignuntur
1769 2307 1898 2331 sanctos
1926 2311 1996 2331 esse
2019 2307 2051 2331 et
2074 2310 2092 2330 a
2116 2300 2187 2332 labe

1223 2343 1400 2374 immunes:
1442 2344 1516 2384 quia
1556 2344 1615 2375 sub
1656 2348 1745 2374 reatu
1783 2343 2018 2375 maledictionis
2053 2348 2189 2374 manent

1222 2386 1403 2425 quicunque
1438 2387 1477 2418 ab
1518 2386 1694 2418 incredulis
1736 2393 1927 2417 nascuntur:
1969 2387 2023 2426 qui
2059 2396 2135 2417 vero
2169 2397 2189 2418 a

1224 2428 1369 2460 fidelibus
1394 2429 1517 2460 ducunt
1539 2429 1713 2469 originem,
1744 2430 1982 2469 supernaturali
2006 2429 2126 2470 gratia,
2155 2434 2189 2461 et

1223 2472 1353 2511 speciali
1390 2472 1560 2512 adoptione
1595 2473 1774 2503 liberantur
1803 2483 1820 2502 a
1849 2473 2013 2504 communi
2041 2472 2187 2504 interitu.

1224 2515 1330 2553 Atque
1363 2514 1392 2544 id
1422 2516 1528 2554 palam
1561 2520 1593 2546 et
1623 2515 1772 2545 distincte
1804 2520 1956 2547 testatum
1987 2525 2057 2547 esse
2087 2515 2188 2546 voluit

1196 2565 1197 2594 ;
1224 2556 1329 2591 Deus,
1362 2558 1555 2588 sacrificium
1580 2568 1636 2597 pro
1659 2568 1771 2588 corum
1794 2559 2021 2598 purificatione
2044 2558 2187 2598 exigens.

288 2611 315 2643 1)
334 2612 418 2637 Autre
444 2612 618 2646 &perideum
643 2614 676 2640 de
701 2615 813 2648 purifici-
832 2615 870 2640 les
888 2615 997 2640 femmes
1017 2623 1094 2648 apres
1113 2615 1171 2640 leur
1196 2605 1198 2645 1
1224 2599 1295 2629 EtSi
1315 2600 1399 2630 enlm
1414 2601 1521 2631 Moses
1539 2599 1578 2631 do
1598 2600 1664 2631 50¹³
1683 2607 1787 2631 matre
1811 2602 1938 2633 Videtur
1959 2601 2058 2641 loqui,
2081 2601 2189 2632 Lucas

202 2644 391 2670 ensantement.

1224 2646 1332 2672 tamen
1357 2642 1438 2674 fidus
1462 2643 1622 2682 interpres
1645 2644 1785 2675 sobolem
1809 2646 1911 2685 ipsam
1931 2644 2028 2676 simul
2046 2655 2189 2684 compre—
