2304 3034
110 202 172 233 685

111 295 239 326 elicitur
252 293 382 325 nonnisi
401 293 438 324 de
451 291 546 324 rebus
567 291 677 321 furtim
698 289 813 321 ablatis
832 290 885 320 vel
905 289 944 320 de
963 289 1076 320 fraude

111 336 252 368 admissa
285 336 438 376 praecipi:
473 338 509 365 ut
541 334 594 373 qui
627 332 686 364 sibi
721 332 804 363 male
837 332 985 363 conscius
1018 336 1076 368 est,

111 380 268 411 iacturam
303 378 427 409 sarciat.
478 375 666 407 Notandum
696 385 773 406 vero
803 378 864 411 est,
900 374 1003 414 legem
1036 374 1074 404 ad

112 422 283 453 occultiora
302 421 386 452 furta
401 423 553 459 spectare,
578 428 659 457 quae
678 417 711 448 in
730 416 886 448 iudicium
905 416 992 448 trahi
1012 427 1076 447 non

112 464 231 496 solent:
262 464 321 494 hac
345 461 383 492 de
415 470 509 493 causa
539 459 670 491 dicitur:
702 460 737 491 Si
757 459 964 499 peccaverint
987 469 1076 489 more
1101 459 1103 466 ¹

111 506 293 543 hominum,
330 514 370 535 ne
403 502 640 543 subterfugium
674 508 805 542 captent
839 513 878 533 ex
913 502 1075 533 communi

112 559 201 580 more
227 554 257 579 et
286 557 354 578 usu.
400 545 559 584 Quamvis
583 555 659 585 ergo
683 545 839 585 plurimos
862 544 1003 575 habeant
1026 555 1076 575 so-

112 592 185 623 cios.
205 595 301 630 negat
322 593 428 619 tamen
452 588 542 619 Deus
564 587 595 618 id
621 587 660 618 ad
684 587 925 618 excusationem
950 587 1075 618 valere:

113 626 243 673 ideoque
272 636 384 671 sponte
407 629 540 661 reddere
563 629 649 660 iubet
673 629 757 669 quod
781 629 1001 677 fraudulenter
1026 629 1075 660 vel

110 677 218 716 inique
257 674 295 704 ad
342 683 375 704 se
415 677 596 704 traxerunt.
654 674 698 703 At
738 672 776 703 de
810 682 914 712 poena
946 671 1074 711 quidem

110 718 189 749 furti
207 727 279 748 mox
303 715 453 746 disseret:
478 726 563 747 nunc
588 719 715 746 tantum
739 715 904 755 praecipit,
926 715 1076 754 quamvis

111 771 203 792 nemo
224 758 350 799 legibus
373 758 542 797 compellet
565 768 617 789 eos
637 758 690 798 qui
714 757 915 795 fraudarunt,
939 767 997 788 nec
1022 756 1075 787 de·
1101 778 1103 785 i

110 800 264 843 prehendi
290 800 390 840 possit
419 811 529 831 eorum
554 801 684 838 crimen,
716 805 750 830 ut
774 799 945 840 diligenter
967 803 1074 830 tamen

111 855 184 877 suas
213 843 423 875 conscientias
454 843 657 880 examinent,
690 848 720 873 et
745 842 896 873 delictum
922 841 1011 889 quod·
1029 841 1075 872 la-

111 887 196 918 tebat
219 887 357 926 ingenue
392 885 453 925 ipsi
484 886 664 925 proferant:
697 885 852 916 damnum
883 885 979 915 etiam
1004 884 1074 914 illa-

110 935 177 960 tum
200 934 423 968 compensent,
457 928 532 967 quia
554 928 624 959 sine
647 928 849 958 restitutione
884 927 1004 958 lusoria
1027 938 1075 957 es-

109 976 157 1003 set
178 970 343 1002 confessio.
389 969 483 1009 Quod
518 976 630 1010 postea
662 970 793 1001 additur
825 969 910 1009 apud
942 970 1073 1000 Mosen:

109 1013 146 1045 Si
169 1023 261 1044 nemo
284 1017 390 1044 exstet
414 1013 526 1044 haeres
550 1013 600 1044 cui
625 1013 779 1043 reddatur
802 1012 943 1049 furtum,
968 1017 1004 1042 ut
1023 1022 1074 1043 sa·

107 1055 227 1088 cerdoti
251 1055 398 1093 offerant,
421 1056 494 1095 quia
517 1055 592 1086 alibi
616 1056 758 1095 exposui,
782 1066 868 1086 nunc
891 1059 1072 1095 praetereo:

107 1099 169 1130 nisi
199 1098 281 1138 quod
305 1098 380 1128 inde
403 1098 598 1138 colligimus,
630 1109 669 1128 ex
699 1097 866 1129 fraudibus
897 1102 928 1128 et
951 1098 1074 1136 rapinis

106 1141 209 1172 labem
244 1140 391 1172 contrahi
422 1151 503 1180 quae
533 1151 698 1180 nunquam
729 1140 863 1176 eluitur,
887 1140 949 1170 nisi
980 1140 1073 1170 domo

107 1183 205 1214 rebus
235 1183 318 1214 male
346 1183 448 1223 partis
478 1182 558 1214 bene
588 1188 733 1224 purgata.
782 1182 845 1214 Sed
875 1182 995 1213 oblatio
1019 1182 1073 1213 illa

106 1226 192 1257 inter
220 1226 292 1256 iura
319 1225 520 1257 sacerdotum
550 1232 686 1257 tractata
713 1226 788 1256 fuit:
813 1236 898 1256 nunc
921 1225 960 1256 de
983 1225 1074 1255 resti-

106 1269 230 1300 tutione
249 1269 293 1300 sic
310 1268 493 1299 habendum
513 1274 569 1306 est,
586 1269 730 1308 quintam
746 1273 870 1308 partem
890 1266 1071 1308 superaddi,

107 1321 172 1342 non
194 1316 261 1342 tam
285 1316 320 1341 ut
343 1311 477 1342 ditescat
498 1311 551 1350 qui
574 1311 729 1342 iacturam
754 1321 868 1351 passus
892 1317 950 1347 est,
975 1321 1071 1350 quam

106 1359 141 1385 ut
164 1353 225 1384 sibi
247 1363 358 1384 omnes
383 1363 419 1384 eo
440 1353 626 1393 diligentius
645 1358 781 1385 caveant
803 1354 842 1384 ab
866 1355 952 1384 omni
978 1363 1071 1391 noxa,

106 1406 204 1436 quam
236 1395 374 1426 audiunt
407 1396 472 1427 fore
506 1407 569 1427 non
604 1396 696 1427 modo
727 1396 787 1427 sibi
817 1396 983 1433 inutilem,
1017 1395 1072 1426 sed

106 1439 292 1470 damnosam
319 1449 452 1478 quoque.
497 1439 589 1469 Adde
620 1439 703 1479 quod
733 1439 787 1470 ubi
814 1439 971 1479 quispiam
1000 1449 1072 1478 spo-

105 1481 202 1513 liatus
230 1486 296 1519 est,
326 1481 428 1521 pluris
457 1491 553 1521 quam
577 1491 634 1521 pro
657 1481 769 1521 quinta
792 1488 883 1522 parte
906 1491 1000 1521 saepe
1022 1481 1071 1512 in-

105 1527 205 1556 terest
226 1525 273 1555 rei
295 1534 370 1555 suae
394 1535 454 1555 usu
476 1524 626 1555 caruisse.

389 1692 453 1724 EX
475 1691 624 1725 EXODI
646 1693 779 1725 XXIII.

191 1778 218 1809 8.
246 1778 293 1810 Ne
315 1779 451 1819 accipias
473 1788 603 1809 munus:
631 1780 706 1818 quia
729 1788 843 1810 paunus
864 1781 1002 1810 excaecat
1023 1779 1069 1810 vi-

107 1820 217 1859 dentes,
240 1824 267 1852 et
284 1822 430 1861 pervertit
453 1821 542 1852 verba
565 1822 726 1853 iustorum.

411 1990 475 2022 EX
495 1991 645 2023 LEVIT.
665 1991 762 2022 XIX.

194 2075 242 2107 15.
270 2075 341 2107 Non
367 2076 465 2115 factes
486 2077 683 2116 iniquitatem
704 2078 738 2108 in
760 2077 890 2115 iudicio,
919 2087 979 2108 non
1000 2087 1070 2108 sus-

111 2117 203 2157 cipies
212 2118 325 2157 faciem
332 2119 493 2158 pauperis,
513 2129 607 2158 neque
624 2119 788 2151 honorabis
805 2130 931 2151 causam
946 2120 1070 2160 magni.-
1095 2139 1096 2146 κ

112 2159 146 2190 iro
167 2161 288 2192 iustitia
309 2161 464 2192 iudicabis
480 2163 660 2201 proximmn
683 2165 777 2193 tuum.

422 2330 485 2362 EX
510 2331 641 2363 DEUT.
665 2331 759 2362 XVI.

200 2412 247 2444 19.
272 2415 344 2446 Non
372 2416 500 2454 inflecte-9
521 2416 689 2452 iudicium,
719 2426 779 2447 non
802 2427 945 2458 aynosces
962 2428 1068 2457 perso-

113 2464 203 2492 nam,
225 2465 317 2495 neque
334 2459 435 2497 capies
457 2468 587 2489 munus:
610 2459 686 2498 quia
708 2469 821 2490 munus
843 2463 979 2491 excaecat
1001 2471 1066 2491 ocu—

114 2497 160 2528 los
180 2498 360 2537 sapientum,
382 2503 408 2530 et
424 2501 570 2539 pervertit
592 2501 682 2532 verba
705 2503 865 2533 iustorum.
899 2502 948 2533 20.
974 2503 1070 2534 Iusti-

114 2539 201 2577 tiam,
224 2540 373 2572 iustitiam
391 2544 533 2582 sequeris,
557 2546 589 2574 ut
610 2545 707 2582 vivas,
729 2547 754 2576 e!
771 2546 933 2584 possideas
954 2548 1069 2577 terram

113 2591 206 2621 quam
230 2581 341 2614 Ielzova
363 2583 449 2617 Deus
471 2589 542 2617 tuus
563 2587 618 2618 dat
639 2587 702 2618 tibi.

823 195 1046 228 OCTAVUM
1070 196 1390 229 PRAECEPTUM.

2034 206 2097 237 6862

1213 291 1316 322 Exodi
1340 292 1396 329 23,
1428 293 1456 324 8.
1485 294 1531 324 Ne
1553 296 1697 335 accipias.
1743 296 1814 328 Hoc
1837 308 1940 338 genus
1962 297 2094 329 furandi

1128 333 1272 364 omnium
1305 341 1354 365 est
1385 335 1610 374 deterrimum,
1641 339 1693 369 ubi
1726 338 1847 371 iudices
1872 340 1920 370 vel
1946 341 2092 372 mercede

1102 390 1103 407 z
1129 376 1177 405 vel
1198 377 1302 415 gratia
1325 379 1476 418 corrupti,
1500 379 1639 410 fortunis
1663 386 1812 412 evertunt
1836 393 1915 422 quos
1935 383 2018 413 tueri
2043 383 2095 414 de-

1127 417 1254 450 bebant.
1300 419 1383 450 Nam
1414 431 1512 460 quum
1542 432 1652 453 eorum
1683 423 1826 454 tribunal
1850 425 1940 464 quasi
1965 436 2092 457 sacrum

1128 461 1170 489 sit
1200 462 1326 501 asylum
1358 473 1418 502 quo
1445 464 1634 505 confugiant
1664 466 1848 506 quicunque
1878 467 1986 507 inique
2016 472 2094 500 sunt

1128 504 1281 542 oppressi,
1305 505 1385 535 nihil
1410 506 1576 547 indignius
1600 518 1694 548 quam
1719 509 1745 539 si
1768 509 1834 540 illic
1857 509 1891 540 in
1915 510 2094 550 praedones

1128 544 1280 577 incidant.
1327 548 1487 579 Ureantur
1516 549 1637 581 iudices
1667 552 1720 591 qui
1750 551 1906 582 maleficia
1937 557 1969 583 et
1989 563 2092 584 noxas

1127 597 1238 619 omnes
1260 597 1480 630 compescant:
1509 602 1585 631 ergo
1609 593 1635 624 si
1658 594 1770 624 favent
1793 594 1955 633 improbis,
1981 595 2090 626 furum

1128 635 1205 660 sunt
1235 638 1465 672 receptatores:
1502 644 1564 674 qua
1594 640 1684 675 peste
1713 636 1794 667 nihil
1826 637 1930 677 magis
1959 638 2092 669 exitiale

1129 677 1185 703 est.
1230 673 1357 705 Deinde
1394 677 1469 715 quia
1496 687 1591 708 omne
1621 678 1707 709 aliud
1740 679 1918 710 remedium
1949 681 2091 711 excludit

1129 725 1237 746 eorum
1275 717 1447 755 autoritas,
1479 719 1615 751 violenti
1644 731 1770 761 quoque
1800 726 1877 753 sunt
1903 722 2090 761 praedones.

1129 756 1201 795 Quo
1224 759 1332 799 itaque
1356 761 1459 791 maior
1481 761 1543 792 illis
1567 769 1615 793 est
1638 764 1775 795 nocendi
1799 764 1941 802 licentia,
1965 770 1996 795 ct
2019 765 2090 805 plus

1128 799 1236 831 damni
1256 802 1395 833 afferunt
1414 803 1543 843 iniquae
1562 815 1672 836 eorum
1692 807 1881 844 sententiae,
1901 817 1938 838 eo
1955 807 2089 848 diligen-

1127 843 1190 873 tius
1224 844 1375 875 monendi
1408 851 1483 876 sunt
1516 852 1550 877 ut
1584 847 1644 878 sibi
1678 849 1717 879 ab
1746 849 1916 889 iniquitate
1945 854 2089 882 caveant.

1127 885 1236 923 Quare
1266 887 1419 926 peculiari
1451 888 1598 920 doctrina
1624 891 1655 921 in
1680 892 1783 923 officio
1807 892 1938 923 retineri
1961 903 2091 924 necesse

1126 928 1203 965 fuit,
1240 939 1279 959 ne
1309 940 1365 961 suo
1396 932 1573 971 patrocinio
1604 933 1689 963 furta
1721 939 1867 974 tegerent
1895 940 1927 965 et
1956 935 2089 967 alerent.

1126 970 1195 1000 Iam
1216 977 1250 1001 ut
1269 973 1404 1003 avaritia
1427 973 1518 1004 radix
1543 979 1591 1005 est
1609 976 1751 1006 omnium
1776 977 1943 1014 malorum,
1968 978 2013 1008 ita
2036 978 2090 1010 ubi

1126 1012 1264 1043 iudicum
1297 1015 1420 1046 animos
1449 1022 1598 1056 occupat,
1631 1018 1720 1048 nulla
1750 1020 1859 1059 vigere
1881 1025 1985 1059 potest
2008 1021 2089 1052 inte-

1125 1055 1235 1095 gritas.
1282 1056 1347 1088 Sed
1379 1058 1454 1097 quia
1483 1059 1593 1098 procul
1622 1071 1734 1091 omnes
1757 1071 1776 1091 a
1799 1073 1831 1093 se
1856 1062 2006 1094 reiiciunt
2030 1062 2090 1094 hoc

1126 1098 1257 1137 vitium,
1288 1100 1434 1139 quamvis
1465 1111 1501 1131 eo
1531 1103 1672 1137 maxime
1702 1103 1861 1141 laborent,
1892 1105 2033 1136 crassius
2057 1110 2088 1136 et

1126 1141 1227 1180 magis
1247 1142 1445 1182 populariter
1468 1144 1534 1184 agit
1548 1145 1647 1182 Deus,
1671 1151 1706 1175 ut
1729 1146 1850 1178 iudices
1874 1157 1990 1178 manus
2013 1158 2088 1179 con-

1125 1183 1249 1214 tineant
1280 1184 1318 1215 ab
1342 1187 1429 1216 omni
1454 1197 1603 1218 munere:
1636 1187 1760 1219 nullum
1786 1189 1871 1219 euim
1896 1190 1999 1229 magis
2020 1190 2088 1221 exi-

1126 1226 1200 1256 tiale
1225 1236 1387 1258 venenum
1412 1232 1460 1259 est
1482 1229 1521 1260 ad
1546 1230 1816 1271 exstinguendam
1840 1241 1968 1262 omnem
1993 1234 2088 1264 recti-

1126 1268 1268 1299 tudinem
1308 1281 1402 1309 quam
1442 1271 1495 1302 ubi
1526 1272 1621 1303 iudex
1660 1273 1851 1304 muneribus
1887 1285 1920 1305 sc
1958 1275 2088 1306 deliniri

1126 1312 1256 1350 patitur.
1303 1313 1471 1344 Excusent
1493 1320 1649 1354 quantum
1674 1315 1804 1347 libuerit
1827 1317 1879 1356 qui
1904 1317 1987 1348 dona
2009 1318 2088 1349 acci-

1126 1354 1233 1393 piunt,
1269 1365 1301 1385 se
1335 1356 1543 1388 nihilominus
1577 1368 1707 1389 manere
1741 1359 1902 1399 integros:
1935 1371 1986 1391 res
2019 1361 2088 1400 ipsa

1125 1396 1211 1427 clare
1229 1396 1437 1436 demonstrat,
1462 1400 1591 1431 venales
1611 1411 1688 1439 esse,
1709 1411 1744 1431 ac
1762 1402 1964 1433 meritorium
1978 1413 2089 1443 quaes-

1127 1442 1194 1469 tum
1221 1439 1325 1471 facere
1355 1441 1537 1482 quicunque
1568 1443 1655 1475 lucro
1678 1444 1851 1475 ducuntur.
1898 1446 2005 1485 Atque
2028 1446 2087 1477 hoc

1125 1481 1204 1512 satis
1222 1482 1296 1513 olim
1321 1483 1358 1514 ad
1382 1484 1504 1516 iudices
1526 1486 1731 1517 infamandos
1752 1487 1863 1525 valuit,
1887 1488 2087 1519 nummarios

1126 1525 1242 1555 vocari.
1289 1524 1353 1557 Sed
1383 1526 1527 1566 pluribus
1551 1528 1589 1559 dc
1614 1529 1673 1560 hac
1696 1540 1729 1560 rc
1752 1528 1909 1560 disserere
1932 1541 2085 1570 superva-

1126 1577 1221 1598 cuum
1254 1573 1317 1605 est,
1347 1569 1473 1608 quando
1505 1581 1617 1602 omnes
1646 1572 1881 1612 tergiversandi
1904 1583 1998 1604 ansas
2022 1583 2086 1604 uno

1126 1610 1222 1640 verbo
1252 1609 1342 1642 Deus
1369 1612 1541 1651 praecidit:
1576 1614 1730 1650 Munera,
1761 1615 1879 1654 inquit,
1910 1620 2087 1647 excaecant

1124 1652 1231 1683 oculos
1262 1653 1416 1692 videntis,
1447 1659 1479 1686 et
1509 1661 1701 1695 pervertunt
1730 1657 1882 1688 iudicium
1913 1664 2083 1689 rectorum.

1124 1695 1212 1734 Ergo
1242 1696 1268 1726 si
1294 1696 1354 1726 Dei
1376 1697 1493 1729 iudicio
1517 1700 1763 1738 acquiescimus,
1792 1700 1916 1730 nullum
1941 1704 1988 1731 est
2013 1705 2083 1731 tan-

1124 1742 1192 1768 tum
1223 1738 1439 1778 perspicaciae
1470 1740 1580 1772 lumen
1612 1742 1695 1781 quod
1726 1753 1789 1773 non
1819 1743 1976 1774 suffocent
2013 1753 2084 1774 mu-

1123 1791 1216 1818 nera,
1248 1791 1350 1820 neque
1374 1781 1440 1813 ulla
1463 1787 1552 1814 tanta
1575 1784 1718 1824 probitas
1741 1796 1834 1825 quam
1859 1796 1921 1816 non
1946 1785 2084 1816 labefac-

1122 1827 1203 1853 tent:
1229 1823 1364 1863 deniquc
1383 1835 1493 1856 sanam
1513 1831 1651 1858 mentem
1678 1833 1752 1858 ante
1774 1827 1924 1859 inficiunt
1947 1838 2083 1859 munera

1122 1876 1217 1905 quam
1251 1876 1366 1897 manus
1396 1869 1626 1901 contaminent.
1679 1870 1728 1900 Ea
1757 1870 1902 1910 intelligo
1932 1881 2013 1910 quae
2044 1870 2083 1902 ob

1122 1918 1189 1938 rem
1214 1908 1416 1940 iudicandam
1441 1911 1511 1950 quis
1534 1912 1662 1952 accipit:
1693 1923 1795 1952 neque
1818 1913 1903 1943 enim
1927 1913 1965 1943 de
1988 1913 2082 1944 bene-

1122 1952 1202 1982 ficiis
1222 1962 1306 1982 nunc
1331 1951 1467 1983 habetur
1489 1964 1603 1991 sermo,
1628 1955 1744 1994 quibus
1767 1956 1850 1986 ultro
1873 1956 2014 1995 citroque
2037 1956 2084 1986 in-

1122 1998 1171 2024 ter
1201 2004 1235 2024 se
1264 1995 1505 2026 communicant
1533 1996 1688 2029 homines.
1734 1998 1846 2037 Itaque
1870 1998 1902 2028 in
1926 1997 2082 2029 Deutero-

1122 2036 1229 2067 nomio
1252 2041 1424 2076 antequam
1449 2038 1487 2069 de
1511 2040 1698 2071 muneribus
1723 2041 1854 2071 verbum
1873 2040 1969 2071 faciat
1981 2040 2083 2081 Deus⁷

1122 2083 1210 2111 vetat
1240 2079 1404 2111 inflectere
1427 2080 1598 2119 iudicium,
1628 2083 1677 2114 vel
1703 2093 1873 2123 agnoscere
1896 2093 2082 2122 personam:

1122 2122 1206 2152 unde
1229 2121 1405 2162 colligitur,
1430 2128 1557 2155 tantum
1582 2125 1729 2156 damnari
1752 2127 1886 2165 aucupia
1908 2136 1989 2165 quae
2011 2130 2082 2157 ten·-

1122 2164 1244 2195 duntur
1273 2164 1313 2194 ad
1342 2165 1537 2204 captandum
1565 2168 1719 2199 favorem.
1764 2168 1949 2198 Notandum
1973 2172 2082 2200 autem

1121 2206 1205 2247 quod
1237 2207 1269 2237 in
1294 2207 1440 2238 Levitico
1463 2208 1610 2241 Iudicare
1636 2212 1667 2241 in
1691 2211 1814 2241 iustitia
1836 2211 2006 2250 opponitur
2030 2222 2081 2242 ac-

1121 2249 1259 2288 ceptioni
1284 2260 1507 2289 personarum:
1540 2253 1623 2283 unde
1646 2254 1806 2293 sequitur,
1836 2253 1931 2284 simul
1954 2264 1990 2284 ac
2014 2258 2082 2284 tan-

1121 2292 1223 2322 tillum
1258 2292 1356 2323 iudex
1383 2293 1491 2325 oculos
1517 2305 1535 2325 a
1564 2306 1661 2327 causa
1691 2296 1844 2331 deflectit,
1878 2295 2082 2327 rectitudinis

1119 2335 1276 2366 oblivisci.
1320 2335 1370 2365 Ad
1399 2335 1477 2367 haec
1506 2337 1664 2369 Iudicium
1698 2338 1860 2369 inflectere
1891 2339 2081 2370 tantundem

1093 2398 1095 2403 .
1120 2378 1207 2408 valet
1225 2388 1261 2408 ac
1280 2377 1383 2408 faeere
1402 2378 1605 2418 iniquitatem
1630 2381 1660 2411 in
1686 2381 1818 2411 iudicio:
1842 2379 1895 2411 scd
1919 2381 1994 2420 quia
2017 2392 2081 2412 non

1119 2430 1247 2460 semper
1278 2420 1429 2460 iniquitas
1456 2422 1561 2461 palam
1585 2423 1756 2454 manifesta
1779 2428 1842 2459 est,
1873 2423 1950 2462 quin
1974 2424 2081 2464 potius

1120 2462 1229 2493 multis
1253 2463 1396 2494 artificiis
1418 2464 1560 2496 fucatur:
1584 2469 1751 2505 postquam
1766 2466 1854 2496 Deus
1878 2466 1910 2496 in
1934 2466 2081 2498 Levitico

1120 2504 1287 2536 damnavit
1304 2506 1413 2545 iniqua
1432 2513 1462 2537 et
1482 2518 1634 2547 perversa
1654 2508 1777 2544 iudicia,
1794 2514 1829 2538 ut
1848 2518 1947 2539 vanos
1970 2519 2080 2540 omnes

1118 2547 1239 2578 colores
1280 2547 1443 2585 discutiat,
1485 2552 1619 2581 verbum
1661 2550 1834 2580 inclinandi
1876 2556 2008 2591 usurpat
2045 2552 2079 2582 in

1120 2590 1379 2621 Deuteronomio.

1205 2633 1337 2664 Denter.
1369 2634 1424 2673 16,
1453 2635 1503 2665 20.
1529 2635 1703 2672 lustricam„
1727 2635 1888 2666 iustitiam.
1934 2637 2078 2677 Empha—
