2304 3034
149 180 210 211 103

153 280 202 307 est
226 275 293 306 eius
317 283 449 304 manus:
478 281 593 302 verum
617 271 692 311 quia
715 269 878 301 miraculis
902 270 1120 310 expergefacit

153 323 299 350 nostram
332 315 513 356 ignaviam,
540 314 606 345 illic
636 313 741 353 magis
771 313 942 352 conspicua
973 313 1118 354 refulget.

154 360 329 393 Caeterum
353 358 426 397 quia
450 357 544 397 paulo
574 361 647 397 post
678 355 859 387 videbimus
890 366 999 395 magos
1023 366 1040 386 a
1064 367 1121 387 sua

157 402 318 434 dementia
342 411 407 431 non
437 400 508 430 ideo
539 399 727 439 resipuisse,
757 398 917 429 discamus
945 398 1068 429 sincere
1092 404 1123 429 et

156 456 196 477 ex
232 445 337 475 animo
371 453 429 474 nos
463 442 635 473 humiliare
670 441 730 472 sub
765 441 884 480 potenti
919 439 981 471 Dei
1016 451 1123 478 manu,

155 487 290 520 simulac
314 486 346 516 in
371 485 512 516 medium
543 495 577 516 se
602 484 780 525 protulerit.
823 482 917 522 Quod
949 483 1076 515 Pharao
1107 494 1124 514 a

154 531 259 569 magis
283 529 430 559 desertus
454 528 534 559 nihil
556 539 594 558 ex
616 538 674 558 sua
694 526 875 566 pervicacia
894 531 1008 563 mutat,
1034 526 1124 557 nobis

157 573 351 604 documento
365 572 415 608 sit,
428 570 575 611 quamvis
589 570 665 601 hinc
685 569 759 600 inde
779 568 975 599 adminicula
994 574 1127 609 quaerat

156 616 316 655 impietas,
340 616 426 645 intus
450 619 559 644 tamen
582 614 716 644 infixam
736 621 805 643 esse
827 612 1020 651 pravitatem
1046 622 1126 651 quae

158 658 230 690 Deo
252 669 309 698 per
332 668 365 688 56
388 660 556 696 repugnet.

246 743 295 774 20.
324 742 409 773 Tunc
438 742 520 773 dia-it
543 741 656 772 Ielzova
684 740 725 771 ad
749 739 873 770 Illosen:
903 739 1000 779 Surye
1029 749 1127 776 mune,

159 797 195 819 ae
224 789 250 817 te
277 786 349 816 siste
382 787 414 815 in
437 787 623 824 conspectum
647 783 843 814 Pharaonis:
866 781 943 813 Eece
964 782 1131 822 eyredietur

161 830 203 861 ad
226 839 341 868 aquas:
372 831 397 858 et
420 828 501 858 dices
526 827 567 858 ad
596 837 682 857 eum.-
707 826 759 856 Sic
781 825 824 855 ait
849 824 977 855 Iehova:
1000 825 1129 855 Dimitte

155 872 304 913 populum
327 880 426 901 meam
450 873 481 900 ut
499 870 637 901 serviant
657 868 744 899 milii.
780 868 830 898 21.
855 868 942 906 Quod
961 868 990 898 si
1012 870 1045 898 tu
1068 878 1129 898 non

161 914 320 946 dimiseris
339 913 492 952 populum
522 922 638 947 meum,
669 921 730 942 ecee
761 911 896 941 emittam
925 911 957 941 in
980 913 1020 948 te,
1050 912 1075 941 et
1098 910 1130 940 in

163 968 264 989 serras·
294 959 375 992 tuos,
408 959 433 986 eb
463 957 496 986 in
520 955 672 994 populum
694 957 796 990 timim,
830 955 855 983 et
878 953 911 983 in
934 953 1036 983 domos
1059 955 1130 983 tuas

162 1010 289 1031 (mamea
308 1000 505 1030 insectormn:
525 1000 550 1029 et
569 997 767 1036 replebantur
785 996 892 1027 domas
911 996 1130 1036 Aeyyptiormn

163 1044 344 1074 insectorum
375 1042 532 1077 stramine,
564 1044 652 1079 alque
685 1040 775 1070 etiam
805 1041 888 1069 terra
918 1049 1012 1077 super
1036 1048 1130 1077 quam

163 1085 221 1116 illa
262 1085 442 1115 exstiterint.
487 1084 537 1114 22.
569 1083 610 1114 Et
633 1082 782 1122 separabo
818 1082 850 1112 in
874 1081 923 1112 die
944 1081 1000 1112 illa
1021 1083 1133 1112 terram

166 1128 283 1165 Gosen,
334 1128 367 1157 rin
416 1138 475 1166 qua
518 1126 656 1165 populus
708 1135 793 1155 mens
839 1123 970 1161 habitat,
1015 1134 1052 1155 oze
1092 1124 1133 1153 sit

163 1171 229 1202 illic
269 1180 394 1201 eramen
430 1171 628 1206 insectorum,
667 1171 701 1199 ut
739 1168 821 1198 scias
859 1167 939 1206 quod
979 1177 1029 1207 eyo
1064 1176 1133 1197 sam

164 1213 276 1244 Iehora
303 1214 335 1243 in
355 1213 452 1243 medio
474 1215 584 1243 ferrae.
626 1212 675 1242 23.
701 1210 743 1241 Et
759 1220 878 1249 ponam
900 1209 1132 1248 redemptionem

165 1257 244 1287 inter
260 1256 413 1294 populum
436 1265 552 1289 meum,
587 1257 613 1286 et
642 1255 720 1285 inter
743 1253 892 1293 populum
921 1255 1023 1283 titum:
1055 1251 1133 1283 Cras

166 1299 222 1331 erit
252 1299 376 1339 signium
406 1298 466 1329 hoe.
519 1297 568 1328 24.
601 1297 643 1328 Et
667 1296 738 1336 feeit
769 1295 881 1326 Ieleora
910 1295 968 1326 sie.-
1000 1297 1025 1325 et
1053 1295 1134 1325 venit

167 1352 292 1373 easamen
327 1342 508 1372 insectorum
541 1351 634 1381 yrare
663 1340 696 1370 in
726 1339 850 1370 domum
881 1337 1074 1374 Pharaonis,
1108 1340 1135 1367 et

167 1385 289 1415 domam
312 1394 469 1415 servorum
493 1384 574 1419 eius,
598 1385 624 1414 et
646 1385 738 1413 totam
762 1384 875 1412 terram
898 1381 1047 1421 Aeyypti:
1069 1389 1133 1411 cor—

167 1430 259 1467 rupta
277 1427 338 1466 fuit
356 1429 438 1457 terra
457 1429 583 1466 propter
600 1435 726 1457 eramen
746 1425 937 1455 insectorum.
972 1423 1022 1454 25.
1050 1423 1133 1453 Tunc

168 1471 282 1501 vocarit
308 1469 434 1500 Pharao
459 1469 564 1500 Illosen
587 1472 614 1499 et
637 1468 781 1503 sibaron,
806 1470 832 1497 ct
853 1467 913 1497 aie.-
936 1464 997 1504 Ite,
1016 1466 1133 1504 sacrifi-

168 1516 231 1544 cate
253 1512 320 1544 Deo
348 1515 446 1543 vestro
479 1513 509 1542 in¹
538 1512 593 1543 hac
622 1514 712 1542 terra.
759 1510 808 1541 26.
841 1509 883 1540 Et
912 1509 993 1540 dixit
1016 1508 1134 1539 Moses:

171 1556 241 1586 Xon
266 1556 401 1586 convenii
422 1556 522 1594 faeere
545 1555 605 1586 sie:
627 1554 703 1593 qaia
726 1552 981 1584 abominationem
1004 1550 1135 1591 Aeyypti

170 1599 416 1637 sacrificor-emus
439 1597 569 1629 Ielzorae
593 1596 660 1628 Deo
684 1599 794 1627 nostro.
840 1595 932 1632 Eece,
963 1595 991 1626 si
1013 1593 1134 1632 sacrifi-

170 1651 310 1672 σαι-1111118
350 1640 604 1671 abominationem
639 1639 864 1679 Aegmptiorum
903 1647 1003 1669 coram
1042 1636 1136 1668 oeulis

171 1695 290 1721 eoram,
314 1694 415 1713 (innon
438 1683 615 1723 lapidarent
636 1682 717 1713 nos?
762 1682 812 1712 27.
846 1681 936 1712 Viam
959 1680 1054 1710 {rium
1076 1679 1137 1710 die-

170 1737 241 1757 rum
260 1726 495 1766 progyrediemar
518 1726 549 1756 in
571 1726 739 1763 desertam,
774 1727 800 1755 et
822 1723 1067 1762 sacrificabimus
1090 1721 1137 1752 Ie-

172 1769 266 1801 liorac
288 1769 355 1801 Deo
379 1772 489 1806 nostro,
513 1768 769 1808 quemadmodum
788 1766 945 1806 praecepit
967 1765 1062 1796 nobis.

259 1854 309 1885 20.
336 1855 422 1885 Tunc
450 1854 532 1885 ‹lm't
556 1853 667 1884 Ielzova
695 1854 736 1885 ad
760 1853 885 1884 Mosen.-
916 1851 1014 1891 δαν-96
1040 1860 1137 1881 mane.

177 1898 280 1929 Sicuti
305 1897 476 1928 temerario
499 1907 578 1927 ausu
602 1897 785 1937 perrumpit
808 1896 954 1932 Pharao,
983 1893 1028 1925 sic
1051 1894 1138 1924 Deus

175 1941 317 1972 vicissim
332 1941 400 1971 eius
412 1940 569 1979 impetum
589 1939 735 1979 opposita
754 1939 939 1969 defensione
958 1936 1138 1976 compescit.

176 1984 247 2015 Hoc
283 1983 411 2013 tandem
447 1988 690 2022 consequuntur
726 1982 816 2021 impii
851 1981 904 2012 diu
940 1979 1141 2018 multumque

177 2026 362 2067 pugnando,
382 2030 417 2056 ut
436 2025 580 2065 pluribus
600 2025 737 2064 acceptis
759 2024 945 2055 vulneribus
967 2033 1022 2062 per
1037 2022 1142 2053 varios

179 2071 340 2100 eruciatus
370 2069 542 2099 intereant.
589 2068 683 2106 Quod
718 2067 848 2098 iubetur
879 2067 986 2097 Moses
1016 2065 1142 2095 obviam

179 2112 290 2143 venire
314 2112 496 2147 Pharaoni,
528 2111 581 2142 ubi
609 2121 703 2141 mane
727 2110 825 2141 animi
849 2109 954 2149 gratia
977 2107 1015 2139 ad
1040 2107 1142 2146 ripam

179 2156 323 2186 fluminis
347 2154 533 2189 descendet,
566 2154 727 2184 incertum
760 2158 808 2184 est
831 2163 871 2183 an
896 2151 973 2182 velit
1000 2151 1087 2181 Deus
1110 2149 1143 2179 in

180 2198 307 2238 publico
332 2203 508 2237 tyrannum
529 2195 736 2236 deprehendi,
761 2195 844 2235 quod
870 2194 1015 2225 difficiles
1038 2198 1145 2223 essent

180 2243 213 2271 in
239 2241 392 2280 palatium
416 2239 531 2270 aditus.
578 2239 772 2279 Quanquam
796 2238 875 2268 mihi
899 2235 1074 2268 verisimile
1097 2240 1146 2266 est

182 2285 362 2323 quaesitum
384 2283 483 2313 fuisse
503 2282 607 2312 locum
628 2283 660 2312 in
680 2293 741 2321 quo
760 2286 792 2312 et
811 2292 862 2312 res
881 2285 965 2311 esset
980 2278 1144 2314 illustrior,

183 2332 213 2356 et
238 2336 300 2356 vox
323 2326 423 2355 divini
456 2326 620 2365 praeconis
648 2324 767 2355 clarius
798 2323 1014 2354 exaudiretur.
1061 2321 1147 2360 Ergo

183 2380 223 2400 ne
246 2369 320 2408 quid
345 2369 478 2399 obscure
502 2373 644 2407 geratur,
669 2368 777 2398 Moses
797 2367 855 2397 sub
878 2366 928 2396 dio
951 2375 1056 2396 coram
1082 2368 1149 2393 tota

183 2411 391 2442 multitudine
417 2411 477 2441 Dei
502 2410 657 2442 iudicium
682 2409 874 2450 promulgat,
899 2408 990 2439 cuius
1013 2413 1148 2437 eventus

185 2455 294 2485 statim
319 2459 474 2493 sequutus
499 2458 555 2483 est.
598 2453 662 2484 Hic
686 2458 793 2483 autem
819 2451 906 2482 nulla
928 2450 978 2491 (ut
1002 2450 1034 2480 111
1058 2459 1150 2488 supe—

186 2497 322 2528 rioribus
335 2496 452 2537 plagis)
466 2497 577 2535 virgae
590 2497 625 2526 fit
638 2495 774 2526 mentio:
794 2495 867 2534 quia
877 2492 1036 2524 interdum
1050 2492 1151 2522 utitur

186 2540 276 2570 Dens
296 2540 439 2569 externis
452 2539 591 2577 organis,
612 2545 644 2569 ut
664 2539 804 2569 sciamus
823 2540 986 2568 creaturas
1005 2534 1063 2565 sub
1082 2534 1151 2565 eius

186 2593 285 2612 manu
299 2594 377 2619 esse,
398 2581 560 2612 interdum
582 2592 655 2612 vcro
670 2592 726 2620 per
745 2592 777 2611 56
798 2580 863 2620 agit
882 2584 918 2609 ut
935 2578 1074 2609 sciamus
1088 2588 1150 2607 uon

186 2636 282 2664 egere
296 2626 399 2664 ipsum
413 2624 625 2656 adminiculis.
651 2624 739 2655 Haec
752 2621 929 2662 inaequalis
942 2620 1057 2661 agendi
1072 2619 1152 2650 ratio

717 177 1085 210 COMMENTARIUS
1109 177 1157 208 IN
1181 176 1329 208 EXODI
1352 173 1449 206 GAP.
1474 172 1569 203 VIII.

2077 174 2139 204 104

1173 270 1381 305 demonstrat,
1406 267 1511 307 ipsum
1535 270 1632 306 prout
1654 266 1725 297 vult
1744 265 1879 305 imperio
1902 276 1959 297 suo
1982 267 2140 298 subiicere

1174 313 1298 349 omnia,
1330 318 1362 342 et
1391 314 1499 340 tamen
1531 308 1598 340 sola
1622 319 1680 339 sua
1702 308 1825 339 virtute
1850 318 1918 339 esse
1941 314 2137 341 contentum.

1174 356 1264 386 Haec
1286 354 1381 394 plaga
1405 352 1528 383 duabus
1559 351 1715 391 proximis
1746 350 1867 390 aliquid
1898 351 1994 382 affine
2024 352 2137 383 habet:

1175 399 1324 438 quoniam
1347 395 1429 427 cladi
1454 394 1643 434 adiungitur
1665 394 1844 434 ignominia
1862 404 1943 433 quae
1963 398 2138 434 tyrannum

1176 440 1367 481 pudefaciat.
1398 444 1460 474 :W
1485 437 1645 468 Hebraeis
1675 436 1758 467 idem
1792 436 1878 467 valet
1907 436 1990 476 quod
2012 437 2141 469 Latinis

1176 493 1312 514 examen
1344 483 1548 512 insectorum.
1595 479 1691 509 Multi
1726 479 1919 519 interpretes
1953 479 2141 510 existimant

1178 526 1321 557 diversas
1355 523 1476 563 51166165
1508 522 1606 553 fuisse
1639 522 1834 562 permixtas:
1869 522 1951 562 quod
1986 532 2044 562 ego
2078 533 2141 553 non

1176 569 1303 604 reneio,
1334 567 1407 606 quia
1437 565 1600 605 probabile
1630 569 1677 596 est
1707 564 1877 596 collectum
1907 565 2004 595 fuisse
2032 564 2142 595 multi-

1178 612 1292 651 plicem
1316 610 1488 645 foetorem,
1516 618 1577 647 quo
1608 612 1766 648 tyrannus
1796 618 1895 647 prope
1918 607 2141 639 suffocaretur.

1180 654 1244 692 Qui
1269 653 1307 684 de
1332 652 1431 688 ursis,
1464 650 1626 686 leonibus,
1661 650 1798 691 tigribus
1822 655 1853 681 et
1877 650 1976 690 lupis,
2007 649 2143 690 aliisque

1180 696 1287 727 saevis
1310 694 1502 725 animalibus
1525 697 1711 732 exponunt,
1736 693 1805 724 sine
1828 693 1952 724 ratione
1976 692 2144 724 discedunt

1180 750 1198 770 a
1220 738 1360 779 genuino
1385 737 1469 768 vocis
1492 746 1599 767 sensu.

1266 781 1315 812 522.
1340 780 1381 810 Et
1403 779 1559 818 separabo.
1605 778 1677 809 Hoc
1707 777 1856 818 quamvis
1880 777 2022 809 nondum
2047 778 2145 809 suerit

1182 824 1301 855 diserte
1324 823 1517 862 expositum,
1543 821 1711 852 transferri
1736 826 1843 851 tamen
1868 820 1908 852 ad
1931 821 2010 852 alias
2033 821 2146 861 plagas

1182 867 1284 897 debet.
1318 866 1451 896 Certum
1475 864 1560 895 enim
1585 868 1643 901 est,
1668 874 1765 903 quum
1793 873 1927 903 poenam
1951 863 1989 894 de
2013 864 2145 904 Aegyp-

1182 910 1236 940 tiis
1266 909 1409 949 exigeret
1441 908 1544 945 Deus,
1574 917 1636 937 non
1667 907 1849 946 promiscue
1878 905 2148 938 animadvertisse

1183 954 1216 983 in
1239 962 1365 982 omncs:
1390 950 1523 990 ideoque
1546 949 1683 980 electum
1709 949 1777 980 eius
1800 949 1970 989 populum,
1995 949 2047 980 6111
2071 959 2147 980 6011-

1184 994 1303 1026 sultum
1336 994 1478 1029 volebat,
1514 993 1692 1023 immunem
1724 992 1822 1023 fuisse
1853 991 1891 1022 ab
1914 992 2001 1022 omni
2025 991 2147 1023 incom-

1184 1037 1287 1068 modo.
1322 1037 1416 1067 Nunc
1436 1041 1544 1066 tamen
1564 1035 1645 1066 forte
1668 1035 1809 1075 primum
1833 1034 1930 1066 huius
1954 1034 2148 1066 discriminis

1184 1081 1300 1111 certior
1323 1078 1468 1110 redditur
1492 1078 1636 1115 Pharao,
1668 1088 1766 1117 quum
1798 1082 1871 1108 ante
1899 1077 2072 1118 peculiaris
2092 1077 2149 1108 illa

1184 1124 1244 1154 Dei
1276 1123 1379 1162 gratia
1411 1122 1518 1161 ipsum
1553 1121 1676 1151 lateret.
1727 1120 1814 1151 Hinc
1845 1131 1920 1151 vero
1948 1120 2019 1160 plus
2053 1130 2149 1160 quam

1185 1166 1391 1196 manifestum
1416 1164 1489 1201 fuit,
1521 1174 1618 1203 penes
1642 1164 1772 1194 unicum
1797 1164 1902 1194 Deum
1926 1163 2057 1194 Israelis
2080 1173 2149 1194 esse

1185 1208 1339 1239 beneficia
1358 1213 1389 1238 et
1408 1218 1537 1247 poenas,
1556 1212 1592 1237 ut
1611 1206 1678 1237 suis
1698 1211 1818 1245 parcat,
1837 1216 1954 1246 eosque
1973 1205 2151 1237 clementer

1186 1256 1217 1282 et
1241 1256 1373 1291 paterne
1397 1254 1525 1286 tractet,
1557 1260 1668 1280 rursus
1696 1249 1870 1280 vindictam
1900 1253 2012 1280 eontra
2042 1248 2149 1280 hostes

1187 1305 1259 1325 suos
1284 1299 1439 1324 exerceat.
1475 1292 1581 1331 Quam
1606 1292 1645 1322 ob
1669 1302 1736 1322 rem
1761 1291 1906 1322 additur:
1929 1291 1975 1323 Ut
1998 1291 2079 1322 scias
2098 1302 2150 1322 me

1187 1347 1256 1367 esse
1280 1336 1435 1367 Iehovam
1458 1335 1491 1365 in
1515 1334 1619 1366 medio
1645 1339 1758 1365 terrae.
1805 1333 1924 1365 Subest
1954 1334 2039 1365 enim
2065 1334 2149 1364 anti-

1187 1380 1296 1415 thesis,
1320 1390 1399 1419 quae
1423 1378 1592 1418 prostratis
1615 1377 1707 1408 idolis
1730 1377 1888 1414 omnibus,
1915 1376 2017 1408 solum
2040 1376 2149 1407 Deum

1186 1422 1316 1453 Israelis
1335 1422 1368 1452 in
1387 1420 1517 1452 sublimi
1536 1420 1627 1451 locat.
1663 1420 1836 1451 Caeterum
1856 1429 2038 1459 quanquam
2063 1424 2150 1450 terra

1187 1465 1239 1496 hic
1258 1476 1314 1504 pro
1335 1468 1400 1495 toto
1419 1464 1494 1494 orbe
1514 1462 1680 1494 habitabili
1698 1463 1798 1502 accipi
1817 1466 1932 1502 potest,
1953 1466 2026 1502 apte
2040 1466 2149 1493 tamen

1186 1508 1225 1538 ad
1239 1508 1423 1547 Aegyptum
1447 1506 1670 1545 restringetur,
1695 1510 1731 1536 ut
1753 1506 1892 1536 affirmet
1911 1505 2001 1536 Deus
2024 1505 2057 1535 in
2080 1505 2151 1545 ipso

1188 1551 1329 1591 Aegypti
1353 1549 1475 1589 gremio
1499 1559 1531 1579 se
1556 1548 1732 1586 dominari⁷
1757 1548 1808 1579 vel
1830 1548 1947 1588 ubique
1970 1558 2027 1587 per
2048 1550 2150 1578 totam

1189 1595 1383 1634 Aegyptum,
1408 1592 1491 1632 1111011
1516 1591 1601 1622 1116111
1626 1591 1720 1622 valet.
1759 1591 1920 1631 Loquutio
1944 1601 2025 1630 quae
2045 1590 2150 1630 sequi-

1188 1641 1250 1674 tur,
1274 1646 1457 1675 quanquam
1481 1634 1574 1675 paulo
1598 1634 1708 1665 durior
1732 1638 1788 1672 est,
1815 1633 1895 1665 nibil
1919 1638 2026 1664 tamen
2049 1633 2151 1665 conti-

1189 1685 1245 1709 net
1279 1679 1475 1718 ambiguum.
1527 1677 1656 1709 Dicitur
1689 1677 1774 1708 enim
1809 1676 1953 1717 posuisse
1982 1675 2073 1707 Deus
2101 1687 2152 1706 re-

1189 1721 1407 1761 demptionem
1426 1721 1510 1751 inter
1530 1720 1684 1760 populum
1704 1731 1797 1751 suum
1817 1724 1849 1750 et
1862 1719 2056 1760 Aegyptios:
2077 1719 2152 1759 quia

1188 1765 1279 1795 velut
1297 1764 1487 1803 interposita
1506 1763 1652 1801 maceria,
1671 1762 1724 1794 vel
1743 1763 1857 1794 erectis
1876 1762 2033 1800 claustris,
2053 1771 2151 1802 quum

1188 1807 1343 1847 angulum
1369 1817 1469 1837 unum
1493 1810 1637 1837 servaret
1661 1805 1872 1843 ineolumem,
1895 1805 2033 1846 gratiam
2057 1815 2151 1836 suam

1191 1861 1209 1880 a
1222 1855 1287 1880 tota
1307 1850 1427 1880 circum
1448 1849 1577 1889 regione
1598 1848 1769 1888 prohibuit.
1804 1849 1906 1880 Porro
1925 1848 1998 1887 quia
2017 1846 2153 1878 verbum

1191 1885 1254 1925 Πζῖὓ
1289 1893 1449 1932 significat
1483 1891 1670 1922 admirabile
1704 1902 1787 1928 esse,
1828 1891 1881 1922 vel
1919 1889 2153 1928 absconditum,

1194 1941 1324 1966 vertunt
1355 1935 1482 1974 quidam
1514 1935 1725 1974 interpretes:
1758 1933 1990 1964 Admirabilem
2022 1931 2154 1964 reddam

1193 1984 1312 2009 terram
1333 1978 1450 2008 Gosen.
1493 1977 1558 2009 scd
1582 1978 1670 2017 sequi
1695 1976 1792 2007 malui
1816 1976 1900 2016 quod
1923 1975 2026 2016 magis
2049 1985 2156 2015 recep-

1194 2026 1262 2051 tum
1286 2025 1363 2057 crat⁷
1388 2025 1419 2051 ct
1441 2021 1555 2051 melius
1579 2020 1751 2051 convenire
1772 2019 1874 2050 visum
1895 2023 1952 2050 est.
1987 2019 2156 2050 Postremo

1195 2063 1372 2094 notandum
1406 2068 1469 2100 est,
1516 2064 1633 2094 iterum
1669 2068 1795 2102 tempus
1830 2061 2046 2101 poenitentiae
2087 2059 2157 2091 dari

1195 2106 1377 2143 Pharaoni,
1403 2111 1453 2143 ut,
1488 2106 1514 2137 si
1546 2110 1630 2137 esset
1660 2105 1829 2143 sanabilis,
1860 2114 1996 2144 poenam
2020 2103 2078 2135 sibi
2102 2103 2156 2134 de-

1196 2149 1380 2179 nunciatam
1410 2153 1637 2179 anteverteret.
1684 2148 1814 2178 Poterat
1844 2147 1929 2178 enim
1953 2146 2064 2177 eodem
2088 2156 2157 2178 mo-

1197 2196 1303 2222 mento
1324 2192 1411 2223 Deus
1433 2192 1582 2222 bestiolas
1605 2191 1676 2222 illas
1700 2190 1863 2221 emittere:
1887 2189 1943 2220 sed
1967 2193 2002 2220 ut
2024 2188 2158 2230 tyranni

1197 2234 1354 2265 malitiam
1375 2234 1531 2273 probaret,
1552 2238 1715 2273 posterum
1735 2233 1819 2264 diem
1843 2232 1953 2263 edixit.

1282 2277 1333 2308 25.
1372 2277 1456 2308 Tanc
1478 2277 1595 2308 vocavit
1618 2276 1745 2308 Pharao
1769 2275 1885 2306 Mosen.
1931 2274 2070 2305 Videtur
2099 2274 2159 2306 sibi

1199 2330 1352 2359 magnum
1377 2319 1496 2360 aliquid
1520 2319 1596 2350 dare
1621 2319 1756 2356 Pharao,
1780 2319 1806 2349 si
1830 2318 1966 2349 liberum
1989 2318 2031 2348 sit
2054 2317 2159 2348 Israe—

1199 2363 1266 2393 litis
1297 2362 1365 2393 Dco
1396 2363 1552 2393 sacrificia
1582 2362 1696 2392 offerre
1727 2362 1759 2392 in
1789 2363 1948 2402 Aegypto.
1994 2359 2160 2391 Debuerat

1200 2406 1267 2444 ipsc
1298 2415 1371 2435 cum
1400 2406 1466 2435 suis
1497 2405 1645 2436 omnibus
1677 2404 1738 2435 Dei
1767 2404 1888 2434 cultum
1921 2403 2056 2443 supplex
2091 2413 2160 2434 am-

1203 2448 1305 2487 plecti,
1319 2454 1349 2478 et
1362 2447 1644 2487 superstitionibus
1657 2447 1784 2478 reiectis
1799 2447 1912 2478 Mosen
1931 2451 2082 2486 appetere
2094 2445 2161 2476 5111·

1201 2501 1291 2521 cerae
1312 2490 1438 2529 pictatis
1463 2491 1664 2531 magistrum.
1696 2489 1785 2521 Nihil
1808 2489 1847 2519 de
1869 2488 2092 2520 communibus
2112 2487 2161 2519 vi-

1203 2533 1256 2564 tiis
1285 2537 1398 2568 mutat,
1426 2544 1488 2563 non
1510 2534 1678 2564 renunciat
1696 2532 1798 2570 idolis,
1825 2543 1888 2563 non
1909 2531 2034 2563 abdicat
2052 2531 2162 2571 pristi-

1204 2586 1261 2606 nos
1285 2585 1423 2606 errores:
1460 2580 1585 2607 tantum
1609 2576 1766 2615 permittit
1788 2575 1820 2605 in
1845 2586 1909 2606 una
1932 2573 2062 2605 ditionis
2086 2583 2164 2604 suae

1204 2623 1294 2659 parte
1319 2619 1423 2649 Deum
1443 2618 1512 2649 coli.
1560 2619 1624 2650 Sed
1648 2618 1706 2650 hoc
1732 2618 1876 2658 reprobis
1899 2618 2013 2649 tritum
2037 2620 2086 2648 est
2108 2617 2164 2648 ubi
