<?xml version="1.0" encoding="UTF-8"?>
<!DOCTYPE html PUBLIC "-//W3C//DTD XHTML 1.0 Transitional//EN"
    "http://www.w3.org/TR/xhtml1/DTD/xhtml1-transitional.dtd">
<html xmlns="http://www.w3.org/1999/xhtml" xml:lang="en" lang="en">
 <head>
  <title>
</title>
<meta http-equiv="Content-Type" content="text/html;charset=utf-8" />
  <meta name='ocr-system' content='tesseract 3.04.00' />
  <meta name='ocr-capabilities' content='ocr_page ocr_carea ocr_par ocr_line ocrx_word'/>
</head>
<body>
  <div class='ocr_page' id='page_1' title='image "./ioanniscalviniop24calv_0246.png"; bbox 0 0 2304 3034; ppageno 0'>
   <div class='ocr_carea' id='block_1_1' title="bbox 194 210 255 240">
    <p class='ocr_par' dir='ltr' id='par_1_1' title="bbox 194 210 255 240">
     <span class='ocr_line' id='line_1_1' title="bbox 194 210 255 240; baseline 0 -1"><span class='ocrx_word' id='word_1_1' title='bbox 194 210 255 240; x_wconf 68' lang='lat'>471</span> 
     </span>
    </p>
   </div>
   <div class='ocr_carea' id='block_1_2' title="bbox 195 296 1170 1709">
    <p class='ocr_par' dir='ltr' id='par_1_2' title="bbox 195 296 1170 1709">
     <span class='ocr_line' id='line_1_2' title="bbox 199 296 1169 339; baseline -0.007 -4"><span class='ocrx_word' id='word_1_2' title='bbox 199 305 292 335; x_wconf 85' lang='lat' dir='ltr'>dare:</span> <span class='ocrx_word' id='word_1_3' title='bbox 316 310 430 339; x_wconf 83' lang='lat' dir='ltr'>nempe</span> <span class='ocrx_word' id='word_1_4' title='bbox 450 299 530 329; x_wconf 88' lang='lat' dir='ltr'>utin</span> <span class='ocrx_word' id='word_1_5' title='bbox 551 307 630 329; x_wconf 84' lang='lat' dir='ltr'>sana</span> <span class='ocrx_word' id='word_1_6' title='bbox 654 301 686 328; x_wconf 86' lang='lat' dir='ltr'>et</span> <span class='ocrx_word' id='word_1_7' title='bbox 710 308 791 337; x_wconf 85' lang='lat' dir='ltr'>pura</span> <span class='ocrx_word' id='word_1_8' title='bbox 814 296 961 328; x_wconf 79' lang='lat' dir='ltr'>doctrina</span> <span class='ocrx_word' id='word_1_9' title='bbox 981 297 1169 328; x_wconf 77' lang='lat' dir='ltr'>contineant</span> 
     </span>
     <span class='ocr_line' id='line_1_3' title="bbox 198 339 1170 387; baseline -0.006 -11"><span class='ocrx_word' id='word_1_10' title='bbox 198 345 369 387; x_wconf 85' lang='lat' dir='ltr'>populum,</span> <span class='ocrx_word' id='word_1_11' title='bbox 400 346 564 381; x_wconf 77' lang='lat' dir='ltr'>exponant</span> <span class='ocrx_word' id='word_1_12' title='bbox 598 339 673 379; x_wconf 87' lang='lat' dir='ltr'>quid</span> <span class='ocrx_word' id='word_1_13' title='bbox 704 347 828 371; x_wconf 87' lang='lat' dir='ltr'>rectum</span> <span class='ocrx_word' id='word_1_14' title='bbox 860 340 911 375; x_wconf 88' lang='lat' dir='ltr'>sit,</span> <span class='ocrx_word' id='word_1_15' title='bbox 945 339 1082 379; x_wconf 88' lang='lat' dir='ltr'>denique</span> <span class='ocrx_word' id='word_1_16' title='bbox 1105 340 1170 371; x_wconf 90' lang='lat' dir='ltr'>sint</span> 
     </span>
     <span class='ocr_line' id='line_1_4' title="bbox 200 382 1169 422; baseline -0.005 -3"><span class='ocrx_word' id='word_1_17' title='bbox 200 388 350 420; x_wconf 82' lang='lat' dir='ltr'>eeclesiae</span> <span class='ocrx_word' id='word_1_18' title='bbox 383 385 537 415; x_wconf 88' lang='lat' dir='ltr'>doctores.</span> <span class='ocrx_word' id='word_1_19' title='bbox 598 383 701 413; x_wconf 89' lang='lat' dir='ltr'>Porro</span> <span class='ocrx_word' id='word_1_20' title='bbox 732 383 816 422; x_wconf 89' lang='lat' dir='ltr'>quod</span> <span class='ocrx_word' id='word_1_21' title='bbox 849 382 988 422; x_wconf 89' lang='lat' dir='ltr'>populus</span> <span class='ocrx_word' id='word_1_22' title='bbox 1019 382 1169 422; x_wconf 81' lang='lat' dir='ltr'>amplecti</span> 
     </span>
     <span class='ocr_line' id='line_1_5' title="bbox 197 424 1170 468; baseline -0.005 -7"><span class='ocrx_word' id='word_1_23' title='bbox 197 430 305 462; x_wconf 87' lang='lat' dir='ltr'>debuit</span> <span class='ocrx_word' id='word_1_24' title='bbox 332 426 486 468; x_wconf 88' lang='lat' dir='ltr'>quidquid</span> <span class='ocrx_word' id='word_1_25' title='bbox 511 426 822 466; x_wconf 74' lang='lat' dir='ltr'>pronunciaverunt,</span> <span class='ocrx_word' id='word_1_26' title='bbox 853 430 887 455; x_wconf 89' lang='lat' dir='ltr'>ut</span> <span class='ocrx_word' id='word_1_27' title='bbox 911 424 1002 456; x_wconf 89' lang='lat' dir='ltr'>nefas</span> <span class='ocrx_word' id='word_1_28' title='bbox 1025 430 1107 456; x_wconf 85' lang='lat' dir='ltr'>esset</span> <span class='ocrx_word' id='word_1_29' title='bbox 1131 425 1170 456; x_wconf 88' lang='lat' dir='ltr'>ad</span> 
     </span>
     <span class='ocr_line' id='line_1_6' title="bbox 199 467 1170 505; baseline -0.003 -3"><span class='ocrx_word' id='word_1_30' title='bbox 199 474 344 503; x_wconf 75' lang='lat' dir='ltr'>dextram</span> <span class='ocrx_word' id='word_1_31' title='bbox 377 470 425 500; x_wconf 84' lang='lat' dir='ltr'>vel</span> <span class='ocrx_word' id='word_1_32' title='bbox 458 468 496 499; x_wconf 86' lang='lat' dir='ltr'>ad</span> <span class='ocrx_word' id='word_1_33' title='bbox 528 469 692 499; x_wconf 74' lang='lat' dir='ltr'>sinistram</span> <span class='ocrx_word' id='word_1_34' title='bbox 725 467 900 505; x_wconf 89' lang='lat' dir='ltr'>declinare,</span> <span class='ocrx_word' id='word_1_35' title='bbox 932 478 995 498; x_wconf 91' lang='lat' dir='ltr'>non</span> <span class='ocrx_word' id='word_1_36' title='bbox 1027 468 1085 498; x_wconf 88' lang='lat' dir='ltr'>fuit</span> <span class='ocrx_word' id='word_1_37' title='bbox 1109 468 1170 500; x_wconf 91' lang='lat' dir='ltr'>hoc</span> 
     </span>
     <span class='ocr_line' id='line_1_7' title="bbox 198 511 1169 551; baseline -0.003 -6"><span class='ocrx_word' id='word_1_38' title='bbox 198 514 291 546; x_wconf 85' lang='lat' dir='ltr'>modo</span> <span class='ocrx_word' id='word_1_39' title='bbox 322 523 473 544; x_wconf 83' lang='lat' dir='ltr'>concessa</span> <span class='ocrx_word' id='word_1_40' title='bbox 504 511 566 542; x_wconf 73' lang='lat' dir='ltr'>illis</span> <span class='ocrx_word' id='word_1_41' title='bbox 603 512 772 550; x_wconf 67' lang='lat' dir='ltr'>tyrannica</span> <span class='ocrx_word' id='word_1_42' title='bbox 801 515 958 550; x_wconf 86' lang='lat' dir='ltr'>potestas:</span> <span class='ocrx_word' id='word_1_43' title='bbox 991 515 1026 540; x_wconf 92' lang='lat' dir='ltr'>ut</span> <span class='ocrx_word' id='word_1_44' title='bbox 1054 511 1080 541; x_wconf 90' lang='lat' dir='ltr'>si</span> <span class='ocrx_word' id='word_1_45' title='bbox 1112 522 1169 551; x_wconf 89' lang='lat' dir='ltr'>pro</span> 
     </span>
     <span class='ocr_line' id='line_1_8' title="bbox 199 554 1169 593; baseline -0.004 -5"><span class='ocrx_word' id='word_1_46' title='bbox 199 557 329 588; x_wconf 79' lang='lat' dir='ltr'>libidine</span> <span class='ocrx_word' id='word_1_47' title='bbox 360 555 466 586; x_wconf 77' lang='lat' dir='ltr'>lucem</span> <span class='ocrx_word' id='word_1_48' title='bbox 499 554 673 585; x_wconf 70' lang='lat' dir='ltr'>vertissent</span> <span class='ocrx_word' id='word_1_49' title='bbox 706 554 738 584; x_wconf 92' lang='lat' dir='ltr'>in</span> <span class='ocrx_word' id='word_1_50' title='bbox 765 554 929 591; x_wconf 72' lang='lat' dir='ltr'>tenebras,</span> <span class='ocrx_word' id='word_1_51' title='bbox 962 564 1018 593; x_wconf 90' lang='lat' dir='ltr'>pro</span> <span class='ocrx_word' id='word_1_52' title='bbox 1041 554 1169 585; x_wconf 88' lang='lat' dir='ltr'>oraculo</span> 
     </span>
     <span class='ocr_line' id='line_1_9' title="bbox 197 596 1169 636; baseline -0.004 -6"><span class='ocrx_word' id='word_1_53' title='bbox 197 598 382 631; x_wconf 88' lang='lat' dir='ltr'>habendum</span> <span class='ocrx_word' id='word_1_54' title='bbox 397 598 490 628; x_wconf 77' lang='lat' dir='ltr'>tuerit</span> <span class='ocrx_word' id='word_1_55' title='bbox 511 596 594 636; x_wconf 90' lang='lat' dir='ltr'>quod</span> <span class='ocrx_word' id='word_1_56' title='bbox 615 607 766 636; x_wconf 77' lang='lat' dir='ltr'>perverse</span> <span class='ocrx_word' id='word_1_57' title='bbox 788 596 1010 626; x_wconf 84' lang='lat' dir='ltr'>definivcrant.</span> <span class='ocrx_word' id='word_1_58' title='bbox 1046 596 1169 627; x_wconf 89' lang='lat' dir='ltr'>Eorum</span> 
     </span>
     <span class='ocr_line' id='line_1_10' title="bbox 199 638 1166 681; baseline -0.004 -8"><span class='ocrx_word' id='word_1_59' title='bbox 199 642 423 681; x_wconf 77' lang='lat' dir='ltr'>interpretatio</span> <span class='ocrx_word' id='word_1_60' title='bbox 453 639 571 679; x_wconf 83' lang='lat' dir='ltr'>absque</span> <span class='ocrx_word' id='word_1_61' title='bbox 604 639 833 679; x_wconf 76' lang='lat' dir='ltr'>provocatione</span> <span class='ocrx_word' id='word_1_62' title='bbox 857 643 928 669; x_wconf 87' lang='lat' dir='ltr'>rata</span> <span class='ocrx_word' id='word_1_63' title='bbox 944 649 1021 669; x_wconf 84' lang='lat' dir='ltr'>-esse</span> <span class='ocrx_word' id='word_1_64' title='bbox 1045 638 1166 670; x_wconf 84' lang='lat' dir='ltr'>debuit:</span> 
     </span>
     <span class='ocr_line' id='line_1_11' title="bbox 198 681 1168 722; baseline -0.003 -6"><span class='ocrx_word' id='word_1_65' title='bbox 198 684 254 716; x_wconf 87' lang='lat' dir='ltr'>sed</span> <span class='ocrx_word' id='word_1_66' title='bbox 269 685 409 715; x_wconf 76' lang='lat' dir='ltr'>vicissim</span> <span class='ocrx_word' id='word_1_67' title='bbox 433 682 496 713; x_wconf 80' lang='lat' dir='ltr'>illis</span> <span class='ocrx_word' id='word_1_68' title='bbox 517 682 717 722; x_wconf 83' lang='lat' dir='ltr'>praescripta</span> <span class='ocrx_word' id='word_1_69' title='bbox 737 682 797 712; x_wconf 88' lang='lat' dir='ltr'>fuit</span> <span class='ocrx_word' id='word_1_70' title='bbox 817 681 938 722; x_wconf 63' lang='lat' dir='ltr'>regul-21,</span> <span class='ocrx_word' id='word_1_71' title='bbox 960 687 995 712; x_wconf 88' lang='lat' dir='ltr'>ut</span> <span class='ocrx_word' id='word_1_72' title='bbox 1014 687 1168 722; x_wconf 77' lang='lat' dir='ltr'>tanquam</span> 
     </span>
     <span class='ocr_line' id='line_1_12' title="bbox 198 724 1169 764; baseline -0.004 -5"><span class='ocrx_word' id='word_1_73' title='bbox 198 739 237 759; x_wconf 77' lang='lat' dir='ltr'>ex</span> <span class='ocrx_word' id='word_1_74' title='bbox 269 739 322 758; x_wconf 84' lang='lat' dir='ltr'>ore</span> <span class='ocrx_word' id='word_1_75' title='bbox 352 727 412 757; x_wconf 89' lang='lat' dir='ltr'>Dei</span> <span class='ocrx_word' id='word_1_76' title='bbox 446 726 664 764; x_wconf 70' lang='lat' dir='ltr'>loquerentur.</span> <span class='ocrx_word' id='word_1_77' title='bbox 717 725 855 756; x_wconf 88' lang='lat' dir='ltr'>Ponitur</span> <span class='ocrx_word' id='word_1_78' title='bbox 887 724 1017 764; x_wconf 89' lang='lat' dir='ltr'>quidem</span> <span class='ocrx_word' id='word_1_79' title='bbox 1051 735 1169 755; x_wconf 90' lang='lat' dir='ltr'>nomen</span> 
     </span>
     <span class='ocr_line' id='line_1_13' title="bbox 198 766 1168 810; baseline -0.003 -9"><span class='ocrx_word' id='word_1_80' title='bbox 198 777 288 810; x_wconf 59' lang='grc' dir='ltr'>ΠἾἻΠ,</span> <span class='ocrx_word' id='word_1_81' title='bbox 309 769 391 809; x_wconf 85' lang='lat' dir='ltr'>quod</span> <span class='ocrx_word' id='word_1_82' title='bbox 413 768 541 799; x_wconf 80' lang='lat' dir='ltr'>tametsi</span> <span class='ocrx_word' id='word_1_83' title='bbox 562 767 742 798; x_wconf 85' lang='lat' dir='ltr'>doctrinam</span> <span class='ocrx_word' id='word_1_84' title='bbox 764 772 865 804; x_wconf 85' lang='lat' dir='ltr'>sonat,</span> <span class='ocrx_word' id='word_1_85' title='bbox 890 766 977 798; x_wconf 84' lang='lat' dir='ltr'>haud</span> <span class='ocrx_word' id='word_1_86' title='bbox 1002 767 1097 798; x_wconf 88' lang='lat' dir='ltr'>dubie</span> <span class='ocrx_word' id='word_1_87' title='bbox 1120 772 1168 798; x_wconf 83' lang='lat' dir='ltr'>ta-</span> 
     </span>
     <span class='ocr_line' id='line_1_14' title="bbox 198 810 1170 850; baseline -0.004 -6"><span class='ocrx_word' id='word_1_88' title='bbox 198 825 272 844; x_wconf 85' lang='lat' dir='ltr'>men</span> <span class='ocrx_word' id='word_1_89' title='bbox 304 823 372 843; x_wconf 88' lang='lat' dir='ltr'>eam</span> <span class='ocrx_word' id='word_1_90' title='bbox 404 811 582 842; x_wconf 84' lang='lat' dir='ltr'>doctrinam</span> <span class='ocrx_word' id='word_1_91' title='bbox 615 811 776 850; x_wconf 71' lang='lat' dir='ltr'>significat</span> <span class='ocrx_word' id='word_1_92' title='bbox 806 821 886 850; x_wconf 86' lang='lat' dir='ltr'>quae</span> <span class='ocrx_word' id='word_1_93' title='bbox 919 811 951 840; x_wconf 93' lang='lat' dir='ltr'>in</span> <span class='ocrx_word' id='word_1_94' title='bbox 982 810 1053 850; x_wconf 86' lang='lat' dir='ltr'>lege</span> <span class='ocrx_word' id='word_1_95' title='bbox 1083 821 1170 841; x_wconf 90' lang='lat' dir='ltr'>com-</span> 
     </span>
     <span class='ocr_line' id='line_1_15' title="bbox 198 852 1168 896; baseline -0.004 -9"><span class='ocrx_word' id='word_1_96' title='bbox 198 856 357 896; x_wconf 80' lang='lat' dir='ltr'>prehensa</span> <span class='ocrx_word' id='word_1_97' title='bbox 381 861 437 891; x_wconf 85' lang='lat' dir='ltr'>est,</span> <span class='ocrx_word' id='word_1_98' title='bbox 463 854 527 884; x_wconf 90' lang='lat' dir='ltr'>imo</span> <span class='ocrx_word' id='word_1_99' title='bbox 555 853 747 884; x_wconf 79' lang='lat' dir='ltr'>tantundem</span> <span class='ocrx_word' id='word_1_100' title='bbox 773 853 859 884; x_wconf 84' lang='lat' dir='ltr'>valet</span> <span class='ocrx_word' id='word_1_101' title='bbox 883 864 918 884; x_wconf 87' lang='lat' dir='ltr'>ac</span> <span class='ocrx_word' id='word_1_102' title='bbox 938 863 1053 883; x_wconf 87' lang='lat' dir='ltr'>nomen</span> <span class='ocrx_word' id='word_1_103' title='bbox 1079 852 1168 893; x_wconf 80' lang='lat' dir='ltr'>legis.</span> 
     </span>
     <span class='ocr_line' id='line_1_16' title="bbox 198 896 1170 936; baseline -0.004 -6"><span class='ocrx_word' id='word_1_104' title='bbox 198 900 240 931; x_wconf 86' lang='lat' dir='ltr'>Et</span> <span class='ocrx_word' id='word_1_105' title='bbox 266 898 361 929; x_wconf 82' lang='lat' dir='ltr'>huius</span> <span class='ocrx_word' id='word_1_106' title='bbox 384 897 428 927; x_wconf 92' lang='lat' dir='ltr'>rei</span> <span class='ocrx_word' id='word_1_107' title='bbox 453 896 556 927; x_wconf 78' lang='lat' dir='ltr'>fidelis</span> <span class='ocrx_word' id='word_1_108' title='bbox 581 902 630 926; x_wconf 88' lang='lat' dir='ltr'>est</span> <span class='ocrx_word' id='word_1_109' title='bbox 654 897 815 936; x_wconf 83' lang='lat' dir='ltr'>interpres</span> <span class='ocrx_word' id='word_1_110' title='bbox 835 896 998 936; x_wconf 84' lang='lat' dir='ltr'>Iosaphat,</span> <span class='ocrx_word' id='word_1_111' title='bbox 1024 896 1078 936; x_wconf 92' lang='lat' dir='ltr'>qui</span> <span class='ocrx_word' id='word_1_112' title='bbox 1098 906 1170 936; x_wconf 83' lang='lat' dir='ltr'>par-</span> 
     </span>
     <span class='ocr_line' id='line_1_17' title="bbox 201 938 1169 979; baseline -0.003 -7"><span class='ocrx_word' id='word_1_113' title='bbox 201 948 249 972; x_wconf 84' lang='lat' dir='ltr'>tes</span> <span class='ocrx_word' id='word_1_114' title='bbox 277 943 447 972; x_wconf 74' lang='lat' dir='ltr'>enumerat</span> <span class='ocrx_word' id='word_1_115' title='bbox 479 939 594 979; x_wconf 85' lang='lat' dir='ltr'>quibus</span> <span class='ocrx_word' id='word_1_116' title='bbox 618 940 737 979; x_wconf 89' lang='lat' dir='ltr'>passim</span> <span class='ocrx_word' id='word_1_117' title='bbox 763 939 924 979; x_wconf 85' lang='lat' dir='ltr'>scriptura</span> <span class='ocrx_word' id='word_1_118' title='bbox 949 938 1042 970; x_wconf 88' lang='lat' dir='ltr'>docet</span> <span class='ocrx_word' id='word_1_119' title='bbox 1065 939 1169 979; x_wconf 83' lang='lat' dir='ltr'>legem</span> 
     </span>
     <span class='ocr_line' id='line_1_18' title="bbox 198 981 1170 1022; baseline -0.002 -7"><span class='ocrx_word' id='word_1_120' title='bbox 198 985 299 1016; x_wconf 79' lang='lat' dir='ltr'>Musis</span> <span class='ocrx_word' id='word_1_121' title='bbox 343 983 512 1014; x_wconf 82' lang='lat' dir='ltr'>contineri.</span> <span class='ocrx_word' id='word_1_122' title='bbox 576 982 619 1012; x_wconf 86' lang='lat' dir='ltr'>Et</span> <span class='ocrx_word' id='word_1_123' title='bbox 654 992 839 1022; x_wconf 79' lang='lat' dir='ltr'>quanquam</span> <span class='ocrx_word' id='word_1_124' title='bbox 880 988 910 1014; x_wconf 60' lang='grc' dir='ltr'>’Ξ</span> <span class='ocrx_word' id='word_1_125' title='bbox 950 981 1170 1021; x_wconf 84' lang='lat' dir='ltr'>metaphorice</span> 
     </span>
     <span class='ocr_line' id='line_1_19' title="bbox 197 1024 1170 1066; baseline -0.002 -9"><span class='ocrx_word' id='word_1_126' title='bbox 197 1032 360 1066; x_wconf 88' lang='lat' dir='ltr'>sumptum</span> <span class='ocrx_word' id='word_1_127' title='bbox 386 1024 578 1056; x_wconf 79' lang='lat' dir='ltr'>tantundem</span> <span class='ocrx_word' id='word_1_128' title='bbox 603 1025 762 1056; x_wconf 81' lang='lat' dir='ltr'>Hebraeis</span> <span class='ocrx_word' id='word_1_129' title='bbox 786 1025 873 1056; x_wconf 70' lang='lat' dir='ltr'>valet</span> <span class='ocrx_word' id='word_1_130' title='bbox 897 1035 933 1055; x_wconf 90' lang='lat' dir='ltr'>ac</span> <span class='ocrx_word' id='word_1_131' title='bbox 956 1035 1070 1063; x_wconf 90' lang='lat' dir='ltr'>sermo,</span> <span class='ocrx_word' id='word_1_132' title='bbox 1104 1035 1170 1055; x_wconf 89' lang='lat' dir='ltr'>em-</span> 
     </span>
     <span class='ocr_line' id='line_1_20' title="bbox 198 1067 1170 1110; baseline -0.003 -10"><span class='ocrx_word' id='word_1_133' title='bbox 198 1070 324 1110; x_wconf 84' lang='lat' dir='ltr'>phatice</span> <span class='ocrx_word' id='word_1_134' title='bbox 339 1075 447 1099; x_wconf 91' lang='lat' dir='ltr'>tamen</span> <span class='ocrx_word' id='word_1_135' title='bbox 462 1068 514 1099; x_wconf 90' lang='lat' dir='ltr'>hic</span> <span class='ocrx_word' id='word_1_136' title='bbox 522 1068 677 1107; x_wconf 79' lang='lat' dir='ltr'>exprimit</span> <span class='ocrx_word' id='word_1_137' title='bbox 689 1069 868 1108; x_wconf 85' lang='lat' dir='ltr'>genuinum</span> <span class='ocrx_word' id='word_1_138' title='bbox 882 1078 1071 1107; x_wconf 89' lang='lat' dir='ltr'>responsum</span> <span class='ocrx_word' id='word_1_139' title='bbox 1087 1067 1170 1107; x_wconf 90' lang='lat' dir='ltr'>quod</span> 
     </span>
     <span class='ocr_line' id='line_1_21' title="bbox 199 1111 1169 1151; baseline -0.002 -8"><span class='ocrx_word' id='word_1_140' title='bbox 199 1118 363 1151; x_wconf 85' lang='lat' dir='ltr'>sumptum</span> <span class='ocrx_word' id='word_1_141' title='bbox 384 1111 481 1142; x_wconf 89' lang='lat' dir='ltr'>fuerit</span> <span class='ocrx_word' id='word_1_142' title='bbox 500 1122 539 1141; x_wconf 78' lang='lat' dir='ltr'>ex</span> <span class='ocrx_word' id='word_1_143' title='bbox 561 1121 640 1151; x_wconf 89' lang='lat' dir='ltr'>pura</span> <span class='ocrx_word' id='word_1_144' title='bbox 661 1111 739 1151; x_wconf 85' lang='lat' dir='ltr'>legis</span> <span class='ocrx_word' id='word_1_145' title='bbox 759 1111 914 1141; x_wconf 83' lang='lat' dir='ltr'>doctrina.</span> <span class='ocrx_word' id='word_1_146' title='bbox 952 1111 1074 1141; x_wconf 85' lang='lat' dir='ltr'>Facere</span> <span class='ocrx_word' id='word_1_147' title='bbox 1094 1121 1169 1150; x_wconf 87' lang='lat' dir='ltr'>ergo</span> 
     </span>
     <span class='ocr_line' id='line_1_22' title="bbox 200 1152 1169 1193; baseline -0.003 -7"><span class='ocrx_word' id='word_1_148' title='bbox 200 1155 354 1186; x_wconf 83' lang='lat' dir='ltr'>iubentur</span> <span class='ocrx_word' id='word_1_149' title='bbox 379 1154 434 1184; x_wconf 90' lang='lat' dir='ltr'>filii</span> <span class='ocrx_word' id='word_1_150' title='bbox 460 1154 559 1185; x_wconf 85' lang='lat' dir='ltr'>Israel</span> <span class='ocrx_word' id='word_1_151' title='bbox 586 1153 668 1193; x_wconf 90' lang='lat' dir='ltr'>quod</span> <span class='ocrx_word' id='word_1_152' title='bbox 693 1153 860 1185; x_wconf 90' lang='lat' dir='ltr'>docuerint</span> <span class='ocrx_word' id='word_1_153' title='bbox 886 1153 1085 1184; x_wconf 81' lang='lat' dir='ltr'>sacerdotes:</span> <span class='ocrx_word' id='word_1_154' title='bbox 1113 1152 1169 1184; x_wconf 86' lang='lat' dir='ltr'>sed</span> 
     </span>
     <span class='ocr_line' id='line_1_23' title="bbox 200 1196 1169 1238; baseline -0.002 -10"><span class='ocrx_word' id='word_1_155' title='bbox 200 1196 379 1238; x_wconf 75' lang='lat' dir='ltr'>quomodo?</span> <span class='ocrx_word' id='word_1_156' title='bbox 422 1207 538 1237; x_wconf 82' lang='lat' dir='ltr'>nempe</span> <span class='ocrx_word' id='word_1_157' title='bbox 579 1196 755 1227; x_wconf 87' lang='lat' dir='ltr'>secundum</span> <span class='ocrx_word' id='word_1_158' title='bbox 798 1206 987 1236; x_wconf 84' lang='lat' dir='ltr'>responsum</span> <span class='ocrx_word' id='word_1_159' title='bbox 1026 1206 1066 1227; x_wconf 77' lang='lat' dir='ltr'>ex</span> <span class='ocrx_word' id='word_1_160' title='bbox 1099 1196 1169 1236; x_wconf 84' lang='lat' dir='ltr'>lege</span> 
     </span>
     <span class='ocr_line' id='line_1_24' title="bbox 198 1239 1170 1281; baseline -0.002 -10"><span class='ocrx_word' id='word_1_161' title='bbox 198 1246 374 1281; x_wconf 88' lang='lat' dir='ltr'>sumptum.</span> <span class='ocrx_word' id='word_1_162' title='bbox 428 1240 495 1270; x_wconf 87' lang='lat' dir='ltr'>Nec</span> <span class='ocrx_word' id='word_1_163' title='bbox 523 1250 600 1270; x_wconf 86' lang='lat' dir='ltr'>vero</span> <span class='ocrx_word' id='word_1_164' title='bbox 632 1239 764 1270; x_wconf 87' lang='lat' dir='ltr'>dubium</span> <span class='ocrx_word' id='word_1_165' title='bbox 794 1244 842 1270; x_wconf 89' lang='lat' dir='ltr'>est</span> <span class='ocrx_word' id='word_1_166' title='bbox 869 1240 946 1280; x_wconf 91' lang='lat' dir='ltr'>quin</span> <span class='ocrx_word' id='word_1_167' title='bbox 973 1239 1063 1270; x_wconf 90' lang='lat' dir='ltr'>Deus</span> <span class='ocrx_word' id='word_1_168' title='bbox 1091 1249 1170 1279; x_wconf 88' lang='lat' dir='ltr'>quos</span> 
     </span>
     <span class='ocr_line' id='line_1_25' title="bbox 197 1281 1168 1323; baseline -0.002 -9"><span class='ocrx_word' id='word_1_169' title='bbox 197 1289 289 1314; x_wconf 86' lang='lat' dir='ltr'>tanta</span> <span class='ocrx_word' id='word_1_170' title='bbox 313 1283 468 1323; x_wconf 83' lang='lat' dir='ltr'>dignitate</span> <span class='ocrx_word' id='word_1_171' title='bbox 494 1283 612 1322; x_wconf 77' lang='lat' dir='ltr'>pollere</span> <span class='ocrx_word' id='word_1_172' title='bbox 636 1282 745 1319; x_wconf 84' lang='lat' dir='ltr'>voluit,</span> <span class='ocrx_word' id='word_1_173' title='bbox 768 1282 864 1313; x_wconf 87' lang='lat' dir='ltr'>simul</span> <span class='ocrx_word' id='word_1_174' title='bbox 888 1283 1079 1313; x_wconf 75' lang='lat' dir='ltr'>instruxerit</span> <span class='ocrx_word' id='word_1_175' title='bbox 1104 1281 1168 1322; x_wconf 88' lang='lat' dir='ltr'>spi-</span> 
     </span>
     <span class='ocr_line' id='line_1_26' title="bbox 199 1325 1167 1366; baseline -0.002 -9"><span class='ocrx_word' id='word_1_176' title='bbox 199 1326 263 1357; x_wconf 88' lang='lat' dir='ltr'>ritu</span> <span class='ocrx_word' id='word_1_177' title='bbox 288 1326 525 1366; x_wconf 80' lang='lat' dir='ltr'>intelligentiae</span> <span class='ocrx_word' id='word_1_178' title='bbox 548 1330 580 1356; x_wconf 90' lang='lat' dir='ltr'>et</span> <span class='ocrx_word' id='word_1_179' title='bbox 604 1325 826 1363; x_wconf 76' lang='lat' dir='ltr'>rectitudinis,</span> <span class='ocrx_word' id='word_1_180' title='bbox 855 1336 894 1356; x_wconf 89' lang='lat' dir='ltr'>ne</span> <span class='ocrx_word' id='word_1_181' title='bbox 917 1336 1013 1365; x_wconf 89' lang='lat' dir='ltr'>quam</span> <span class='ocrx_word' id='word_1_182' title='bbox 1038 1335 1167 1365; x_wconf 87' lang='lat' dir='ltr'>perver-</span> 
     </span>
     <span class='ocr_line' id='line_1_27' title="bbox 198 1368 1168 1408; baseline -0.002 -8"><span class='ocrx_word' id='word_1_183' title='bbox 198 1380 266 1400; x_wconf 86' lang='lat' dir='ltr'>sam</span> <span class='ocrx_word' id='word_1_184' title='bbox 299 1369 493 1399; x_wconf 80' lang='lat' dir='ltr'>sententiam</span> <span class='ocrx_word' id='word_1_185' title='bbox 527 1368 718 1408; x_wconf 83' lang='lat' dir='ltr'>proferrent.</span> <span class='ocrx_word' id='word_1_186' title='bbox 772 1368 867 1407; x_wconf 78' lang='lat' dir='ltr'>Quod</span> <span class='ocrx_word' id='word_1_187' title='bbox 899 1368 997 1398; x_wconf 85' lang='lat' dir='ltr'>etiam</span> <span class='ocrx_word' id='word_1_188' title='bbox 1023 1368 1168 1399; x_wconf 86' lang='lat' dir='ltr'>continet</span> 
     </span>
     <span class='ocr_line' id='line_1_28' title="bbox 197 1410 1168 1452; baseline -0.001 -10"><span class='ocrx_word' id='word_1_189' title='bbox 197 1412 384 1452; x_wconf 85' lang='lat' dir='ltr'>promissio,</span> <span class='ocrx_word' id='word_1_190' title='bbox 416 1410 671 1451; x_wconf 86' lang='lat' dir='ltr'>Respondebunt</span> <span class='ocrx_word' id='word_1_191' title='bbox 702 1411 757 1441; x_wconf 90' lang='lat' dir='ltr'>tibi</span> <span class='ocrx_word' id='word_1_192' title='bbox 783 1411 917 1442; x_wconf 89' lang='lat' dir='ltr'>verbum</span> <span class='ocrx_word' id='word_1_193' title='bbox 945 1410 1069 1442; x_wconf 84' lang='lat' dir='ltr'>iudicii:</span> <span class='ocrx_word' id='word_1_194' title='bbox 1092 1411 1168 1450; x_wconf 85' lang='lat' dir='ltr'>quia</span> 
     </span>
     <span class='ocr_line' id='line_1_29' title="bbox 197 1454 1167 1495; baseline -0.002 -9"><span class='ocrx_word' id='word_1_195' title='bbox 197 1454 373 1486; x_wconf 88' lang='lat' dir='ltr'>absurdum</span> <span class='ocrx_word' id='word_1_196' title='bbox 398 1454 512 1485; x_wconf 84' lang='lat' dir='ltr'>fuisset</span> <span class='ocrx_word' id='word_1_197' title='bbox 535 1455 689 1495; x_wconf 88' lang='lat' dir='ltr'>populum</span> <span class='ocrx_word' id='word_1_198' title='bbox 714 1454 834 1485; x_wconf 82' lang='lat' dir='ltr'>frustra</span> <span class='ocrx_word' id='word_1_199' title='bbox 862 1460 893 1484; x_wconf 91' lang='lat' dir='ltr'>et</span> <span class='ocrx_word' id='word_1_200' title='bbox 916 1454 949 1484; x_wconf 87' lang='lat' dir='ltr'>in</span> <span class='ocrx_word' id='word_1_201' title='bbox 980 1464 1071 1485; x_wconf 88' lang='lat' dir='ltr'>suam</span> <span class='ocrx_word' id='word_1_202' title='bbox 1095 1463 1167 1494; x_wconf 92' lang='lat' dir='ltr'>per-</span> 
     </span>
     <span class='ocr_line' id='line_1_30' title="bbox 197 1496 1167 1537; baseline -0.002 -9"><span class='ocrx_word' id='word_1_203' title='bbox 197 1498 314 1528; x_wconf 88' lang='lat' dir='ltr'>niciem</span> <span class='ocrx_word' id='word_1_204' title='bbox 336 1496 406 1527; x_wconf 90' lang='lat' dir='ltr'>Deo</span> <span class='ocrx_word' id='word_1_205' title='bbox 430 1497 568 1528; x_wconf 89' lang='lat' dir='ltr'>obedire.</span> <span class='ocrx_word' id='word_1_206' title='bbox 606 1497 701 1528; x_wconf 89' lang='lat' dir='ltr'>Nunc</span> <span class='ocrx_word' id='word_1_207' title='bbox 721 1497 796 1537; x_wconf 89' lang='lat' dir='ltr'>quia</span> <span class='ocrx_word' id='word_1_208' title='bbox 815 1497 928 1528; x_wconf 87' lang='lat' dir='ltr'>unicus</span> <span class='ocrx_word' id='word_1_209' title='bbox 948 1497 1038 1527; x_wconf 84' lang='lat' dir='ltr'>nobis</span> <span class='ocrx_word' id='word_1_210' title='bbox 1062 1506 1167 1528; x_wconf 85' lang='lat' dir='ltr'>sacer-</span> 
     </span>
     <span class='ocr_line' id='line_1_31' title="bbox 198 1539 1168 1581; baseline -0.001 -10"><span class='ocrx_word' id='word_1_211' title='bbox 198 1540 255 1571; x_wconf 85' lang='lat' dir='ltr'>dos</span> <span class='ocrx_word' id='word_1_212' title='bbox 280 1540 463 1581; x_wconf 80' lang='lat' dir='ltr'>praefectus</span> <span class='ocrx_word' id='word_1_213' title='bbox 483 1545 540 1577; x_wconf 86' lang='lat' dir='ltr'>est,</span> <span class='ocrx_word' id='word_1_214' title='bbox 565 1551 601 1571; x_wconf 83' lang='lat' dir='ltr'>ac</span> <span class='ocrx_word' id='word_1_215' title='bbox 619 1539 705 1570; x_wconf 86' lang='lat' dir='ltr'>idem</span> <span class='ocrx_word' id='word_1_216' title='bbox 737 1540 900 1580; x_wconf 83' lang='lat' dir='ltr'>magister,</span> <span class='ocrx_word' id='word_1_217' title='bbox 924 1539 1085 1577; x_wconf 88' lang='lat' dir='ltr'>Christus,</span> <span class='ocrx_word' id='word_1_218' title='bbox 1110 1550 1168 1570; x_wconf 87' lang='lat' dir='ltr'>vae</span> 
     </span>
     <span class='ocr_line' id='line_1_32' title="bbox 198 1583 1168 1623; baseline -0.001 -9"><span class='ocrx_word' id='word_1_219' title='bbox 198 1583 290 1615; x_wconf 84' lang='lat' dir='ltr'>nobis</span> <span class='ocrx_word' id='word_1_220' title='bbox 314 1583 374 1614; x_wconf 86' lang='lat' dir='ltr'>nisi</span> <span class='ocrx_word' id='word_1_221' title='bbox 400 1583 591 1623; x_wconf 88' lang='lat' dir='ltr'>simpliciter</span> <span class='ocrx_word' id='word_1_222' title='bbox 616 1593 673 1614; x_wconf 77' lang='lat' dir='ltr'>nos</span> <span class='ocrx_word' id='word_1_223' title='bbox 698 1583 885 1614; x_wconf 89' lang='lat' dir='ltr'>subiicimus</span> <span class='ocrx_word' id='word_1_224' title='bbox 910 1583 980 1614; x_wconf 88' lang='lat' dir='ltr'>eius</span> <span class='ocrx_word' id='word_1_225' title='bbox 1002 1583 1111 1618; x_wconf 86' lang='lat' dir='ltr'>verbo,</span> <span class='ocrx_word' id='word_1_226' title='bbox 1137 1587 1168 1612; x_wconf 85' lang='lat' dir='ltr'>et</span> 
     </span>
     <span class='ocr_line' id='line_1_33' title="bbox 198 1625 1167 1666; baseline -0.001 -9"><span class='ocrx_word' id='word_1_227' title='bbox 198 1626 237 1658; x_wconf 89' lang='lat' dir='ltr'>ad</span> <span class='ocrx_word' id='word_1_228' title='bbox 273 1625 479 1666; x_wconf 84' lang='lat' dir='ltr'>obsequium,</span> <span class='ocrx_word' id='word_1_229' title='bbox 517 1637 580 1666; x_wconf 90' lang='lat' dir='ltr'>qua</span> <span class='ocrx_word' id='word_1_230' title='bbox 613 1625 702 1657; x_wconf 90' lang='lat' dir='ltr'>decet</span> <span class='ocrx_word' id='word_1_231' title='bbox 736 1625 896 1657; x_wconf 89' lang='lat' dir='ltr'>modestia</span> <span class='ocrx_word' id='word_1_232' title='bbox 931 1630 962 1656; x_wconf 90' lang='lat' dir='ltr'>et</span> <span class='ocrx_word' id='word_1_233' title='bbox 995 1625 1167 1663; x_wconf 85' lang='lat' dir='ltr'>docilitate,</span> 
     </span>
     <span class='ocr_line' id='line_1_34' title="bbox 195 1669 451 1709; baseline -0.012 -7"><span class='ocrx_word' id='word_1_234' title='bbox 195 1679 310 1702; x_wconf 87' lang='lat' dir='ltr'>sumus</span> <span class='ocrx_word' id='word_1_235' title='bbox 336 1669 451 1709; x_wconf 77' lang='lat' dir='ltr'>parati.</span> 
     </span>
    </p>
   </div>
   <div class='ocr_carea' id='block_1_3' title="bbox 522 1840 845 1871">
    <p class='ocr_par' dir='ltr' id='par_1_3' title="bbox 522 1840 845 1871">
     <span class='ocr_line' id='line_1_35' title="bbox 522 1840 845 1871; baseline -0.003 0"><span class='ocrx_word' id='word_1_236' title='bbox 522 1840 586 1871; x_wconf 78' lang='lat' dir='ltr'>EX</span> <span class='ocrx_word' id='word_1_237' title='bbox 606 1840 780 1871; x_wconf 87' lang='lat' dir='ltr'>NUMER.</span> <span class='ocrx_word' id='word_1_238' title='bbox 805 1840 845 1871; x_wconf 90' lang='lat' dir='ltr'>V.</span> 
     </span>
    </p>
   </div>
   <div class='ocr_carea' id='block_1_4' title="bbox 201 1925 1173 2086">
    <p class='ocr_par' dir='ltr' id='par_1_4' title="bbox 201 1925 1173 2086">
     <span class='ocr_line' id='line_1_36' title="bbox 285 1925 1173 1965; baseline -0.001 -7"><span class='ocrx_word' id='word_1_239' title='bbox 285 1927 314 1958; x_wconf 84' lang='lat'>9.</span> <span class='ocrx_word' id='word_1_240' title='bbox 344 1926 452 1957; x_wconf 86' lang='lat' dir='ltr'>Omnis</span> <span class='ocrx_word' id='word_1_241' title='bbox 482 1926 592 1957; x_wconf 79' lang='lat' dir='ltr'>oblatio</span> <span class='ocrx_word' id='word_1_242' title='bbox 615 1925 892 1964; x_wconf 71' lang='lat' dir='ltr'>sanctificationum</span> <span class='ocrx_word' id='word_1_243' title='bbox 917 1926 948 1956; x_wconf 78' lang='lat' dir='ltr'>in</span> <span class='ocrx_word' id='word_1_244' title='bbox 969 1925 1047 1965; x_wconf 72' lang='lat' dir='ltr'>filiis</span> <span class='ocrx_word' id='word_1_245' title='bbox 1071 1925 1173 1957; x_wconf 82' lang='lat' dir='ltr'>Israel</span> 
     </span>
     <span class='ocr_line' id='line_1_37' title="bbox 201 1968 1172 2009; baseline -0.002 -9"><span class='ocrx_word' id='word_1_246' title='bbox 201 1980 293 2009; x_wconf 77' lang='lat' dir='ltr'>quam</span> <span class='ocrx_word' id='word_1_247' title='bbox 325 1970 448 2008; x_wconf 70' lang='lat' dir='ltr'>offerent</span> <span class='ocrx_word' id='word_1_248' title='bbox 477 1969 629 2000; x_wconf 74' lang='lat' dir='ltr'>sacerdoti</span> <span class='ocrx_word' id='word_1_249' title='bbox 660 1969 719 1999; x_wconf 76' lang='lat' dir='ltr'>erit</span> <span class='ocrx_word' id='word_1_250' title='bbox 742 1969 854 2008; x_wconf 77' lang='lat' dir='ltr'>ipsius.</span> <span class='ocrx_word' id='word_1_251' title='bbox 904 1969 952 2000; x_wconf 86' lang='lat'>10.</span> <span class='ocrx_word' id='word_1_252' title='bbox 981 1968 1066 2008; x_wconf 73' lang='lat' dir='ltr'>Quod</span> <span class='ocrx_word' id='word_1_253' title='bbox 1088 1969 1172 2007; x_wconf 76' lang='lat' dir='ltr'>quis-</span> 
     </span>
     <span class='ocr_line' id='line_1_38' title="bbox 201 2011 1171 2052; baseline -0.002 -9"><span class='ocrx_word' id='word_1_254' title='bbox 201 2023 258 2052; x_wconf 72' lang='lat' dir='ltr'>que</span> <span class='ocrx_word' id='word_1_255' title='bbox 286 2012 521 2051; x_wconf 67' lang='lat' dir='ltr'>sanctificaverit</span> <span class='ocrx_word' id='word_1_256' title='bbox 550 2012 716 2042; x_wconf 70' lang='lat' dir='ltr'>sacerdotis</span> <span class='ocrx_word' id='word_1_257' title='bbox 745 2013 812 2049; x_wconf 82' lang='lat' dir='ltr'>erit,</span> <span class='ocrx_word' id='word_1_258' title='bbox 839 2014 865 2042; x_wconf 82' lang='lat' dir='ltr'>et</span> <span class='ocrx_word' id='word_1_259' title='bbox 887 2012 1027 2043; x_wconf 77' lang='lat' dir='ltr'>tradetur</span> <span class='ocrx_word' id='word_1_260' title='bbox 1049 2011 1082 2042; x_wconf 78' lang='lat' dir='ltr'>in</span> <span class='ocrx_word' id='word_1_261' title='bbox 1104 2021 1171 2041; x_wconf 81' lang='lat' dir='ltr'>ma-</span> 
     </span>
     <span class='ocr_line' id='line_1_39' title="bbox 203 2065 373 2086; baseline 0 -1"><span class='ocrx_word' id='word_1_262' title='bbox 203 2065 276 2086; x_wconf 72' lang='lat' dir='ltr'>num</span> <span class='ocrx_word' id='word_1_263' title='bbox 299 2066 373 2086; x_wconf 74' lang='lat' dir='ltr'>eius.</span> 
     </span>
    </p>
   </div>
   <div class='ocr_carea' id='block_1_5' title="bbox 204 2139 1173 2266">
    <p class='ocr_par' dir='ltr' id='par_1_5' title="bbox 204 2139 1173 2266">
     <span class='ocr_line' id='line_1_40' title="bbox 289 2139 1172 2171; baseline -0.002 0"><span class='ocrx_word' id='word_1_264' title='bbox 289 2141 316 2171; x_wconf 83' lang='grc'>9.</span> <span class='ocrx_word' id='word_1_265' title='bbox 344 2141 453 2171; x_wconf 73' lang='lat' dir='ltr'>Omnis</span> <span class='ocrx_word' id='word_1_266' title='bbox 476 2140 593 2171; x_wconf 71' lang='lat' dir='ltr'>oblatio.</span> <span class='ocrx_word' id='word_1_267' title='bbox 636 2140 806 2171; x_wconf 79' lang='lat' dir='ltr'>Hactenus</span> <span class='ocrx_word' id='word_1_268' title='bbox 826 2140 910 2171; x_wconf 90' lang='lat' dir='ltr'>locos</span> <span class='ocrx_word' id='word_1_269' title='bbox 933 2140 988 2171; x_wconf 90' lang='lat' dir='ltr'>ubi</span> <span class='ocrx_word' id='word_1_270' title='bbox 1012 2139 1049 2170; x_wconf 90' lang='lat' dir='ltr'>de</span> <span class='ocrx_word' id='word_1_271' title='bbox 1069 2150 1172 2170; x_wconf 87' lang='lat' dir='ltr'>sacer-</span> 
     </span>
     <span class='ocr_line' id='line_1_41' title="bbox 205 2182 1173 2223; baseline -0.001 -9"><span class='ocrx_word' id='word_1_272' title='bbox 205 2183 316 2214; x_wconf 89' lang='lat' dir='ltr'>dotum</span> <span class='ocrx_word' id='word_1_273' title='bbox 341 2184 443 2213; x_wconf 77' lang='lat' dir='ltr'>officio</span> <span class='ocrx_word' id='word_1_274' title='bbox 467 2182 595 2213; x_wconf 87' lang='lat' dir='ltr'>disserit</span> <span class='ocrx_word' id='word_1_275' title='bbox 622 2184 737 2220; x_wconf 76' lang='lat' dir='ltr'>Moses,</span> <span class='ocrx_word' id='word_1_276' title='bbox 762 2183 886 2223; x_wconf 83' lang='lat' dir='ltr'>collegi,</span> <span class='ocrx_word' id='word_1_277' title='bbox 911 2188 942 2214; x_wconf 87' lang='lat' dir='ltr'>et</span> <span class='ocrx_word' id='word_1_278' title='bbox 961 2183 1101 2214; x_wconf 84' lang='lat' dir='ltr'>breviter</span> <span class='ocrx_word' id='word_1_279' title='bbox 1120 2193 1173 2213; x_wconf 85' lang='lat' dir='ltr'>ex-</span> 
     </span>
     <span class='ocr_line' id='line_1_42' title="bbox 204 2226 1172 2266; baseline -0.002 -9"><span class='ocrx_word' id='word_1_280' title='bbox 204 2227 312 2266; x_wconf 81' lang='lat' dir='ltr'>posui:</span> <span class='ocrx_word' id='word_1_281' title='bbox 338 2237 422 2257; x_wconf 89' lang='lat' dir='ltr'>nunc</span> <span class='ocrx_word' id='word_1_282' title='bbox 448 2232 585 2257; x_wconf 82' lang='lat' dir='ltr'>tractare</span> <span class='ocrx_word' id='word_1_283' title='bbox 610 2226 761 2265; x_wconf 74' lang='lat' dir='ltr'>incipiam</span> <span class='ocrx_word' id='word_1_284' title='bbox 783 2226 821 2257; x_wconf 89' lang='lat' dir='ltr'>de</span> <span class='ocrx_word' id='word_1_285' title='bbox 841 2227 984 2266; x_wconf 89' lang='lat' dir='ltr'>ipsorum</span> <span class='ocrx_word' id='word_1_286' title='bbox 1009 2226 1088 2263; x_wconf 85' lang='lat' dir='ltr'>iure,</span> <span class='ocrx_word' id='word_1_287' title='bbox 1112 2226 1172 2255; x_wconf 88' lang='lat' dir='ltr'>hoc</span> 
     </span>
    </p>
   </div>
   <div class='ocr_carea' id='block_1_6' title="bbox 207 2268 1199 2316">
    <p class='ocr_par' dir='ltr' id='par_1_6' title="bbox 207 2268 1199 2316">
     <span class='ocr_line' id='line_1_43' title="bbox 207 2268 1199 2316; baseline -0.001 -17"><span class='ocrx_word' id='word_1_288' title='bbox 207 2276 263 2307; x_wconf 76' lang='lat' dir='ltr'>est,</span> <span class='ocrx_word' id='word_1_289' title='bbox 288 2280 351 2309; x_wconf 83' lang='lat' dir='ltr'>que</span> <span class='ocrx_word' id='word_1_290' title='bbox 375 2270 462 2308; x_wconf 62' lang='lat' dir='ltr'>ipsos</span> <span class='ocrx_word' id='word_1_291' title='bbox 487 2269 608 2300; x_wconf 85' lang='lat' dir='ltr'>honore</span> <span class='ocrx_word' id='word_1_292' title='bbox 629 2268 781 2309; x_wconf 74' lang='lat' dir='ltr'>dignatus</span> <span class='ocrx_word' id='word_1_293' title='bbox 805 2270 899 2299; x_wconf 81' lang='lat' dir='ltr'>fucrit</span> <span class='ocrx_word' id='word_1_294' title='bbox 925 2268 1029 2303; x_wconf 76' lang='lat' dir='ltr'>Deus.</span> <span class='ocrx_word' id='word_1_295' title='bbox 1054 2273 1090 2299; x_wconf 87' lang='lat' dir='ltr'>ut</span> <span class='ocrx_word' id='word_1_296' title='bbox 1120 2278 1173 2298; x_wconf 86' lang='lat' dir='ltr'>eos</span> <span class='ocrx_word' id='word_1_297' title='bbox 1197 2291 1199 2316; x_wconf 72' lang='grc' dir='ltr'>Ι</span> 
     </span>
    </p>
   </div>
   <div class='ocr_carea' id='block_1_7' title="bbox 203 2310 1173 2693">
    <p class='ocr_par' dir='ltr' id='par_1_7' title="bbox 203 2310 1173 2693">
     <span class='ocr_line' id='line_1_44' title="bbox 205 2310 1173 2352; baseline -0.002 -10"><span class='ocrx_word' id='word_1_298' title='bbox 205 2312 339 2343; x_wconf 83' lang='lat' dir='ltr'>haberet</span> <span class='ocrx_word' id='word_1_299' title='bbox 366 2318 532 2352; x_wconf 78' lang='lat' dir='ltr'>promptos</span> <span class='ocrx_word' id='word_1_300' title='bbox 560 2319 590 2341; x_wconf 91' lang='lat' dir='ltr'>et</span> <span class='ocrx_word' id='word_1_301' title='bbox 616 2312 783 2351; x_wconf 74' lang='lat' dir='ltr'>expeditos</span> <span class='ocrx_word' id='word_1_302' title='bbox 807 2312 845 2342; x_wconf 80' lang='lat' dir='ltr'>ad</span> <span class='ocrx_word' id='word_1_303' title='bbox 869 2311 1070 2351; x_wconf 85' lang='lat' dir='ltr'>obsequium.</span> <span class='ocrx_word' id='word_1_304' title='bbox 1110 2310 1173 2341; x_wconf 91' lang='lat' dir='ltr'>Hic</span> 
     </span>
     <span class='ocr_line' id='line_1_45' title="bbox 204 2353 1172 2395; baseline -0.002 -10"><span class='ocrx_word' id='word_1_305' title='bbox 204 2363 311 2385; x_wconf 86' lang='lat' dir='ltr'>autem</span> <span class='ocrx_word' id='word_1_306' title='bbox 344 2354 487 2384; x_wconf 79' lang='lat' dir='ltr'>breviter</span> <span class='ocrx_word' id='word_1_307' title='bbox 516 2355 710 2395; x_wconf 80' lang='lat' dir='ltr'>perstringit</span> <span class='ocrx_word' id='word_1_308' title='bbox 741 2355 850 2386; x_wconf 58' lang='lat' dir='ltr'>Moses</span> <span class='ocrx_word' id='word_1_309' title='bbox 884 2366 965 2395; x_wconf 85' lang='lat' dir='ltr'>quac</span> <span class='ocrx_word' id='word_1_310' title='bbox 996 2354 1066 2385; x_wconf 82' lang='lat' dir='ltr'>aliis</span> <span class='ocrx_word' id='word_1_311' title='bbox 1096 2353 1172 2384; x_wconf 78' lang='lat' dir='ltr'>locis</span> 
     </span>
     <span class='ocr_line' id='line_1_46' title="bbox 204 2398 1171 2437; baseline -0.002 -10"><span class='ocrx_word' id='word_1_312' title='bbox 204 2398 362 2437; x_wconf 55' lang='lat' dir='ltr'>copiosius</span> <span class='ocrx_word' id='word_1_313' title='bbox 387 2398 536 2437; x_wconf 75' lang='lat' dir='ltr'>explicat,</span> <span class='ocrx_word' id='word_1_314' title='bbox 562 2403 596 2427; x_wconf 89' lang='lat' dir='ltr'>ut</span> <span class='ocrx_word' id='word_1_315' title='bbox 621 2408 694 2428; x_wconf 86' lang='lat' dir='ltr'>mox</span> <span class='ocrx_word' id='word_1_316' title='bbox 721 2398 916 2428; x_wconf 80' lang='lat' dir='ltr'>videbimus:</span> <span class='ocrx_word' id='word_1_317' title='bbox 943 2407 1056 2436; x_wconf 88' lang='lat' dir='ltr'>nempe</span> <span class='ocrx_word' id='word_1_318' title='bbox 1079 2406 1171 2427; x_wconf 85' lang='lat' dir='ltr'>sanc-</span> 
     </span>
     <span class='ocr_line' id='line_1_47' title="bbox 204 2439 1170 2479; baseline -0.002 -9"><span class='ocrx_word' id='word_1_319' title='bbox 204 2447 252 2470; x_wconf 63' lang='lat' dir='ltr'>tas</span> <span class='ocrx_word' id='word_1_320' title='bbox 283 2452 391 2471; x_wconf 67' lang='lat' dir='ltr'>omnes</span> <span class='ocrx_word' id='word_1_321' title='bbox 423 2440 599 2471; x_wconf 79' lang='lat' dir='ltr'>oblationes</span> <span class='ocrx_word' id='word_1_322' title='bbox 629 2441 847 2471; x_wconf 84' lang='lat' dir='ltr'>sacerdotibus</span> <span class='ocrx_word' id='word_1_323' title='bbox 877 2439 1005 2476; x_wconf 79' lang='lat' dir='ltr'>addicit,</span> <span class='ocrx_word' id='word_1_324' title='bbox 1035 2449 1170 2479; x_wconf 87' lang='lat' dir='ltr'>quarum</span> 
     </span>
     <span class='ocr_line' id='line_1_48' title="bbox 204 2482 1170 2522; baseline -0.002 -9"><span class='ocrx_word' id='word_1_325' title='bbox 204 2484 325 2522; x_wconf 65' lang='lat' dir='ltr'>spwivs</span> <span class='ocrx_word' id='word_1_326' title='bbox 353 2490 461 2522; x_wconf 81' lang='lat' dir='ltr'>postea</span> <span class='ocrx_word' id='word_1_327' title='bbox 492 2483 679 2514; x_wconf 79' lang='lat' dir='ltr'>recensebit.</span> <span class='ocrx_word' id='word_1_328' title='bbox 734 2484 836 2514; x_wconf 90' lang='lat' dir='ltr'>Porro</span> <span class='ocrx_word' id='word_1_329' title='bbox 868 2483 965 2513; x_wconf 84' lang='lat' dir='ltr'>huius</span> <span class='ocrx_word' id='word_1_330' title='bbox 996 2482 1075 2522; x_wconf 78' lang='lat' dir='ltr'>legis</span> <span class='ocrx_word' id='word_1_331' title='bbox 1106 2487 1170 2511; x_wconf 86' lang='lat' dir='ltr'>tres</span> 
     </span>
     <span class='ocr_line' id='line_1_49' title="bbox 203 2525 1169 2565; baseline -0.002 -10"><span class='ocrx_word' id='word_1_332' title='bbox 203 2526 334 2555; x_wconf 64' lang='lat' dir='ltr'>fuorunt</span> <span class='ocrx_word' id='word_1_333' title='bbox 359 2526 548 2565; x_wconf 73' lang='lat' dir='ltr'>praecipuae</span> <span class='ocrx_word' id='word_1_334' title='bbox 571 2527 727 2557; x_wconf 78' lang='lat' dir='ltr'>rationes:</span> <span class='ocrx_word' id='word_1_335' title='bbox 752 2537 792 2557; x_wconf 91' lang='lat' dir='ltr'>ne</span> <span class='ocrx_word' id='word_1_336' title='bbox 817 2527 899 2565; x_wconf 87' lang='lat' dir='ltr'>quod</span> <span class='ocrx_word' id='word_1_337' title='bbox 921 2525 991 2556; x_wconf 85' lang='lat' dir='ltr'>Deo</span> <span class='ocrx_word' id='word_1_338' title='bbox 1016 2525 1077 2555; x_wconf 82' lang='lat' dir='ltr'>iam</span> <span class='ocrx_word' id='word_1_339' title='bbox 1102 2530 1169 2554; x_wconf 81' lang='lat' dir='ltr'>erat</span> 
     </span>
     <span class='ocr_line' id='line_1_50' title="bbox 204 2568 857 2608; baseline 0.002 -10"><span class='ocrx_word' id='word_1_340' title='bbox 204 2568 354 2603; x_wconf 72' lang='lat' dir='ltr'>dicatum,</span> <span class='ocrx_word' id='word_1_341' title='bbox 387 2570 568 2608; x_wconf 61' lang='lat' dir='ltr'>promiscuo</span> <span class='ocrx_word' id='word_1_342' title='bbox 596 2580 654 2600; x_wconf 87' lang='lat' dir='ltr'>usu</span> <span class='ocrx_word' id='word_1_343' title='bbox 682 2570 857 2600; x_wconf 71' lang='lat' dir='ltr'>vilesceret.</span> 
     </span>
     <span class='ocr_line' id='line_1_51' title="bbox 205 2612 1168 2650; baseline -0.002 -9"><span class='ocrx_word' id='word_1_344' title='bbox 205 2612 284 2641; x_wconf 69' lang='lat' dir='ltr'>ficiis</span> <span class='ocrx_word' id='word_1_345' title='bbox 316 2619 474 2641; x_wconf 60' lang='lat' dir='ltr'>constaret</span> <span class='ocrx_word' id='word_1_346' title='bbox 506 2623 563 2642; x_wconf 58' lang='lat' dir='ltr'>sua</span> <span class='ocrx_word' id='word_1_347' title='bbox 588 2612 745 2650; x_wconf 62' lang='lat' dir='ltr'>dignitas,</span> <span class='ocrx_word' id='word_1_348' title='bbox 775 2612 880 2642; x_wconf 86' lang='lat' dir='ltr'>cibum</span> <span class='ocrx_word' id='word_1_349' title='bbox 906 2621 1031 2642; x_wconf 87' lang='lat' dir='ltr'>sacrum</span> <span class='ocrx_word' id='word_1_350' title='bbox 1057 2620 1074 2639; x_wconf 87' lang='lat' dir='ltr'>a</span> <span class='ocrx_word' id='word_1_351' title='bbox 1097 2620 1168 2649; x_wconf 85' lang='lat' dir='ltr'>pro-</span> 
     </span>
     <span class='ocr_line' id='line_1_52' title="bbox 204 2653 671 2693; baseline 0.002 -10"><span class='ocrx_word' id='word_1_352' title='bbox 204 2655 278 2683; x_wconf 74' lang='lat' dir='ltr'>fano</span> <span class='ocrx_word' id='word_1_353' title='bbox 310 2653 491 2683; x_wconf 64' lang='lat' dir='ltr'>‹list-eruere</span> <span class='ocrx_word' id='word_1_354' title='bbox 523 2655 671 2693; x_wconf 84' lang='lat' dir='ltr'>oportuit.</span> 
     </span>
    </p>
   </div>
   <div class='ocr_carea' id='block_1_8' title="bbox 890 202 1489 236">
    <p class='ocr_par' dir='ltr' id='par_1_8' title="bbox 890 202 1489 236">
     <span class='ocr_line' id='line_1_53' title="bbox 890 202 1489 236; baseline 0 -2"><span class='ocrx_word' id='word_1_355' title='bbox 890 202 1144 235; x_wconf 72' lang='lat' dir='ltr'>SECUNDUM</span> <span class='ocrx_word' id='word_1_356' title='bbox 1168 203 1489 236; x_wconf 79' lang='lat' dir='ltr'>PRAECEPTUM.</span> 
     </span>
    </p>
   </div>
   <div class='ocr_carea' id='block_1_9' title="bbox 900 2566 1197 2606">
    <p class='ocr_par' dir='ltr' id='par_1_9' title="bbox 900 2566 1197 2606">
     <span class='ocr_line' id='line_1_54' title="bbox 900 2566 1197 2606; baseline -0.01 -7"><span class='ocrx_word' id='word_1_357' title='bbox 900 2569 994 2606; x_wconf 88' lang='lat' dir='ltr'>Nam,</span> <span class='ocrx_word' id='word_1_358' title='bbox 1018 2573 1053 2598; x_wconf 88' lang='lat' dir='ltr'>ut</span> <span class='ocrx_word' id='word_1_359' title='bbox 1075 2566 1170 2597; x_wconf 82' lang='lat' dir='ltr'>sacri-</span> <span class='ocrx_word' id='word_1_360' title='bbox 1196 2590 1197 2600; x_wconf 63' lang='grc'>,</span> 
     </span>
    </p>
   </div>
   <div class='ocr_carea' id='block_1_10' title="bbox 1196 311 1201 2668">
    <p class='ocr_par' dir='ltr' id='par_1_10' title="bbox 1196 311 1201 2668">
     <span class='ocr_line' id='line_1_55' title="bbox 1196 311 1201 2668; baseline 0 0"><span class='ocrx_word' id='word_1_361' title='bbox 1196 311 1201 2668; x_wconf 95' lang='lat' dir='ltr'> </span> 
     </span>
    </p>
   </div>
   <div class='ocr_carea' id='block_1_11' title="bbox 727 2652 1197 2685">
    <p class='ocr_par' dir='ltr' id='par_1_11' title="bbox 727 2652 1197 2685">
     <span class='ocr_line' id='line_1_56' title="bbox 727 2652 1197 2685; baseline -0.009 0"><span class='ocrx_word' id='word_1_362' title='bbox 727 2654 853 2685; x_wconf 80' lang='lat' dir='ltr'>Deinde</span> <span class='ocrx_word' id='word_1_363' title='bbox 883 2654 943 2685; x_wconf 89' lang='lat' dir='ltr'>hoc</span> <span class='ocrx_word' id='word_1_364' title='bbox 966 2653 1059 2684; x_wconf 86' lang='lat' dir='ltr'>modo</span> <span class='ocrx_word' id='word_1_365' title='bbox 1082 2652 1167 2683; x_wconf 85' lang='lat' dir='ltr'>eohi—</span> <span class='ocrx_word' id='word_1_366' title='bbox 1195 2669 1197 2675; x_wconf 47' lang='grc' dir='ltr'><em>ι</em></span> 
     </span>
    </p>
   </div>
   <div class='ocr_carea' id='block_1_12' title="bbox 2124 205 2187 236">
    <p class='ocr_par' dir='ltr' id='par_1_12' title="bbox 2124 205 2187 236">
     <span class='ocr_line' id='line_1_57' title="bbox 2124 205 2187 236; baseline 0.016 -1"><span class='ocrx_word' id='word_1_367' title='bbox 2124 205 2187 236; x_wconf 84' lang='grc'>472</span> 
     </span>
    </p>
   </div>
   <div class='ocr_carea' id='block_1_13' title="bbox 1221 297 2191 1622">
    <p class='ocr_par' dir='ltr' id='par_1_13' title="bbox 1221 297 2191 1622">
     <span class='ocr_line' id='line_1_58' title="bbox 1223 297 2188 339; baseline 0.002 -11"><span class='ocrx_word' id='word_1_368' title='bbox 1223 297 1289 328; x_wconf 87' lang='lat' dir='ltr'>bita</span> <span class='ocrx_word' id='word_1_369' title='bbox 1320 298 1378 329; x_wconf 89' lang='lat' dir='ltr'>fuit</span> <span class='ocrx_word' id='word_1_370' title='bbox 1409 297 1508 328; x_wconf 82' lang='lat' dir='ltr'>nimia</span> <span class='ocrx_word' id='word_1_371' title='bbox 1538 297 1570 328; x_wconf 88' lang='lat' dir='ltr'>iu</span> <span class='ocrx_word' id='word_1_372' title='bbox 1602 298 1728 338; x_wconf 89' lang='lat' dir='ltr'>pompis</span> <span class='ocrx_word' id='word_1_373' title='bbox 1757 297 1898 328; x_wconf 82' lang='lat' dir='ltr'>ambitio.</span> <span class='ocrx_word' id='word_1_374' title='bbox 1951 297 2036 328; x_wconf 87' lang='lat' dir='ltr'>Nam</span> <span class='ocrx_word' id='word_1_375' title='bbox 2066 298 2092 330; x_wconf 89' lang='lat' dir='ltr'>si</span> <span class='ocrx_word' id='word_1_376' title='bbox 2116 303 2188 339; x_wconf 83' lang='lat' dir='ltr'>post</span> 
     </span>
     <span class='ocr_line' id='line_1_59' title="bbox 1223 339 2188 379; baseline 0.002 -8"><span class='ocrx_word' id='word_1_377' title='bbox 1223 351 1331 372; x_wconf 85' lang='lat' dir='ltr'>caesas</span> <span class='ocrx_word' id='word_1_378' title='bbox 1353 341 1499 372; x_wconf 85' lang='lat' dir='ltr'>victimas</span> <span class='ocrx_word' id='word_1_379' title='bbox 1520 346 1586 371; x_wconf 84' lang='lat' dir='ltr'>tota</span> <span class='ocrx_word' id='word_1_380' title='bbox 1605 350 1679 371; x_wconf 81' lang='lat' dir='ltr'>caro</span> <span class='ocrx_word' id='word_1_381' title='bbox 1699 339 1738 371; x_wconf 87' lang='lat' dir='ltr'>ad</span> <span class='ocrx_word' id='word_1_382' title='bbox 1760 340 1904 371; x_wconf 87' lang='lat' dir='ltr'>dominos</span> <span class='ocrx_word' id='word_1_383' title='bbox 1918 340 2074 379; x_wconf 86' lang='lat' dir='ltr'>rediisset,</span> <span class='ocrx_word' id='word_1_384' title='bbox 2094 342 2188 373; x_wconf 86' lang='lat' dir='ltr'>vanis</span> 
     </span>
     <span class='ocr_line' id='line_1_60' title="bbox 1223 382 2188 423; baseline 0.003 -10"><span class='ocrx_word' id='word_1_385' title='bbox 1223 383 1406 414; x_wconf 87' lang='lat' dir='ltr'>hominibus</span> <span class='ocrx_word' id='word_1_386' title='bbox 1437 383 1591 415; x_wconf 79' lang='lat' dir='ltr'>crevisset</span> <span class='ocrx_word' id='word_1_387' title='bbox 1619 393 1652 413; x_wconf 89' lang='lat' dir='ltr'>se</span> <span class='ocrx_word' id='word_1_388' title='bbox 1683 382 1866 414; x_wconf 83' lang='lat' dir='ltr'>ostentandi</span> <span class='ocrx_word' id='word_1_389' title='bbox 1896 383 2063 423; x_wconf 85' lang='lat' dir='ltr'>cupiditas.</span> <span class='ocrx_word' id='word_1_390' title='bbox 2109 383 2188 416; x_wconf 84' lang='lat' dir='ltr'>Cer-</span> 
     </span>
     <span class='ocr_line' id='line_1_61' title="bbox 1222 425 2188 466; baseline 0.002 -10"><span class='ocrx_word' id='word_1_391' title='bbox 1222 427 1313 456; x_wconf 81' lang='lat' dir='ltr'>tatim</span> <span class='ocrx_word' id='word_1_392' title='bbox 1356 426 1395 457; x_wconf 85' lang='lat' dir='ltr'>ad</span> <span class='ocrx_word' id='word_1_393' title='bbox 1437 426 1583 466; x_wconf 83' lang='lat' dir='ltr'>plausum</span> <span class='ocrx_word' id='word_1_394' title='bbox 1624 425 1819 465; x_wconf 88' lang='lat' dir='ltr'>captandum</span> <span class='ocrx_word' id='word_1_395' title='bbox 1854 425 2022 457; x_wconf 86' lang='lat' dir='ltr'>venissent</span> <span class='ocrx_word' id='word_1_396' title='bbox 2055 426 2188 458; x_wconf 85' lang='lat' dir='ltr'>divites:</span> 
     </span>
     <span class='ocr_line' id='line_1_62' title="bbox 1223 468 2189 509; baseline 0.001 -10"><span class='ocrx_word' id='word_1_397' title='bbox 1223 469 1309 500; x_wconf 84' lang='lat' dir='ltr'>laute</span> <span class='ocrx_word' id='word_1_398' title='bbox 1338 469 1467 509; x_wconf 87' lang='lat' dir='ltr'>epulati,</span> <span class='ocrx_word' id='word_1_399' title='bbox 1500 468 1612 499; x_wconf 88' lang='lat' dir='ltr'>venale</span> <span class='ocrx_word' id='word_1_400' title='bbox 1641 469 1867 508; x_wconf 81' lang='lat' dir='ltr'>exposuissent</span> <span class='ocrx_word' id='word_1_401' title='bbox 1898 468 1982 508; x_wconf 91' lang='lat' dir='ltr'>quod</span> <span class='ocrx_word' id='word_1_402' title='bbox 2011 472 2081 500; x_wconf 82' lang='lat' dir='ltr'>erat</span> <span class='ocrx_word' id='word_1_403' title='bbox 2110 470 2189 501; x_wconf 86' lang='lat' dir='ltr'>resi-</span> 
     </span>
     <span class='ocr_line' id='line_1_63' title="bbox 1222 511 2187 552; baseline 0.001 -10"><span class='ocrx_word' id='word_1_404' title='bbox 1222 511 1333 542; x_wconf 92' lang='lat' dir='ltr'>duum.</span> <span class='ocrx_word' id='word_1_405' title='bbox 1380 512 1430 542; x_wconf 87' lang='lat' dir='ltr'>Ita</span> <span class='ocrx_word' id='word_1_406' title='bbox 1462 522 1544 543; x_wconf 90' lang='lat' dir='ltr'>vano</span> <span class='ocrx_word' id='word_1_407' title='bbox 1572 511 1678 542; x_wconf 90' lang='lat' dir='ltr'>cultus</span> <span class='ocrx_word' id='word_1_408' title='bbox 1710 511 1770 542; x_wconf 87' lang='lat' dir='ltr'>Dei</span> <span class='ocrx_word' id='word_1_409' title='bbox 1801 516 1970 550; x_wconf 83' lang='lat' dir='ltr'>praetextu</span> <span class='ocrx_word' id='word_1_410' title='bbox 1995 511 2035 542; x_wconf 87' lang='lat' dir='ltr'>ad</span> <span class='ocrx_word' id='word_1_411' title='bbox 2057 516 2187 552; x_wconf 88' lang='lat' dir='ltr'>captan-</span> 
     </span>
     <span class='ocr_line' id='line_1_64' title="bbox 1222 554 2190 595; baseline 0.003 -11"><span class='ocrx_word' id='word_1_412' title='bbox 1222 554 1297 585; x_wconf 88' lang='lat' dir='ltr'>dum</span> <span class='ocrx_word' id='word_1_413' title='bbox 1329 555 1470 586; x_wconf 81' lang='lat' dir='ltr'>favorem</span> <span class='ocrx_word' id='word_1_414' title='bbox 1504 554 1595 586; x_wconf 88' lang='lat' dir='ltr'>abusi</span> <span class='ocrx_word' id='word_1_415' title='bbox 1620 558 1736 585; x_wconf 90' lang='lat' dir='ltr'>essent.</span> <span class='ocrx_word' id='word_1_416' title='bbox 1783 554 1893 584; x_wconf 81' lang='lat' dir='ltr'>Tertia</span> <span class='ocrx_word' id='word_1_417' title='bbox 1920 554 2002 585; x_wconf 83' lang='lat' dir='ltr'>ratio</span> <span class='ocrx_word' id='word_1_418' title='bbox 2025 554 2087 585; x_wconf 84' lang='lat' dir='ltr'>fuit</span> <span class='ocrx_word' id='word_1_419' title='bbox 2109 565 2190 595; x_wconf 85' lang='lat' dir='ltr'>quae</span> 
     </span>
     <span class='ocr_line' id='line_1_65' title="bbox 1222 596 2186 638; baseline 0.003 -11"><span class='ocrx_word' id='word_1_420' title='bbox 1222 597 1395 637; x_wconf 85' lang='lat' dir='ltr'>attingitur</span> <span class='ocrx_word' id='word_1_421' title='bbox 1425 608 1443 629; x_wconf 83' lang='lat' dir='ltr'>a</span> <span class='ocrx_word' id='word_1_422' title='bbox 1475 597 1577 628; x_wconf 86' lang='lat' dir='ltr'>Paulo</span> <span class='ocrx_word' id='word_1_423' title='bbox 1606 596 1648 638; x_wconf 83' lang='lat'>(1.</span> <span class='ocrx_word' id='word_1_424' title='bbox 1673 596 1746 628; x_wconf 85' lang='lat' dir='ltr'>Cor.</span> <span class='ocrx_word' id='word_1_425' title='bbox 1771 596 1799 635; x_wconf 80' lang='lat'>9,</span> <span class='ocrx_word' id='word_1_426' title='bbox 1825 596 1886 638; x_wconf 86' lang='lat'>13),</span> <span class='ocrx_word' id='word_1_427' title='bbox 1917 598 1992 637; x_wconf 88' lang='lat' dir='ltr'>quia</span> <span class='ocrx_word' id='word_1_428' title='bbox 2021 597 2186 630; x_wconf 86' lang='lat' dir='ltr'>ministros</span> 
     </span>
     <span class='ocr_line' id='line_1_66' title="bbox 1222 639 2188 680; baseline 0.002 -10"><span class='ocrx_word' id='word_1_429' title='bbox 1222 640 1332 671; x_wconf 86' lang='lat' dir='ltr'>altaris</span> <span class='ocrx_word' id='word_1_430' title='bbox 1362 651 1497 680; x_wconf 87' lang='lat' dir='ltr'>aequum</span> <span class='ocrx_word' id='word_1_431' title='bbox 1528 640 1589 671; x_wconf 81' lang='lat' dir='ltr'>suit</span> <span class='ocrx_word' id='word_1_432' title='bbox 1617 651 1655 670; x_wconf 81' lang='lat' dir='ltr'>ex</span> <span class='ocrx_word' id='word_1_433' title='bbox 1689 639 1782 670; x_wconf 85' lang='lat' dir='ltr'>altari</span> <span class='ocrx_word' id='word_1_434' title='bbox 1814 640 1932 670; x_wconf 88' lang='lat' dir='ltr'>vivere.</span> <span class='ocrx_word' id='word_1_435' title='bbox 1993 640 2065 671; x_wconf 87' lang='lat' dir='ltr'>Etsi</span> <span class='ocrx_word' id='word_1_436' title='bbox 2100 641 2188 672; x_wconf 83' lang='lat' dir='ltr'>enim</span> 
     </span>
     <span class='ocr_line' id='line_1_67' title="bbox 1221 683 2187 722; baseline 0.001 -9"><span class='ocrx_word' id='word_1_437' title='bbox 1221 683 1282 713; x_wconf 90' lang='lat' dir='ltr'>Dei</span> <span class='ocrx_word' id='word_1_438' title='bbox 1307 694 1418 714; x_wconf 87' lang='lat' dir='ltr'>servos</span> <span class='ocrx_word' id='word_1_439' title='bbox 1442 683 1589 714; x_wconf 86' lang='lat' dir='ltr'>mercede</span> <span class='ocrx_word' id='word_1_440' title='bbox 1613 683 1700 714; x_wconf 86' lang='lat' dir='ltr'>trahi</span> <span class='ocrx_word' id='word_1_441' title='bbox 1725 687 1818 722; x_wconf 87' lang='lat' dir='ltr'>turpe</span> <span class='ocrx_word' id='word_1_442' title='bbox 1843 686 1906 720; x_wconf 85' lang='lat' dir='ltr'>est,</span> <span class='ocrx_word' id='word_1_443' title='bbox 1942 683 2046 714; x_wconf 89' lang='lat' dir='ltr'>noluit</span> <span class='ocrx_word' id='word_1_444' title='bbox 2079 686 2187 714; x_wconf 88' lang='lat' dir='ltr'>tamen</span> 
     </span>
     <span class='ocr_line' id='line_1_68' title="bbox 1222 724 2188 765; baseline 0.001 -9"><span class='ocrx_word' id='word_1_445' title='bbox 1222 726 1310 757; x_wconf 91' lang='lat' dir='ltr'>Deus</span> <span class='ocrx_word' id='word_1_446' title='bbox 1335 726 1527 762; x_wconf 83' lang='lat' dir='ltr'>sacerdotes,</span> <span class='ocrx_word' id='word_1_447' title='bbox 1554 737 1651 765; x_wconf 88' lang='lat' dir='ltr'>quum</span> <span class='ocrx_word' id='word_1_448' title='bbox 1678 724 1854 756; x_wconf 88' lang='lat' dir='ltr'>liberaliter</span> <span class='ocrx_word' id='word_1_449' title='bbox 1877 736 2007 765; x_wconf 88' lang='lat' dir='ltr'>operam</span> <span class='ocrx_word' id='word_1_450' title='bbox 2039 736 2130 757; x_wconf 86' lang='lat' dir='ltr'>suam</span> <span class='ocrx_word' id='word_1_451' title='bbox 2152 726 2188 757; x_wconf 88' lang='lat' dir='ltr'>in</span> 
     </span>
     <span class='ocr_line' id='line_1_69' title="bbox 1222 768 2186 808; baseline 0.001 -9"><span class='ocrx_word' id='word_1_452' title='bbox 1222 768 1309 803; x_wconf 69' lang='lat' dir='ltr'>cultu</span> <span class='ocrx_word' id='word_1_453' title='bbox 1335 769 1508 800; x_wconf 87' lang='lat' dir='ltr'>sanctuarii</span> <span class='ocrx_word' id='word_1_454' title='bbox 1533 768 1767 808; x_wconf 85' lang='lat' dir='ltr'>impenderent,</span> <span class='ocrx_word' id='word_1_455' title='bbox 1798 769 1902 799; x_wconf 87' lang='lat' dir='ltr'>esurie</span> <span class='ocrx_word' id='word_1_456' title='bbox 1926 768 2038 808; x_wconf 91' lang='lat' dir='ltr'>premi,</span> <span class='ocrx_word' id='word_1_457' title='bbox 2063 780 2102 800; x_wconf 90' lang='lat' dir='ltr'>ne</span> <span class='ocrx_word' id='word_1_458' title='bbox 2125 769 2186 800; x_wconf 86' lang='lat' dir='ltr'>mi-</span> 
     </span>
     <span class='ocr_line' id='line_1_70' title="bbox 1223 810 2187 852; baseline 0.001 -11"><span class='ocrx_word' id='word_1_459' title='bbox 1223 815 1377 842; x_wconf 89' lang='lat' dir='ltr'>nueretur</span> <span class='ocrx_word' id='word_1_460' title='bbox 1411 822 1519 842; x_wconf 88' lang='lat' dir='ltr'>eorum</span> <span class='ocrx_word' id='word_1_461' title='bbox 1555 812 1713 842; x_wconf 77' lang='lat' dir='ltr'>alacritas.</span> <span class='ocrx_word' id='word_1_462' title='bbox 1767 811 1851 842; x_wconf 90' lang='lat' dir='ltr'>Nam</span> <span class='ocrx_word' id='word_1_463' title='bbox 1882 811 1908 841; x_wconf 86' lang='lat' dir='ltr'>si</span> <span class='ocrx_word' id='word_1_464' title='bbox 1941 810 2039 852; x_wconf 91' lang='lat' dir='ltr'>probe</span> <span class='ocrx_word' id='word_1_465' title='bbox 2067 822 2187 843; x_wconf 85' lang='lat' dir='ltr'>munus</span> 
     </span>
     <span class='ocr_line' id='line_1_71' title="bbox 1222 854 2188 894; baseline 0.001 -10"><span class='ocrx_word' id='word_1_466' title='bbox 1222 865 1314 884; x_wconf 84' lang='lat' dir='ltr'>suum</span> <span class='ocrx_word' id='word_1_467' title='bbox 1339 855 1470 894; x_wconf 78' lang='lat' dir='ltr'>exsequi</span> <span class='ocrx_word' id='word_1_468' title='bbox 1491 854 1655 891; x_wconf 81' lang='lat' dir='ltr'>volebant,</span> <span class='ocrx_word' id='word_1_469' title='bbox 1680 859 1765 885; x_wconf 86' lang='lat' dir='ltr'>totos</span> <span class='ocrx_word' id='word_1_470' title='bbox 1789 854 1955 885; x_wconf 87' lang='lat' dir='ltr'>attendere</span> <span class='ocrx_word' id='word_1_471' title='bbox 1974 864 2104 885; x_wconf 84' lang='lat' dir='ltr'>necesse</span> <span class='ocrx_word' id='word_1_472' title='bbox 2128 854 2188 885; x_wconf 76' lang='lat' dir='ltr'>fuit</span> 
     </span>
     <span class='ocr_line' id='line_1_72' title="bbox 1223 896 2189 933; baseline 0.001 -6"><span class='ocrx_word' id='word_1_473' title='bbox 1223 897 1260 927; x_wconf 84' lang='lat' dir='ltr'>ad</span> <span class='ocrx_word' id='word_1_474' title='bbox 1281 908 1332 927; x_wconf 76' lang='lat' dir='ltr'>res</span> <span class='ocrx_word' id='word_1_475' title='bbox 1353 897 1488 933; x_wconf 81' lang='lat' dir='ltr'>divinas,</span> <span class='ocrx_word' id='word_1_476' title='bbox 1509 904 1540 927; x_wconf 88' lang='lat' dir='ltr'>et</span> <span class='ocrx_word' id='word_1_477' title='bbox 1559 908 1669 928; x_wconf 87' lang='lat' dir='ltr'>curam</span> <span class='ocrx_word' id='word_1_478' title='bbox 1690 897 1734 928; x_wconf 87' lang='lat' dir='ltr'>rei</span> <span class='ocrx_word' id='word_1_479' title='bbox 1756 896 1948 928; x_wconf 84' lang='lat' dir='ltr'>domesticae</span> <span class='ocrx_word' id='word_1_480' title='bbox 1968 897 2115 929; x_wconf 82' lang='lat' dir='ltr'>abiicere.</span> <span class='ocrx_word' id='word_1_481' title='bbox 2152 896 2189 929; x_wconf 84' lang='lat' dir='ltr'>Si</span> 
     </span>
     <span class='ocr_line' id='line_1_73' title="bbox 1222 939 2189 979; baseline 0 -9"><span class='ocrx_word' id='word_1_482' title='bbox 1222 940 1294 979; x_wconf 85' lang='lat' dir='ltr'>quis</span> <span class='ocrx_word' id='word_1_483' title='bbox 1325 940 1455 970; x_wconf 86' lang='lat' dir='ltr'>obiiciat</span> <span class='ocrx_word' id='word_1_484' title='bbox 1479 940 1558 971; x_wconf 84' lang='lat' dir='ltr'>haec</span> <span class='ocrx_word' id='word_1_485' title='bbox 1582 940 1678 971; x_wconf 87' lang='lat' dir='ltr'>fuisse</span> <span class='ocrx_word' id='word_1_486' title='bbox 1705 940 1860 971; x_wconf 84' lang='lat' dir='ltr'>avaritiae</span> <span class='ocrx_word' id='word_1_487' title='bbox 1885 942 2033 977; x_wconf 76' lang='lat' dir='ltr'>fomenta,</span> <span class='ocrx_word' id='word_1_488' title='bbox 2057 944 2089 971; x_wconf 87' lang='lat' dir='ltr'>et</span> <span class='ocrx_word' id='word_1_489' title='bbox 2112 939 2189 971; x_wconf 87' lang='lat' dir='ltr'>ube-</span> 
     </span>
     <span class='ocr_line' id='line_1_74' title="bbox 1222 982 2188 1023; baseline 0.002 -11"><span class='ocrx_word' id='word_1_490' title='bbox 1222 993 1287 1013; x_wconf 91' lang='lat' dir='ltr'>rem</span> <span class='ocrx_word' id='word_1_491' title='bbox 1316 984 1523 1022; x_wconf 82' lang='lat' dir='ltr'>opimumque</span> <span class='ocrx_word' id='word_1_492' title='bbox 1552 987 1719 1022; x_wconf 84' lang='lat' dir='ltr'>quaestum</span> <span class='ocrx_word' id='word_1_493' title='bbox 1752 982 1970 1014; x_wconf 86' lang='lat' dir='ltr'>sacerdotibus</span> <span class='ocrx_word' id='word_1_494' title='bbox 1992 983 2092 1014; x_wconf 87' lang='lat' dir='ltr'>fuisse</span> <span class='ocrx_word' id='word_1_495' title='bbox 2114 993 2188 1023; x_wconf 88' lang='lat' dir='ltr'>pro-</span> 
     </span>
     <span class='ocr_line' id='line_1_75' title="bbox 1221 1025 2191 1066; baseline 0.002 -11"><span class='ocrx_word' id='word_1_496' title='bbox 1221 1025 1371 1064; x_wconf 82' lang='lat' dir='ltr'>positum,</span> <span class='ocrx_word' id='word_1_497' title='bbox 1394 1026 1427 1055; x_wconf 91' lang='lat' dir='ltr'>in</span> <span class='ocrx_word' id='word_1_498' title='bbox 1448 1031 1597 1065; x_wconf 87' lang='lat' dir='ltr'>promptu</span> <span class='ocrx_word' id='word_1_499' title='bbox 1621 1032 1669 1056; x_wconf 87' lang='lat' dir='ltr'>cst</span> <span class='ocrx_word' id='word_1_500' title='bbox 1688 1025 1820 1057; x_wconf 87' lang='lat' dir='ltr'>solutio:</span> <span class='ocrx_word' id='word_1_501' title='bbox 1844 1025 1997 1066; x_wconf 89' lang='lat' dir='ltr'>quidquid</span> <span class='ocrx_word' id='word_1_502' title='bbox 2018 1025 2082 1056; x_wconf 89' lang='lat' dir='ltr'>illis</span> <span class='ocrx_word' id='word_1_503' title='bbox 2094 1026 2191 1057; x_wconf 78' lang='lat' dir='ltr'>cessit</span> 
     </span>
     <span class='ocr_line' id='line_1_76' title="bbox 1222 1069 2189 1109; baseline 0.002 -11"><span class='ocrx_word' id='word_1_504' title='bbox 1222 1069 1252 1098; x_wconf 87' lang='lat' dir='ltr'>in</span> <span class='ocrx_word' id='word_1_505' title='bbox 1275 1072 1409 1108; x_wconf 86' lang='lat' dir='ltr'>partem,</span> <span class='ocrx_word' id='word_1_506' title='bbox 1434 1079 1531 1108; x_wconf 89' lang='lat' dir='ltr'>quum</span> <span class='ocrx_word' id='word_1_507' title='bbox 1557 1069 1595 1099; x_wconf 89' lang='lat' dir='ltr'>ad</span> <span class='ocrx_word' id='word_1_508' title='bbox 1620 1069 1741 1100; x_wconf 86' lang='lat' dir='ltr'>victum</span> <span class='ocrx_word' id='word_1_509' title='bbox 1766 1069 2034 1109; x_wconf 82' lang='lat' dir='ltr'>restringeretur,</span> <span class='ocrx_word' id='word_1_510' title='bbox 2065 1069 2189 1100; x_wconf 84' lang='lat' dir='ltr'>iustum</span> 
     </span>
     <span class='ocr_line' id='line_1_77' title="bbox 1222 1111 2187 1150; baseline 0.001 -9"><span class='ocrx_word' id='word_1_511' title='bbox 1222 1111 1351 1142; x_wconf 91' lang='lat' dir='ltr'>modum</span> <span class='ocrx_word' id='word_1_512' title='bbox 1378 1122 1441 1141; x_wconf 88' lang='lat' dir='ltr'>non</span> <span class='ocrx_word' id='word_1_513' title='bbox 1466 1112 1650 1142; x_wconf 77' lang='lat' dir='ltr'>excessisse.</span> <span class='ocrx_word' id='word_1_514' title='bbox 1697 1111 1786 1141; x_wconf 82' lang='lat' dir='ltr'>Nihil</span> <span class='ocrx_word' id='word_1_515' title='bbox 1811 1111 1896 1142; x_wconf 90' lang='lat' dir='ltr'>enim</span> <span class='ocrx_word' id='word_1_516' title='bbox 1922 1111 2063 1142; x_wconf 88' lang='lat' dir='ltr'>vendere</span> <span class='ocrx_word' id='word_1_517' title='bbox 2087 1111 2187 1150; x_wconf 87' lang='lat' dir='ltr'>licuit,</span> 
     </span>
     <span class='ocr_line' id='line_1_78' title="bbox 1222 1153 2189 1194; baseline 0.001 -10"><span class='ocrx_word' id='word_1_518' title='bbox 1222 1164 1257 1185; x_wconf 86' lang='lat' dir='ltr'>ac</span> <span class='ocrx_word' id='word_1_519' title='bbox 1280 1164 1321 1184; x_wconf 90' lang='lat' dir='ltr'>ne</span> <span class='ocrx_word' id='word_1_520' title='bbox 1345 1153 1459 1185; x_wconf 87' lang='lat' dir='ltr'>alienis</span> <span class='ocrx_word' id='word_1_521' title='bbox 1484 1153 1613 1194; x_wconf 84' lang='lat' dir='ltr'>quidem</span> <span class='ocrx_word' id='word_1_522' title='bbox 1638 1154 1759 1194; x_wconf 81' lang='lat' dir='ltr'>largiri,</span> <span class='ocrx_word' id='word_1_523' title='bbox 1784 1158 1820 1184; x_wconf 90' lang='lat' dir='ltr'>ut</span> <span class='ocrx_word' id='word_1_524' title='bbox 1843 1154 1961 1194; x_wconf 82' lang='lat' dir='ltr'>partim</span> <span class='ocrx_word' id='word_1_525' title='bbox 1985 1154 2061 1185; x_wconf 90' lang='lat' dir='ltr'>alibi</span> <span class='ocrx_word' id='word_1_526' title='bbox 2081 1155 2189 1185; x_wconf 89' lang='lat' dir='ltr'>visum</span> 
     </span>
     <span class='ocr_line' id='line_1_79' title="bbox 1222 1197 2188 1237; baseline 0 -10"><span class='ocrx_word' id='word_1_527' title='bbox 1222 1197 1290 1233; x_wconf 86' lang='lat' dir='ltr'>fuit,</span> <span class='ocrx_word' id='word_1_528' title='bbox 1315 1197 1432 1236; x_wconf 87' lang='lat' dir='ltr'>partim</span> <span class='ocrx_word' id='word_1_529' title='bbox 1457 1207 1530 1227; x_wconf 79' lang='lat' dir='ltr'>mox</span> <span class='ocrx_word' id='word_1_530' title='bbox 1555 1201 1688 1236; x_wconf 82' lang='lat' dir='ltr'>repetet.</span> <span class='ocrx_word' id='word_1_531' title='bbox 1727 1197 1835 1235; x_wconf 79' lang='lat' dir='ltr'>Quare</span> <span class='ocrx_word' id='word_1_532' title='bbox 1856 1197 1935 1228; x_wconf 88' lang='lat' dir='ltr'>satis</span> <span class='ocrx_word' id='word_1_533' title='bbox 1955 1207 2115 1237; x_wconf 87' lang='lat' dir='ltr'>superque</span> <span class='ocrx_word' id='word_1_534' title='bbox 2139 1207 2188 1228; x_wconf 87' lang='lat' dir='ltr'>re-</span> 
     </span>
     <span class='ocr_line' id='line_1_80' title="bbox 1222 1239 2188 1280; baseline 0 -10"><span class='ocrx_word' id='word_1_535' title='bbox 1222 1239 1341 1270; x_wconf 84' lang='lat' dir='ltr'>fellitur</span> <span class='ocrx_word' id='word_1_536' title='bbox 1364 1239 1473 1279; x_wconf 87' lang='lat' dir='ltr'>putida</span> <span class='ocrx_word' id='word_1_537' title='bbox 1498 1250 1606 1270; x_wconf 88' lang='lat' dir='ltr'>eorum</span> <span class='ocrx_word' id='word_1_538' title='bbox 1632 1240 1820 1280; x_wconf 84' lang='lat' dir='ltr'>improbitas</span> <span class='ocrx_word' id='word_1_539' title='bbox 1850 1240 1902 1279; x_wconf 90' lang='lat' dir='ltr'>qui</span> <span class='ocrx_word' id='word_1_540' title='bbox 1927 1240 2041 1271; x_wconf 87' lang='lat' dir='ltr'>Mosen</span> <span class='ocrx_word' id='word_1_541' title='bbox 2065 1239 2188 1280; x_wconf 82' lang='lat' dir='ltr'>suggil-</span> 
     </span>
     <span class='ocr_line' id='line_1_81' title="bbox 1221 1281 2188 1322; baseline 0.001 -10"><span class='ocrx_word' id='word_1_542' title='bbox 1221 1282 1303 1320; x_wconf 89' lang='lat' dir='ltr'>lant,</span> <span class='ocrx_word' id='word_1_543' title='bbox 1334 1293 1369 1313; x_wconf 86' lang='lat' dir='ltr'>ac</span> <span class='ocrx_word' id='word_1_544' title='bbox 1393 1282 1418 1313; x_wconf 82' lang='lat' dir='ltr'>si</span> <span class='ocrx_word' id='word_1_545' title='bbox 1443 1282 1552 1322; x_wconf 86' lang='lat' dir='ltr'>populi</span> <span class='ocrx_word' id='word_1_546' title='bbox 1577 1283 1686 1322; x_wconf 79' lang='lat' dir='ltr'>spoliis</span> <span class='ocrx_word' id='word_1_547' title='bbox 1710 1282 1892 1314; x_wconf 84' lang='lat' dir='ltr'>sacerdotes</span> <span class='ocrx_word' id='word_1_548' title='bbox 1916 1281 2057 1313; x_wconf 87' lang='lat' dir='ltr'>ditasset.</span> <span class='ocrx_word' id='word_1_549' title='bbox 2103 1283 2188 1313; x_wconf 91' lang='lat' dir='ltr'>Nam</span> 
     </span>
     <span class='ocr_line' id='line_1_82' title="bbox 1222 1325 2187 1365; baseline 0 -10"><span class='ocrx_word' id='word_1_550' title='bbox 1222 1325 1247 1356; x_wconf 88' lang='lat' dir='ltr'>si</span> <span class='ocrx_word' id='word_1_551' title='bbox 1272 1325 1387 1365; x_wconf 86' lang='lat' dir='ltr'>quibus</span> <span class='ocrx_word' id='word_1_552' title='bbox 1410 1326 1513 1355; x_wconf 86' lang='lat' dir='ltr'>voluit</span> <span class='ocrx_word' id='word_1_553' title='bbox 1537 1325 1714 1365; x_wconf 87' lang='lat' dir='ltr'>consulere,</span> <span class='ocrx_word' id='word_1_554' title='bbox 1741 1325 1797 1356; x_wconf 87' lang='lat' dir='ltr'>filii</span> <span class='ocrx_word' id='word_1_555' title='bbox 1821 1331 1905 1356; x_wconf 91' lang='lat' dir='ltr'>certe</span> <span class='ocrx_word' id='word_1_556' title='bbox 1929 1325 2060 1356; x_wconf 86' lang='lat' dir='ltr'>fuerunt</span> <span class='ocrx_word' id='word_1_557' title='bbox 2084 1325 2187 1356; x_wconf 88' lang='lat' dir='ltr'>omni-</span> 
     </span>
     <span class='ocr_line' id='line_1_83' title="bbox 1221 1367 2189 1408; baseline -0.001 -9"><span class='ocrx_word' id='word_1_558' title='bbox 1221 1368 1279 1399; x_wconf 91' lang='lat' dir='ltr'>bus</span> <span class='ocrx_word' id='word_1_559' title='bbox 1308 1368 1528 1408; x_wconf 85' lang='lat' dir='ltr'>praeferendi,</span> <span class='ocrx_word' id='word_1_560' title='bbox 1561 1379 1695 1407; x_wconf 89' lang='lat' dir='ltr'>quorum</span> <span class='ocrx_word' id='word_1_561' title='bbox 1722 1373 1829 1398; x_wconf 86' lang='lat' dir='ltr'>tamen</span> <span class='ocrx_word' id='word_1_562' title='bbox 1862 1368 1951 1398; x_wconf 86' lang='lat' dir='ltr'>nulla</span> <span class='ocrx_word' id='word_1_563' title='bbox 1974 1368 2026 1399; x_wconf 87' lang='lat' dir='ltr'>hic</span> <span class='ocrx_word' id='word_1_564' title='bbox 2050 1367 2189 1399; x_wconf 81' lang='lat' dir='ltr'>habetur</span> 
     </span>
     <span class='ocr_line' id='line_1_84' title="bbox 1221 1410 2188 1450; baseline -0.001 -8"><span class='ocrx_word' id='word_1_565' title='bbox 1221 1411 1312 1442; x_wconf 80' lang='lat' dir='ltr'>ratio.</span> <span class='ocrx_word' id='word_1_566' title='bbox 1364 1410 1435 1441; x_wconf 93' lang='lat' dir='ltr'>Imo</span> <span class='ocrx_word' id='word_1_567' title='bbox 1469 1411 1623 1450; x_wconf 88' lang='lat' dir='ltr'>quidquid</span> <span class='ocrx_word' id='word_1_568' title='bbox 1665 1410 1811 1442; x_wconf 86' lang='lat' dir='ltr'>concedit</span> <span class='ocrx_word' id='word_1_569' title='bbox 1845 1410 2080 1450; x_wconf 83' lang='lat' dir='ltr'>sacerdotibus,</span> <span class='ocrx_word' id='word_1_570' title='bbox 2112 1410 2188 1442; x_wconf 88' lang='lat' dir='ltr'>filiis</span> 
     </span>
     <span class='ocr_line' id='line_1_85' title="bbox 1221 1453 2191 1494; baseline 0 -10"><span class='ocrx_word' id='word_1_571' title='bbox 1221 1454 1288 1485; x_wconf 78' lang='lat' dir='ltr'>suis</span> <span class='ocrx_word' id='word_1_572' title='bbox 1319 1458 1349 1484; x_wconf 91' lang='lat' dir='ltr'>et</span> <span class='ocrx_word' id='word_1_573' title='bbox 1382 1464 1491 1484; x_wconf 87' lang='lat' dir='ltr'>eorum</span> <span class='ocrx_word' id='word_1_574' title='bbox 1521 1454 1658 1494; x_wconf 86' lang='lat' dir='ltr'>posteris</span> <span class='ocrx_word' id='word_1_575' title='bbox 1692 1454 1810 1484; x_wconf 87' lang='lat' dir='ltr'>aufert:</span> <span class='ocrx_word' id='word_1_576' title='bbox 1854 1464 1889 1485; x_wconf 90' lang='lat' dir='ltr'>ac</span> <span class='ocrx_word' id='word_1_577' title='bbox 1924 1454 1950 1484; x_wconf 87' lang='lat' dir='ltr'>si</span> <span class='ocrx_word' id='word_1_578' title='bbox 1985 1453 2060 1485; x_wconf 84' lang='lat' dir='ltr'>data</span> <span class='ocrx_word' id='word_1_579' title='bbox 2092 1464 2191 1494; x_wconf 84' lang='lat' dir='ltr'>opera</span> 
     </span>
     <span class='ocr_line' id='line_1_86' title="bbox 1221 1496 2189 1536; baseline -0.002 -8"><span class='ocrx_word' id='word_1_580' title='bbox 1221 1496 1405 1533; x_wconf 89' lang='lat' dir='ltr'>commodis,</span> <span class='ocrx_word' id='word_1_581' title='bbox 1437 1496 1555 1536; x_wconf 86' lang='lat' dir='ltr'>alioqui</span> <span class='ocrx_word' id='word_1_582' title='bbox 1580 1507 1642 1527; x_wconf 90' lang='lat' dir='ltr'>non</span> <span class='ocrx_word' id='word_1_583' title='bbox 1663 1496 1793 1534; x_wconf 87' lang='lat' dir='ltr'>illicitis,</span> <span class='ocrx_word' id='word_1_584' title='bbox 1818 1506 1870 1527; x_wconf 88' lang='lat' dir='ltr'>eos</span> <span class='ocrx_word' id='word_1_585' title='bbox 1889 1497 2043 1536; x_wconf 86' lang='lat' dir='ltr'>privaret.</span> <span class='ocrx_word' id='word_1_586' title='bbox 2087 1496 2189 1528; x_wconf 87' lang='lat' dir='ltr'>Deni-</span> 
     </span>
     <span class='ocr_line' id='line_1_87' title="bbox 1221 1539 2190 1580; baseline 0 -10"><span class='ocrx_word' id='word_1_587' title='bbox 1221 1551 1282 1580; x_wconf 91' lang='lat' dir='ltr'>que</span> <span class='ocrx_word' id='word_1_588' title='bbox 1305 1539 1372 1570; x_wconf 90' lang='lat' dir='ltr'>sola</span> <span class='ocrx_word' id='word_1_589' title='bbox 1395 1539 1534 1579; x_wconf 85' lang='lat' dir='ltr'>dignitas</span> <span class='ocrx_word' id='word_1_590' title='bbox 1558 1550 1722 1570; x_wconf 86' lang='lat' dir='ltr'>sacrorum</span> <span class='ocrx_word' id='word_1_591' title='bbox 1743 1544 1885 1578; x_wconf 85' lang='lat' dir='ltr'>spectata</span> <span class='ocrx_word' id='word_1_592' title='bbox 1904 1539 1974 1578; x_wconf 85' lang='lat' dir='ltr'>fuit,</span> <span class='ocrx_word' id='word_1_593' title='bbox 1998 1550 2062 1570; x_wconf 89' lang='lat' dir='ltr'>non</span> <span class='ocrx_word' id='word_1_594' title='bbox 2081 1543 2190 1571; x_wconf 89' lang='lat' dir='ltr'>autem</span> 
     </span>
     <span class='ocr_line' id='line_1_88' title="bbox 1221 1582 1806 1622; baseline -0.002 -8"><span class='ocrx_word' id='word_1_595' title='bbox 1221 1583 1347 1614; x_wconf 89' lang='lat' dir='ltr'>lucrum</span> <span class='ocrx_word' id='word_1_596' title='bbox 1373 1582 1593 1614; x_wconf 85' lang='lat' dir='ltr'>sacerdotibus</span> <span class='ocrx_word' id='word_1_597' title='bbox 1616 1582 1806 1622; x_wconf 79' lang='lat' dir='ltr'>quaesitum.</span> 
     </span>
    </p>
   </div>
   <div class='ocr_carea' id='block_1_14' title="bbox 1494 1752 1908 1784">
    <p class='ocr_par' dir='ltr' id='par_1_14' title="bbox 1494 1752 1908 1784">
     <span class='ocr_line' id='line_1_89' title="bbox 1494 1752 1908 1784; baseline 0 -1"><span class='ocrx_word' id='word_1_598' title='bbox 1494 1752 1558 1783; x_wconf 77' lang='lat' dir='ltr'>EX</span> <span class='ocrx_word' id='word_1_599' title='bbox 1582 1752 1754 1784; x_wconf 81' lang='lat' dir='ltr'>NUMER.</span> <span class='ocrx_word' id='word_1_600' title='bbox 1780 1752 1908 1783; x_wconf 82' lang='lat' dir='ltr'>XVIII.</span> 
     </span>
    </p>
   </div>
   <div class='ocr_carea' id='block_1_15' title="bbox 1222 1838 2189 2093">
    <p class='ocr_par' dir='ltr' id='par_1_15' title="bbox 1222 1838 2189 2093">
     <span class='ocr_line' id='line_1_90' title="bbox 1308 1838 2188 1880; baseline 0.001 -10"><span class='ocrx_word' id='word_1_601' title='bbox 1308 1839 1335 1870; x_wconf 89' lang='grc'>8.</span> <span class='ocrx_word' id='word_1_602' title='bbox 1361 1839 1520 1878; x_wconf 77' lang='lat' dir='ltr'>Loquutus</span> <span class='ocrx_word' id='word_1_603' title='bbox 1550 1840 1593 1868; x_wconf 79' lang='lat' dir='ltr'>est</span> <span class='ocrx_word' id='word_1_604' title='bbox 1622 1838 1735 1869; x_wconf 75' lang='lat' dir='ltr'>Iehova</span> <span class='ocrx_word' id='word_1_605' title='bbox 1765 1839 1807 1869; x_wconf 78' lang='lat' dir='ltr'>ad</span> <span class='ocrx_word' id='word_1_606' title='bbox 1835 1838 1981 1877; x_wconf 66' lang='lat' dir='ltr'>Atlaron,</span> <span class='ocrx_word' id='word_1_607' title='bbox 2013 1838 2104 1877; x_wconf 74' lang='lat' dir='ltr'>Ecce,</span> <span class='ocrx_word' id='word_1_608' title='bbox 2135 1849 2188 1880; x_wconf 71' lang='lat' dir='ltr'>eqo</span> 
     </span>
     <span class='ocr_line' id='line_1_91' title="bbox 1222 1880 2187 1917; baseline 0 -3"><span class='ocrx_word' id='word_1_609' title='bbox 1222 1883 1294 1914; x_wconf 66' lang='lat' dir='ltr'>dedi</span> <span class='ocrx_word' id='word_1_610' title='bbox 1317 1882 1371 1912; x_wconf 81' lang='lat' dir='ltr'>tibi</span> <span class='ocrx_word' id='word_1_611' title='bbox 1393 1881 1563 1913; x_wconf 78' lang='lat' dir='ltr'>custodiam</span> <span class='ocrx_word' id='word_1_612' title='bbox 1586 1880 1773 1911; x_wconf 72' lang='lat' dir='ltr'>oblationum</span> <span class='ocrx_word' id='word_1_613' title='bbox 1795 1891 1941 1917; x_wconf 79' lang='lat' dir='ltr'>mearam,</span> <span class='ocrx_word' id='word_1_614' title='bbox 1974 1891 2078 1912; x_wconf 75' lang='lat' dir='ltr'>omnes</span> <span class='ocrx_word' id='word_1_615' title='bbox 2100 1892 2187 1914; x_wconf 81' lang='lat' dir='ltr'>sanc-</span> 
     </span>
     <span class='ocr_line' id='line_1_92' title="bbox 1222 1923 2186 1964; baseline 0 -8"><span class='ocrx_word' id='word_1_616' title='bbox 1222 1925 1402 1964; x_wconf 78' lang='lat' dir='ltr'>tificationes</span> <span class='ocrx_word' id='word_1_617' title='bbox 1418 1924 1557 1962; x_wconf 69' lang='lat' dir='ltr'>filioram</span> <span class='ocrx_word' id='word_1_618' title='bbox 1581 1923 1684 1954; x_wconf 75' lang='lat' dir='ltr'>Israel</span> <span class='ocrx_word' id='word_1_619' title='bbox 1701 1924 1774 1954; x_wconf 71' lang='lat' dir='ltr'>dedi</span> <span class='ocrx_word' id='word_1_620' title='bbox 1792 1924 1847 1954; x_wconf 81' lang='lat' dir='ltr'>tibi</span> <span class='ocrx_word' id='word_1_621' title='bbox 1860 1927 1989 1964; x_wconf 74' lang='lat' dir='ltr'>propter</span> <span class='ocrx_word' id='word_1_622' title='bbox 2006 1925 2186 1964; x_wconf 72' lang='lat' dir='ltr'>unctionem,</span> 
     </span>
     <span class='ocr_line' id='line_1_93' title="bbox 1222 1967 2187 2007; baseline 0 -8"><span class='ocrx_word' id='word_1_623' title='bbox 1222 1971 1248 1999; x_wconf 79' lang='lat' dir='ltr'>et</span> <span class='ocrx_word' id='word_1_624' title='bbox 1264 1968 1342 2007; x_wconf 70' lang='lat' dir='ltr'>filiis</span> <span class='ocrx_word' id='word_1_625' title='bbox 1359 1967 1422 1998; x_wconf 74' lang='lat' dir='ltr'>tais</span> <span class='ocrx_word' id='word_1_626' title='bbox 1447 1967 1477 1996; x_wconf 77' lang='lat' dir='ltr'>in</span> <span class='ocrx_word' id='word_1_627' title='bbox 1496 1969 1642 1997; x_wconf 76' lang='lat' dir='ltr'>statutum</span> <span class='ocrx_word' id='word_1_628' title='bbox 1657 1970 1847 2005; x_wconf 64' lang='lat' dir='ltr'>perpetuum.</span> <span class='ocrx_word' id='word_1_629' title='bbox 1883 1967 1911 1998; x_wconf 87' lang='lat'>9.</span> <span class='ocrx_word' id='word_1_630' title='bbox 1938 1967 2006 1998; x_wconf 87' lang='lat' dir='ltr'>Hoc</span> <span class='ocrx_word' id='word_1_631' title='bbox 2023 1968 2081 1998; x_wconf 80' lang='lat' dir='ltr'>erit</span> <span class='ocrx_word' id='word_1_632' title='bbox 2098 1970 2187 1999; x_wconf 82' lang='lat' dir='ltr'>tuum</span> 
     </span>
     <span class='ocr_line' id='line_1_94' title="bbox 1223 2009 2186 2050; baseline 0 -8"><span class='ocrx_word' id='word_1_633' title='bbox 1223 2021 1260 2042; x_wconf 69' lang='lat' dir='ltr'>ex</span> <span class='ocrx_word' id='word_1_634' title='bbox 1282 2010 1441 2042; x_wconf 74' lang='lat' dir='ltr'>sanctitate</span> <span class='ocrx_word' id='word_1_635' title='bbox 1463 2009 1666 2044; x_wconf 74' lang='lat' dir='ltr'>sanctitatmn,</span> <span class='ocrx_word' id='word_1_636' title='bbox 1691 2010 1817 2040; x_wconf 71' lang='lat' dir='ltr'>residua</span> <span class='ocrx_word' id='word_1_637' title='bbox 1844 2009 1881 2040; x_wconf 83' lang='lat' dir='ltr'>ab</span> <span class='ocrx_word' id='word_1_638' title='bbox 1904 2010 1987 2050; x_wconf 64' lang='lat' dir='ltr'>igne:</span> <span class='ocrx_word' id='word_1_639' title='bbox 2014 2010 2114 2042; x_wconf 80' lang='lat' dir='ltr'>omnis</span> <span class='ocrx_word' id='word_1_640' title='bbox 2136 2011 2186 2042; x_wconf 81' lang='lat' dir='ltr'>ob-</span> 
     </span>
     <span class='ocr_line' id='line_1_95' title="bbox 1223 2052 2189 2093; baseline -0.001 -8"><span class='ocrx_word' id='word_1_641' title='bbox 1223 2053 1296 2085; x_wconf 78' lang='lat' dir='ltr'>latio</span> <span class='ocrx_word' id='word_1_642' title='bbox 1325 2063 1443 2087; x_wconf 75' lang='lat' dir='ltr'>eorum,</span> <span class='ocrx_word' id='word_1_643' title='bbox 1472 2052 1535 2083; x_wconf 81' lang='lat' dir='ltr'>sive</span> <span class='ocrx_word' id='word_1_644' title='bbox 1563 2052 1668 2082; x_wconf 74' lang='lat' dir='ltr'>minlta</span> <span class='ocrx_word' id='word_1_645' title='bbox 1692 2062 1794 2083; x_wconf 64' lang='lat' dir='ltr'>vorum</span> <span class='ocrx_word' id='word_1_646' title='bbox 1816 2053 1872 2089; x_wconf 83' lang='lat' dir='ltr'>sit,</span> <span class='ocrx_word' id='word_1_647' title='bbox 1901 2053 1966 2084; x_wconf 85' lang='lat' dir='ltr'>sive</span> <span class='ocrx_word' id='word_1_648' title='bbox 1994 2052 2104 2084; x_wconf 80' lang='lat' dir='ltr'>oblatio</span> <span class='ocrx_word' id='word_1_649' title='bbox 2127 2064 2189 2093; x_wconf 76' lang='lat' dir='ltr'>pro</span> 
     </span>
    </p>
   </div>
   <div class='ocr_carea' id='block_1_16' title="bbox 1218 2094 2189 2136">
    <p class='ocr_par' dir='ltr' id='par_1_16' title="bbox 1218 2094 2189 2136">
     <span class='ocr_line' id='line_1_96' title="bbox 1218 2094 2189 2136; baseline 0 -9"><span class='ocrx_word' id='word_1_650' title='bbox 1218 2099 1340 2136; x_wconf 76' lang='lat' dir='ltr'>peccato</span> <span class='ocrx_word' id='word_1_651' title='bbox 1371 2104 1490 2132; x_wconf 79' lang='lat' dir='ltr'>eorum,</span> <span class='ocrx_word' id='word_1_652' title='bbox 1524 2094 1587 2125; x_wconf 68' lang='lat' dir='ltr'>siva</span> <span class='ocrx_word' id='word_1_653' title='bbox 1617 2094 1724 2125; x_wconf 77' lang='lat' dir='ltr'>oblatio</span> <span class='ocrx_word' id='word_1_654' title='bbox 1750 2106 1811 2134; x_wconf 73' lang='lat' dir='ltr'>pro</span> <span class='ocrx_word' id='word_1_655' title='bbox 1839 2095 1944 2126; x_wconf 78' lang='lat' dir='ltr'>delicto</span> <span class='ocrx_word' id='word_1_656' title='bbox 1968 2106 2072 2127; x_wconf 81' lang='lat' dir='ltr'>eorum</span> <span class='ocrx_word' id='word_1_657' title='bbox 2095 2106 2189 2135; x_wconf 80' lang='lat' dir='ltr'>quam</span> 
     </span>
    </p>
   </div>
   <div class='ocr_carea' id='block_1_17' title="bbox 1223 2137 2189 2435">
    <p class='ocr_par' dir='ltr' id='par_1_17' title="bbox 1223 2137 2189 2435">
     <span class='ocr_line' id='line_1_97' title="bbox 1223 2137 2188 2178; baseline 0 -8"><span class='ocrx_word' id='word_1_658' title='bbox 1223 2139 1346 2170; x_wconf 46' lang='lat' dir='ltr'>&#39;reddent</span> <span class='ocrx_word' id='word_1_659' title='bbox 1376 2138 1462 2175; x_wconf 69' lang='lat' dir='ltr'>milii,</span> <span class='ocrx_word' id='word_1_660' title='bbox 1492 2137 1642 2168; x_wconf 77' lang='lat' dir='ltr'>sanctitas</span> <span class='ocrx_word' id='word_1_661' title='bbox 1670 2139 1868 2168; x_wconf 62' lang='lat' dir='ltr'>summatum</span> <span class='ocrx_word' id='word_1_662' title='bbox 1899 2138 1954 2169; x_wconf 81' lang='lat' dir='ltr'>tibi</span> <span class='ocrx_word' id='word_1_663' title='bbox 1982 2139 2040 2169; x_wconf 82' lang='lat' dir='ltr'>erit</span> <span class='ocrx_word' id='word_1_664' title='bbox 2062 2140 2089 2169; x_wconf 87' lang='lat' dir='ltr'>et</span> <span class='ocrx_word' id='word_1_665' title='bbox 2107 2138 2188 2178; x_wconf 76' lang='lat' dir='ltr'>filiis</span> 
     </span>
     <span class='ocr_line' id='line_1_98' title="bbox 1223 2180 2189 2218; baseline 0 -6"><span class='ocrx_word' id='word_1_666' title='bbox 1223 2183 1294 2212; x_wconf 76' lang='lat' dir='ltr'>tuis.</span> <span class='ocrx_word' id='word_1_667' title='bbox 1330 2181 1377 2212; x_wconf 89' lang='lat'>10.</span> <span class='ocrx_word' id='word_1_668' title='bbox 1402 2180 1441 2210; x_wconf 79' lang='lat' dir='ltr'>In</span> <span class='ocrx_word' id='word_1_669' title='bbox 1454 2180 1615 2210; x_wconf 76' lang='lat' dir='ltr'>sanctitate</span> <span class='ocrx_word' id='word_1_670' title='bbox 1632 2181 1826 2211; x_wconf 67' lang='lat' dir='ltr'>sanctitatum</span> <span class='ocrx_word' id='word_1_671' title='bbox 1844 2181 1977 2212; x_wconf 78' lang='lat' dir='ltr'>comedes</span> <span class='ocrx_word' id='word_1_672' title='bbox 1994 2191 2070 2218; x_wconf 84' lang='lat' dir='ltr'>eam,</span> <span class='ocrx_word' id='word_1_673' title='bbox 2089 2182 2189 2213; x_wconf 74' lang='lat' dir='ltr'>omnis</span> 
     </span>
     <span class='ocr_line' id='line_1_99' title="bbox 1223 2223 2188 2256; baseline 0 -1"><span class='ocrx_word' id='word_1_674' title='bbox 1223 2224 1380 2256; x_wconf 54' lang='lat' dir='ltr'>masculus·</span> <span class='ocrx_word' id='word_1_675' title='bbox 1404 2223 1531 2253; x_wconf 69' lang='lat' dir='ltr'>comedet</span> <span class='ocrx_word' id='word_1_676' title='bbox 1563 2233 1644 2253; x_wconf 76' lang='lat' dir='ltr'>eam.-</span> <span class='ocrx_word' id='word_1_677' title='bbox 1672 2224 1820 2255; x_wconf 74' lang='lat' dir='ltr'>sanctitas</span> <span class='ocrx_word' id='word_1_678' title='bbox 1850 2224 1907 2255; x_wconf 80' lang='lat' dir='ltr'>erit</span> <span class='ocrx_word' id='word_1_679' title='bbox 1937 2224 1999 2255; x_wconf 83' lang='lat' dir='ltr'>tibi.</span> <span class='ocrx_word' id='word_1_680' title='bbox 2048 2224 2095 2255; x_wconf 91' lang='grc'>11.</span> <span class='ocrx_word' id='word_1_681' title='bbox 2121 2224 2188 2256; x_wconf 80' lang='lat' dir='ltr'>Hoc</span> 
     </span>
     <span class='ocr_line' id='line_1_100' title="bbox 1224 2265 2187 2303; baseline 0.001 -6"><span class='ocrx_word' id='word_1_682' title='bbox 1224 2268 1312 2297; x_wconf 76' lang='lat' dir='ltr'>etiam</span> <span class='ocrx_word' id='word_1_683' title='bbox 1329 2269 1414 2296; x_wconf 75' lang='lat' dir='ltr'>tunm</span> <span class='ocrx_word' id='word_1_684' title='bbox 1433 2266 1498 2302; x_wconf 74' lang='lat' dir='ltr'>erit,</span> <span class='ocrx_word' id='word_1_685' title='bbox 1519 2265 1695 2296; x_wconf 72' lang='lat' dir='ltr'>levationem</span> <span class='ocrx_word' id='word_1_686' title='bbox 1709 2267 1847 2297; x_wconf 74' lang='lat' dir='ltr'>muneris</span> <span class='ocrx_word' id='word_1_687' title='bbox 1860 2277 1972 2303; x_wconf 73' lang='lat' dir='ltr'>eorum,</span> <span class='ocrx_word' id='word_1_688' title='bbox 1992 2277 2094 2298; x_wconf 82' lang='lat' dir='ltr'>omnes</span> <span class='ocrx_word' id='word_1_689' title='bbox 2105 2267 2187 2299; x_wconf 81' lang='lat' dir='ltr'>obla-</span> 
     </span>
     <span class='ocr_line' id='line_1_101' title="bbox 1223 2308 2187 2349; baseline 0.002 -9"><span class='ocrx_word' id='word_1_690' title='bbox 1223 2311 1318 2340; x_wconf 77' lang='lat' dir='ltr'>tiones</span> <span class='ocrx_word' id='word_1_691' title='bbox 1335 2309 1472 2347; x_wconf 74' lang='lat' dir='ltr'>filiormn</span> <span class='ocrx_word' id='word_1_692' title='bbox 1494 2308 1593 2337; x_wconf 70' lang='lat' dir='ltr'>Israrl</span> <span class='ocrx_word' id='word_1_693' title='bbox 1611 2309 1664 2339; x_wconf 78' lang='lat' dir='ltr'>tibi</span> <span class='ocrx_word' id='word_1_694' title='bbox 1683 2309 1753 2339; x_wconf 73' lang='lat' dir='ltr'>dedi</span> <span class='ocrx_word' id='word_1_695' title='bbox 1773 2313 1800 2339; x_wconf 78' lang='lat' dir='ltr'>et</span> <span class='ocrx_word' id='word_1_696' title='bbox 1820 2309 1898 2348; x_wconf 76' lang='lat' dir='ltr'>filiis</span> <span class='ocrx_word' id='word_1_697' title='bbox 1924 2309 1987 2340; x_wconf 73' lang='lat' dir='ltr'>tuis</span> <span class='ocrx_word' id='word_1_698' title='bbox 2010 2312 2037 2339; x_wconf 82' lang='lat' dir='ltr'>et</span> <span class='ocrx_word' id='word_1_699' title='bbox 2059 2309 2187 2349; x_wconf 71' lang='lat' dir='ltr'>filiabus</span> 
     </span>
     <span class='ocr_line' id='line_1_102' title="bbox 1224 2351 2186 2390; baseline 0.001 -7"><span class='ocrx_word' id='word_1_700' title='bbox 1224 2353 1286 2383; x_wconf 78' lang='lat' dir='ltr'>tuis</span> <span class='ocrx_word' id='word_1_701' title='bbox 1308 2354 1401 2382; x_wconf 72' lang='lat' dir='ltr'>terum</span> <span class='ocrx_word' id='word_1_702' title='bbox 1426 2351 1456 2380; x_wconf 83' lang='lat' dir='ltr'>in</span> <span class='ocrx_word' id='word_1_703' title='bbox 1480 2353 1627 2381; x_wconf 73' lang='lat' dir='ltr'>statntnm</span> <span class='ocrx_word' id='word_1_704' title='bbox 1644 2354 1844 2390; x_wconf 65' lang='lat' dir='ltr'>perpetuum.-</span> <span class='ocrx_word' id='word_1_705' title='bbox 1874 2353 1973 2383; x_wconf 78' lang='lat' dir='ltr'>omnis</span> <span class='ocrx_word' id='word_1_706' title='bbox 1995 2353 2129 2384; x_wconf 70' lang='lat' dir='ltr'>mundus</span> <span class='ocrx_word' id='word_1_707' title='bbox 2152 2353 2186 2384; x_wconf 81' lang='lat' dir='ltr'>in</span> 
     </span>
     <span class='ocr_line' id='line_1_103' title="bbox 1223 2394 2186 2435; baseline 0.001 -9"><span class='ocrx_word' id='word_1_708' title='bbox 1223 2396 1308 2426; x_wconf 81' lang='lat' dir='ltr'>domo</span> <span class='ocrx_word' id='word_1_709' title='bbox 1329 2397 1382 2424; x_wconf 76' lang='lat' dir='ltr'>tua</span> <span class='ocrx_word' id='word_1_710' title='bbox 1405 2394 1531 2423; x_wconf 72' lang='lat' dir='ltr'>comedet</span> <span class='ocrx_word' id='word_1_711' title='bbox 1554 2404 1629 2424; x_wconf 70' lang='lat' dir='ltr'>enm.</span> <span class='ocrx_word' id='word_1_712' title='bbox 1669 2395 1715 2425; x_wconf 79' lang='lat'>12.</span> <span class='ocrx_word' id='word_1_713' title='bbox 1742 2394 1867 2426; x_wconf 75' lang='lat' dir='ltr'>Omnem</span> <span class='ocrx_word' id='word_1_714' title='bbox 1880 2395 2101 2435; x_wconf 64' lang='lat' dir='ltr'>pinguedinem</span> <span class='ocrx_word' id='word_1_715' title='bbox 2119 2396 2186 2435; x_wconf 81' lang='lat' dir='ltr'>olei,</span> 
     </span>
    </p>
   </div>
   <div class='ocr_carea' id='block_1_18' title="bbox 1196 2437 2186 2477">
    <p class='ocr_par' dir='ltr' id='par_1_18' title="bbox 1196 2437 2186 2477">
     <span class='ocr_line' id='line_1_104' title="bbox 1196 2437 2186 2477; baseline -0.001 -9"><span class='ocrx_word' id='word_1_716' title='bbox 1196 2441 1249 2468; x_wconf 55' lang='lat' dir='ltr'>vet</span> <span class='ocrx_word' id='word_1_717' title='bbox 1283 2447 1396 2468; x_wconf 73' lang='lat' dir='ltr'>omnem</span> <span class='ocrx_word' id='word_1_718' title='bbox 1425 2437 1644 2475; x_wconf 65' lang='lat' dir='ltr'>pinynedinem</span> <span class='ocrx_word' id='word_1_719' title='bbox 1678 2438 1743 2467; x_wconf 75' lang='lat' dir='ltr'>vini</span> <span class='ocrx_word' id='word_1_720' title='bbox 1776 2441 1802 2467; x_wconf 68' lang='lat' dir='ltr'>et</span> <span class='ocrx_word' id='word_1_721' title='bbox 1829 2438 1992 2477; x_wconf 77' lang='lat' dir='ltr'>frumenti,</span> <span class='ocrx_word' id='word_1_722' title='bbox 2022 2438 2186 2477; x_wconf 74' lang='lat' dir='ltr'>primitias</span> 
     </span>
    </p>
   </div>
   <div class='ocr_carea' id='block_1_19' title="bbox 1223 2478 2186 2691">
    <p class='ocr_par' dir='ltr' id='par_1_19' title="bbox 1223 2478 2186 2691">
     <span class='ocr_line' id='line_1_105' title="bbox 1223 2478 2186 2518; baseline 0.002 -8"><span class='ocrx_word' id='word_1_723' title='bbox 1223 2490 1325 2510; x_wconf 73' lang='lat' dir='ltr'>eorum</span> <span class='ocrx_word' id='word_1_724' title='bbox 1348 2490 1427 2518; x_wconf 71' lang='lat' dir='ltr'>quas</span> <span class='ocrx_word' id='word_1_725' title='bbox 1448 2478 1563 2509; x_wconf 77' lang='lat' dir='ltr'>‹latmnt</span> <span class='ocrx_word' id='word_1_726' title='bbox 1586 2479 1720 2516; x_wconf 67' lang='lat' dir='ltr'>lehocae,</span> <span class='ocrx_word' id='word_1_727' title='bbox 1745 2481 1798 2511; x_wconf 79' lang='lat' dir='ltr'>tibi</span> <span class='ocrx_word' id='word_1_728' title='bbox 1818 2481 1896 2511; x_wconf 78' lang='lat' dir='ltr'>dedi.</span> <span class='ocrx_word' id='word_1_729' title='bbox 1945 2480 1992 2511; x_wconf 87' lang='lat'>13.</span> <span class='ocrx_word' id='word_1_730' title='bbox 2020 2480 2186 2513; x_wconf 75' lang='lat' dir='ltr'>Primitiae</span> 
     </span>
     <span class='ocr_line' id='line_1_106' title="bbox 1224 2522 2185 2563; baseline 0.001 -9"><span class='ocrx_word' id='word_1_731' title='bbox 1224 2523 1361 2554; x_wconf 76' lang='lat' dir='ltr'>omnium</span> <span class='ocrx_word' id='word_1_732' title='bbox 1384 2532 1462 2561; x_wconf 73' lang='lat' dir='ltr'>qnae</span> <span class='ocrx_word' id='word_1_733' title='bbox 1487 2523 1516 2551; x_wconf 79' lang='lat' dir='ltr'>in</span> <span class='ocrx_word' id='word_1_734' title='bbox 1540 2524 1623 2551; x_wconf 76' lang='lat' dir='ltr'>term</span> <span class='ocrx_word' id='word_1_735' title='bbox 1647 2533 1764 2559; x_wconf 73' lang='lat' dir='ltr'>earum,</span> <span class='ocrx_word' id='word_1_736' title='bbox 1795 2534 1873 2562; x_wconf 76' lang='lat' dir='ltr'>quas</span> <span class='ocrx_word' id='word_1_737' title='bbox 1896 2524 2024 2563; x_wconf 78' lang='lat' dir='ltr'>afferent</span> <span class='ocrx_word' id='word_1_738' title='bbox 2047 2522 2185 2563; x_wconf 76' lang='lat' dir='ltr'>Iehovae,</span> 
     </span>
     <span class='ocr_line' id='line_1_107' title="bbox 1223 2565 2183 2598; baseline 0.001 -2"><span class='ocrx_word' id='word_1_739' title='bbox 1223 2569 1293 2596; x_wconf 60' lang='lat' dir='ltr'>tuae</span> <span class='ocrx_word' id='word_1_740' title='bbox 1315 2567 1420 2595; x_wconf 70' lang='lat' dir='ltr'>orient:</span> <span class='ocrx_word' id='word_1_741' title='bbox 1449 2565 1549 2594; x_wconf 76' lang='lat' dir='ltr'>omnis</span> <span class='ocrx_word' id='word_1_742' title='bbox 1571 2566 1704 2596; x_wconf 69' lang='lat' dir='ltr'>mundns</span> <span class='ocrx_word' id='word_1_743' title='bbox 1728 2567 1759 2596; x_wconf 76' lang='lat' dir='ltr'>in.</span> <span class='ocrx_word' id='word_1_744' title='bbox 1781 2566 1867 2597; x_wconf 80' lang='lat' dir='ltr'>domo</span> <span class='ocrx_word' id='word_1_745' title='bbox 1889 2569 1943 2597; x_wconf 82' lang='lat' dir='ltr'>tua</span> <span class='ocrx_word' id='word_1_746' title='bbox 1965 2566 2101 2597; x_wconf 77' lang='lat' dir='ltr'>comedat</span> <span class='ocrx_word' id='word_1_747' title='bbox 2121 2577 2183 2598; x_wconf 82' lang='lat' dir='ltr'>eas.</span> 
     </span>
     <span class='ocr_line' id='line_1_108' title="bbox 1226 2607 2186 2648; baseline 0.001 -9"><span class='ocrx_word' id='word_1_748' title='bbox 1226 2609 1273 2639; x_wconf 83' lang='lat'>14.</span> <span class='ocrx_word' id='word_1_749' title='bbox 1302 2610 1396 2638; x_wconf 68' lang='lat' dir='ltr'>Omna</span> <span class='ocrx_word' id='word_1_750' title='bbox 1418 2607 1579 2637; x_wconf 75' lang='lat' dir='ltr'>anatlnma</span> <span class='ocrx_word' id='word_1_751' title='bbox 1612 2608 1640 2637; x_wconf 86' lang='lat' dir='ltr'>in</span> <span class='ocrx_word' id='word_1_752' title='bbox 1667 2608 1767 2639; x_wconf 65' lang='lat' dir='ltr'>Isravl</span> <span class='ocrx_word' id='word_1_753' title='bbox 1794 2612 1879 2639; x_wconf 73' lang='lat' dir='ltr'>tunm</span> <span class='ocrx_word' id='word_1_754' title='bbox 1902 2610 1968 2640; x_wconf 78' lang='lat' dir='ltr'>erit.</span> <span class='ocrx_word' id='word_1_755' title='bbox 2015 2609 2063 2639; x_wconf 83' lang='lat'>15.</span> <span class='ocrx_word' id='word_1_756' title='bbox 2091 2609 2186 2648; x_wconf 75' lang='lat' dir='ltr'>Quid-</span> 
     </span>
     <span class='ocr_line' id='line_1_109' title="bbox 1223 2649 2182 2691; baseline 0.001 -9"><span class='ocrx_word' id='word_1_757' title='bbox 1223 2651 1298 2690; x_wconf 70' lang='lat' dir='ltr'>quid</span> <span class='ocrx_word' id='word_1_758' title='bbox 1314 2651 1413 2688; x_wconf 73' lang='lat' dir='ltr'>aperit</span> <span class='ocrx_word' id='word_1_759' title='bbox 1426 2649 1547 2680; x_wconf 65' lang='lat' dir='ltr'>vulvam</span> <span class='ocrx_word' id='word_1_760' title='bbox 1562 2650 1592 2679; x_wconf 75' lang='lat' dir='ltr'>in</span> <span class='ocrx_word' id='word_1_761' title='bbox 1606 2651 1688 2681; x_wconf 75' lang='lat' dir='ltr'>amni</span> <span class='ocrx_word' id='word_1_762' title='bbox 1701 2661 1791 2681; x_wconf 74' lang='lat' dir='ltr'>earne</span> <span class='ocrx_word' id='word_1_763' title='bbox 1810 2652 1889 2691; x_wconf 77' lang='lat' dir='ltr'>quod</span> <span class='ocrx_word' id='word_1_764' title='bbox 1907 2652 2030 2691; x_wconf 76' lang='lat' dir='ltr'>offerent</span> <span class='ocrx_word' id='word_1_765' title='bbox 2044 2651 2182 2691; x_wconf 74' lang='lat' dir='ltr'>Iehovae,</span> 
     </span>
    </p>
   </div>
  </div>
 </body>
</html>
