<?xml version="1.0" encoding="UTF-8"?>
<!DOCTYPE html PUBLIC "-//W3C//DTD XHTML 1.0 Transitional//EN"
    "http://www.w3.org/TR/xhtml1/DTD/xhtml1-transitional.dtd">
<html xmlns="http://www.w3.org/1999/xhtml" xml:lang="en" lang="en">
 <head>
  <title>
</title>
<meta http-equiv="Content-Type" content="text/html;charset=utf-8" />
  <meta name='ocr-system' content='tesseract 3.04.00' />
  <meta name='ocr-capabilities' content='ocr_page ocr_carea ocr_par ocr_line ocrx_word'/>
</head>
<body>
  <div class='ocr_page' id='page_1' title='image "./ioanniscalviniop24calv_0218.png"; bbox 0 0 2304 3034; ppageno 0'>
   <div class='ocr_carea' id='block_1_1' title="bbox 191 192 254 222">
    <p class='ocr_par' dir='ltr' id='par_1_1' title="bbox 191 192 254 222">
     <span class='ocr_line' id='line_1_1' title="bbox 191 192 254 222; baseline -0.032 0"><span class='ocrx_word' id='word_1_1' title='bbox 191 192 254 222; x_wconf 74' lang='lat'>415</span> 
     </span>
    </p>
   </div>
   <div class='ocr_carea' id='block_1_2' title="bbox 189 279 1168 2680">
    <p class='ocr_par' dir='ltr' id='par_1_2' title="bbox 189 279 1168 2680">
     <span class='ocr_line' id='line_1_2' title="bbox 191 279 1157 322; baseline -0.004 -6"><span class='ocrx_word' id='word_1_2' title='bbox 191 291 390 320; x_wconf 81' lang='lat' dir='ltr'>ornamenta,</span> <span class='ocrx_word' id='word_1_3' title='bbox 411 280 629 322; x_wconf 75' lang='lat' dir='ltr'>spiritualium</span> <span class='ocrx_word' id='word_1_4' title='bbox 651 280 808 310; x_wconf 90' lang='lat' dir='ltr'>donorum</span> <span class='ocrx_word' id='word_1_5' title='bbox 822 279 1045 311; x_wconf 81' lang='lat' dir='ltr'>excellentiam</span> <span class='ocrx_word' id='word_1_6' title='bbox 1058 281 1157 312; x_wconf 85' lang='lat' dir='ltr'>fuisse</span> 
     </span>
     <span class='ocr_line' id='line_1_3' title="bbox 192 322 1158 367; baseline -0.005 -8"><span class='ocrx_word' id='word_1_7' title='bbox 192 328 393 367; x_wconf 84' lang='lat' dir='ltr'>designatam</span> <span class='ocrx_word' id='word_1_8' title='bbox 412 330 535 356; x_wconf 90' lang='lat' dir='ltr'>certum</span> <span class='ocrx_word' id='word_1_9' title='bbox 556 328 612 353; x_wconf 88' lang='lat' dir='ltr'>est.</span> <span class='ocrx_word' id='word_1_10' title='bbox 650 322 723 361; x_wconf 79' lang='lat' dir='ltr'>Qua</span> <span class='ocrx_word' id='word_1_11' title='bbox 747 323 872 353; x_wconf 86' lang='lat' dir='ltr'>ratione</span> <span class='ocrx_word' id='word_1_12' title='bbox 895 323 998 354; x_wconf 87' lang='lat' dir='ltr'>Isaias</span> <span class='ocrx_word' id='word_1_13' title='bbox 1022 322 1084 364; x_wconf 82' lang='lat'>(54,</span> <span class='ocrx_word' id='word_1_14' title='bbox 1106 323 1158 365; x_wconf 86' lang='lat'>11)</span> 
     </span>
     <span class='ocr_line' id='line_1_4' title="bbox 193 364 1159 410; baseline -0.004 -9"><span class='ocrx_word' id='word_1_15' title='bbox 193 370 232 401; x_wconf 91' lang='lat' dir='ltr'>de</span> <span class='ocrx_word' id='word_1_16' title='bbox 256 369 397 410; x_wconf 83' lang='lat' dir='ltr'>perfecta</span> <span class='ocrx_word' id='word_1_17' title='bbox 422 366 575 398; x_wconf 83' lang='lat' dir='ltr'>ecclesiae</span> <span class='ocrx_word' id='word_1_18' title='bbox 598 365 702 405; x_wconf 89' lang='lat' dir='ltr'>gloria</span> <span class='ocrx_word' id='word_1_19' title='bbox 727 364 897 403; x_wconf 87' lang='lat' dir='ltr'>disserens,</span> <span class='ocrx_word' id='word_1_20' title='bbox 922 366 1025 405; x_wconf 89' lang='lat' dir='ltr'>qualis</span> <span class='ocrx_word' id='word_1_21' title='bbox 1048 366 1159 397; x_wconf 88' lang='lat' dir='ltr'>futura</span> 
     </span>
     <span class='ocr_line' id='line_1_5' title="bbox 193 408 1159 449; baseline -0.003 -6"><span class='ocrx_word' id='word_1_22' title='bbox 193 418 261 443; x_wconf 83' lang='lat' dir='ltr'>erat</span> <span class='ocrx_word' id='word_1_23' title='bbox 295 411 354 442; x_wconf 88' lang='lat' dir='ltr'>sub</span> <span class='ocrx_word' id='word_1_24' title='bbox 388 420 488 449; x_wconf 88' lang='lat' dir='ltr'>regno</span> <span class='ocrx_word' id='word_1_25' title='bbox 523 408 662 444; x_wconf 78' lang='lat' dir='ltr'>Christi,</span> <span class='ocrx_word' id='word_1_26' title='bbox 697 408 869 445; x_wconf 78' lang='lat' dir='ltr'>Fundabo,</span> <span class='ocrx_word' id='word_1_27' title='bbox 905 408 1026 448; x_wconf 87' lang='lat' dir='ltr'>inquit,</span> <span class='ocrx_word' id='word_1_28' title='bbox 1061 419 1159 449; x_wconf 86' lang='lat' dir='ltr'>super</span> 
     </span>
     <span class='ocr_line' id='line_1_6' title="bbox 192 450 1158 492; baseline -0.003 -6"><span class='ocrx_word' id='word_1_29' title='bbox 192 453 424 487; x_wconf 83' lang='lat' dir='ltr'>carbunculum</span> <span class='ocrx_word' id='word_1_30' title='bbox 448 450 571 492; x_wconf 89' lang='lat' dir='ltr'>lapides</span> <span class='ocrx_word' id='word_1_31' title='bbox 595 456 682 488; x_wconf 88' lang='lat' dir='ltr'>tuos,</span> <span class='ocrx_word' id='word_1_32' title='bbox 712 450 853 482; x_wconf 83' lang='lat' dir='ltr'>fundabo</span> <span class='ocrx_word' id='word_1_33' title='bbox 878 455 908 482; x_wconf 92' lang='lat' dir='ltr'>te</span> <span class='ocrx_word' id='word_1_34' title='bbox 932 451 964 481; x_wconf 88' lang='lat' dir='ltr'>in</span> <span class='ocrx_word' id='word_1_35' title='bbox 989 451 1158 491; x_wconf 81' lang='lat' dir='ltr'>sapphiris,</span> 
     </span>
     <span class='ocr_line' id='line_1_7' title="bbox 191 494 1159 538; baseline -0.001 -11"><span class='ocrx_word' id='word_1_36' title='bbox 191 507 305 538; x_wconf 89' lang='lat' dir='ltr'>ponam</span> <span class='ocrx_word' id='word_1_37' title='bbox 330 494 518 535; x_wconf 69' lang='lat' dir='ltr'><strong>crystallum</strong></span> <span class='ocrx_word' id='word_1_38' title='bbox 542 495 701 524; x_wconf 79' lang='lat' dir='ltr'>fenestras</span> <span class='ocrx_word' id='word_1_39' title='bbox 732 498 822 531; x_wconf 87' lang='lat' dir='ltr'>tuas,</span> <span class='ocrx_word' id='word_1_40' title='bbox 852 498 960 533; x_wconf 89' lang='lat' dir='ltr'>portas</span> <span class='ocrx_word' id='word_1_41' title='bbox 989 498 1061 525; x_wconf 87' lang='lat' dir='ltr'>tuas</span> <span class='ocrx_word' id='word_1_42' title='bbox 1084 495 1159 534; x_wconf 87' lang='lat' dir='ltr'>igne</span> 
     </span>
     <span class='ocr_line' id='line_1_8' title="bbox 191 536 1157 576; baseline -0.002 -6"><span class='ocrx_word' id='word_1_43' title='bbox 191 540 368 574; x_wconf 78' lang='lat' dir='ltr'>rutilantes,</span> <span class='ocrx_word' id='word_1_44' title='bbox 393 543 425 568; x_wconf 89' lang='lat' dir='ltr'>et</span> <span class='ocrx_word' id='word_1_45' title='bbox 449 548 560 567; x_wconf 87' lang='lat' dir='ltr'>omnes</span> <span class='ocrx_word' id='word_1_46' title='bbox 585 537 738 567; x_wconf 89' lang='lat' dir='ltr'>terminos</span> <span class='ocrx_word' id='word_1_47' title='bbox 758 541 829 567; x_wconf 87' lang='lat' dir='ltr'>tuos</span> <span class='ocrx_word' id='word_1_48' title='bbox 849 536 972 576; x_wconf 90' lang='lat' dir='ltr'>lapides</span> <span class='ocrx_word' id='word_1_49' title='bbox 991 537 1157 576; x_wconf 88' lang='lat' dir='ltr'>pretiosos.</span> 
     </span>
     <span class='ocr_line' id='line_1_9' title="bbox 191 579 1159 621; baseline -0.002 -8"><span class='ocrx_word' id='word_1_50' title='bbox 191 583 315 621; x_wconf 86' lang='lat' dir='ltr'>Quibus</span> <span class='ocrx_word' id='word_1_51' title='bbox 332 580 438 612; x_wconf 80' lang='lat' dir='ltr'>verbis</span> <span class='ocrx_word' id='word_1_52' title='bbox 457 579 543 610; x_wconf 88' lang='lat' dir='ltr'>haud</span> <span class='ocrx_word' id='word_1_53' title='bbox 563 579 659 610; x_wconf 88' lang='lat' dir='ltr'>dubie</span> <span class='ocrx_word' id='word_1_54' title='bbox 683 580 852 619; x_wconf 88' lang='lat' dir='ltr'>significat,</span> <span class='ocrx_word' id='word_1_55' title='bbox 877 579 1045 611; x_wconf 87' lang='lat' dir='ltr'>ecclesiam</span> <span class='ocrx_word' id='word_1_56' title='bbox 1068 580 1159 611; x_wconf 91' lang='lat' dir='ltr'>illus-</span> 
     </span>
     <span class='ocr_line' id='line_1_10' title="bbox 190 622 1159 663; baseline -0.003 -7"><span class='ocrx_word' id='word_1_57' title='bbox 190 633 274 656; x_wconf 83' lang='lat' dir='ltr'><strong>trem</strong></span> <span class='ocrx_word' id='word_1_58' title='bbox 297 625 362 654; x_wconf 88' lang='lat' dir='ltr'>fore</span> <span class='ocrx_word' id='word_1_59' title='bbox 382 623 513 654; x_wconf 84' lang='lat' dir='ltr'>coelesti</span> <span class='ocrx_word' id='word_1_60' title='bbox 533 622 664 654; x_wconf 85' lang='lat' dir='ltr'>decore:</span> <span class='ocrx_word' id='word_1_61' title='bbox 687 622 840 661; x_wconf 87' lang='lat' dir='ltr'>quoniam</span> <span class='ocrx_word' id='word_1_62' title='bbox 864 622 899 652; x_wconf 92' lang='lat' dir='ltr'>in</span> <span class='ocrx_word' id='word_1_63' title='bbox 925 632 962 653; x_wconf 88' lang='lat' dir='ltr'>ea</span> <span class='ocrx_word' id='word_1_64' title='bbox 987 622 1159 663; x_wconf 86' lang='lat' dir='ltr'>fulgebunt</span> 
     </span>
     <span class='ocr_line' id='line_1_11' title="bbox 189 664 1159 707; baseline -0.002 -9"><span class='ocrx_word' id='word_1_65' title='bbox 189 678 284 699; x_wconf 90' lang='lat' dir='ltr'>omne</span> <span class='ocrx_word' id='word_1_66' title='bbox 308 677 410 707; x_wconf 88' lang='lat' dir='ltr'>genus</span> <span class='ocrx_word' id='word_1_67' title='bbox 434 666 579 696; x_wconf 81' lang='lat' dir='ltr'>virtutes.</span> <span class='ocrx_word' id='word_1_68' title='bbox 616 664 754 696; x_wconf 86' lang='lat' dir='ltr'>Summa</span> <span class='ocrx_word' id='word_1_69' title='bbox 777 670 886 695; x_wconf 89' lang='lat' dir='ltr'>tamen</span> <span class='ocrx_word' id='word_1_70' title='bbox 910 670 1044 696; x_wconf 80' lang='lat' dir='ltr'>ornatus</span> <span class='ocrx_word' id='word_1_71' title='bbox 1068 676 1159 705; x_wconf 88' lang='lat' dir='ltr'>prae-</span> 
     </span>
     <span class='ocr_line' id='line_1_12' title="bbox 190 707 1158 747; baseline -0.002 -6"><span class='ocrx_word' id='word_1_72' title='bbox 190 710 311 741; x_wconf 85' lang='lat' dir='ltr'>stantia</span> <span class='ocrx_word' id='word_1_73' title='bbox 341 709 454 740; x_wconf 89' lang='lat' dir='ltr'>referri</span> <span class='ocrx_word' id='word_1_74' title='bbox 486 708 598 738; x_wconf 88' lang='lat' dir='ltr'>debuit</span> <span class='ocrx_word' id='word_1_75' title='bbox 627 707 667 738; x_wconf 88' lang='lat' dir='ltr'>ad</span> <span class='ocrx_word' id='word_1_76' title='bbox 697 707 895 745; x_wconf 73' lang='lat' dir='ltr'>doctrinam,</span> <span class='ocrx_word' id='word_1_77' title='bbox 927 718 1008 747; x_wconf 90' lang='lat' dir='ltr'>quae</span> <span class='ocrx_word' id='word_1_78' title='bbox 1037 718 1096 739; x_wconf 88' lang='lat' dir='ltr'>nos</span> <span class='ocrx_word' id='word_1_79' title='bbox 1119 708 1158 739; x_wconf 88' lang='lat' dir='ltr'>ad</span> 
     </span>
     <span class='ocr_line' id='line_1_13' title="bbox 189 750 1157 793; baseline -0.003 -9"><span class='ocrx_word' id='word_1_80' title='bbox 189 753 365 793; x_wconf 77' lang='lat' dir='ltr'>imaginem</span> <span class='ocrx_word' id='word_1_81' title='bbox 390 751 451 783; x_wconf 90' lang='lat' dir='ltr'>Dei</span> <span class='ocrx_word' id='word_1_82' title='bbox 482 751 647 781; x_wconf 86' lang='lat' dir='ltr'>reformat.</span> <span class='ocrx_word' id='word_1_83' title='bbox 693 750 807 790; x_wconf 87' lang='lat' dir='ltr'>Itaque</span> <span class='ocrx_word' id='word_1_84' title='bbox 831 750 956 789; x_wconf 86' lang='lat' dir='ltr'>David,</span> <span class='ocrx_word' id='word_1_85' title='bbox 987 750 1063 781; x_wconf 92' lang='lat' dir='ltr'>dum</span> <span class='ocrx_word' id='word_1_86' title='bbox 1087 751 1157 790; x_wconf 86' lang='lat' dir='ltr'>pul—</span> 
     </span>
     <span class='ocr_line' id='line_1_14' title="bbox 189 793 1158 831; baseline -0.003 -4"><span class='ocrx_word' id='word_1_87' title='bbox 189 795 383 828; x_wconf 89' lang='lat' dir='ltr'>critudinem</span> <span class='ocrx_word' id='word_1_88' title='bbox 415 794 528 825; x_wconf 87' lang='lat' dir='ltr'>domus</span> <span class='ocrx_word' id='word_1_89' title='bbox 552 794 611 824; x_wconf 88' lang='lat' dir='ltr'>Dei</span> <span class='ocrx_word' id='word_1_90' title='bbox 637 793 860 831; x_wconf 77' lang='lat' dir='ltr'>commendat,</span> <span class='ocrx_word' id='word_1_91' title='bbox 893 793 981 824; x_wconf 89' lang='lat' dir='ltr'>hunc</span> <span class='ocrx_word' id='word_1_92' title='bbox 1004 793 1158 824; x_wconf 82' lang='lat' dir='ltr'>honorem</span> 
     </span>
     <span class='ocr_line' id='line_1_15' title="bbox 189 836 1156 880; baseline -0.003 -11"><span class='ocrx_word' id='word_1_93' title='bbox 189 839 393 880; x_wconf 81' lang='lat' dir='ltr'>potissimum</span> <span class='ocrx_word' id='word_1_94' title='bbox 414 837 488 867; x_wconf 84' lang='lat' dir='ltr'>fidei</span> <span class='ocrx_word' id='word_1_95' title='bbox 508 842 538 867; x_wconf 86' lang='lat' dir='ltr'>et</span> <span class='ocrx_word' id='word_1_96' title='bbox 563 837 692 876; x_wconf 86' lang='lat' dir='ltr'>pietatis</span> <span class='ocrx_word' id='word_1_97' title='bbox 715 837 878 867; x_wconf 79' lang='lat' dir='ltr'>exercitiis</span> <span class='ocrx_word' id='word_1_98' title='bbox 901 836 1023 872; x_wconf 87' lang='lat' dir='ltr'>tribuit,</span> <span class='ocrx_word' id='word_1_99' title='bbox 1048 836 1156 867; x_wconf 90' lang='lat' dir='ltr'>Unum</span> 
     </span>
     <span class='ocr_line' id='line_1_16' title="bbox 189 879 1158 922; baseline -0.003 -10"><span class='ocrx_word' id='word_1_100' title='bbox 189 883 269 922; x_wconf 91' lang='lat' dir='ltr'>petii</span> <span class='ocrx_word' id='word_1_101' title='bbox 292 892 309 911; x_wconf 93' lang='lat' dir='ltr'>a</span> <span class='ocrx_word' id='word_1_102' title='bbox 334 881 481 916; x_wconf 84' lang='lat' dir='ltr'>Domino,</span> <span class='ocrx_word' id='word_1_103' title='bbox 506 880 610 919; x_wconf 89' lang='lat' dir='ltr'>inquit</span> <span class='ocrx_word' id='word_1_104' title='bbox 635 880 700 920; x_wconf 81' lang='lat' dir='ltr'>(Ps.</span> <span class='ocrx_word' id='word_1_105' title='bbox 725 879 775 915; x_wconf 77' lang='lat'>27,</span> <span class='ocrx_word' id='word_1_106' title='bbox 800 879 842 921; x_wconf 85' lang='lat'>4),</span> <span class='ocrx_word' id='word_1_107' title='bbox 866 879 926 910; x_wconf 88' lang='lat' dir='ltr'>hoc</span> <span class='ocrx_word' id='word_1_108' title='bbox 947 879 1033 909; x_wconf 90' lang='lat' dir='ltr'>idem</span> <span class='ocrx_word' id='word_1_109' title='bbox 1054 879 1158 918; x_wconf 88' lang='lat' dir='ltr'>requi-</span> 
     </span>
     <span class='ocr_line' id='line_1_17' title="bbox 190 921 1159 961; baseline -0.003 -6"><span class='ocrx_word' id='word_1_110' title='bbox 190 936 275 961; x_wconf 88' lang='lat' dir='ltr'>ram,</span> <span class='ocrx_word' id='word_1_111' title='bbox 308 929 342 954; x_wconf 89' lang='lat' dir='ltr'>ut</span> <span class='ocrx_word' id='word_1_112' title='bbox 374 933 520 953; x_wconf 83' lang='lat' dir='ltr'>maneam</span> <span class='ocrx_word' id='word_1_113' title='bbox 553 923 586 952; x_wconf 86' lang='lat' dir='ltr'>in</span> <span class='ocrx_word' id='word_1_114' title='bbox 619 922 712 953; x_wconf 87' lang='lat' dir='ltr'>domo</span> <span class='ocrx_word' id='word_1_115' title='bbox 737 922 869 952; x_wconf 84' lang='lat' dir='ltr'>Domini</span> <span class='ocrx_word' id='word_1_116' title='bbox 899 922 1024 953; x_wconf 87' lang='lat' dir='ltr'>cunctis</span> <span class='ocrx_word' id='word_1_117' title='bbox 1048 921 1159 953; x_wconf 90' lang='lat' dir='ltr'>diebus</span> 
     </span>
     <span class='ocr_line' id='line_1_18' title="bbox 190 964 1159 1005; baseline -0.003 -7"><span class='ocrx_word' id='word_1_118' title='bbox 190 968 278 999; x_wconf 83' lang='lat' dir='ltr'>vitae</span> <span class='ocrx_word' id='word_1_119' title='bbox 302 976 405 997; x_wconf 84' lang='lat' dir='ltr'>meae:</span> <span class='ocrx_word' id='word_1_120' title='bbox 429 976 490 1005; x_wconf 90' lang='lat' dir='ltr'>quo</span> <span class='ocrx_word' id='word_1_121' title='bbox 515 965 642 996; x_wconf 88' lang='lat' dir='ltr'>videam</span> <span class='ocrx_word' id='word_1_122' title='bbox 668 965 919 1005; x_wconf 79' lang='lat' dir='ltr'>pulcritudinem</span> <span class='ocrx_word' id='word_1_123' title='bbox 943 964 1098 996; x_wconf 85' lang='lat' dir='ltr'>Iehovae:</span> <span class='ocrx_word' id='word_1_124' title='bbox 1128 970 1159 995; x_wconf 90' lang='lat' dir='ltr'>et</span> 
     </span>
     <span class='ocr_line' id='line_1_19' title="bbox 191 1008 1159 1048; baseline -0.003 -7"><span class='ocrx_word' id='word_1_125' title='bbox 191 1011 323 1041; x_wconf 81' lang='lat' dir='ltr'>lustrem</span> <span class='ocrx_word' id='word_1_126' title='bbox 348 1008 505 1048; x_wconf 84' lang='lat' dir='ltr'>templum</span> <span class='ocrx_word' id='word_1_127' title='bbox 529 1008 607 1039; x_wconf 87' lang='lat' dir='ltr'>eius.</span> <span class='ocrx_word' id='word_1_128' title='bbox 655 1010 707 1039; x_wconf 81' lang='lat' dir='ltr'>An</span> <span class='ocrx_word' id='word_1_129' title='bbox 732 1013 767 1038; x_wconf 88' lang='lat' dir='ltr'>ut</span> <span class='ocrx_word' id='word_1_130' title='bbox 791 1008 899 1039; x_wconf 87' lang='lat' dir='ltr'>oeulos</span> <span class='ocrx_word' id='word_1_131' title='bbox 923 1008 1073 1038; x_wconf 87' lang='lat' dir='ltr'>inanibus</span> <span class='ocrx_word' id='word_1_132' title='bbox 1096 1008 1159 1048; x_wconf 86' lang='lat' dir='ltr'>pic-</span> 
     </span>
     <span class='ocr_line' id='line_1_20' title="bbox 190 1050 1159 1091; baseline -0.002 -8"><span class='ocrx_word' id='word_1_133' title='bbox 190 1053 283 1090; x_wconf 87' lang='lat' dir='ltr'>turis,</span> <span class='ocrx_word' id='word_1_134' title='bbox 308 1058 496 1091; x_wconf 87' lang='lat' dir='ltr'>sumptuosa</span> <span class='ocrx_word' id='word_1_135' title='bbox 521 1051 665 1087; x_wconf 88' lang='lat' dir='ltr'>materia,</span> <span class='ocrx_word' id='word_1_136' title='bbox 689 1056 721 1081; x_wconf 88' lang='lat' dir='ltr'>ct</span> <span class='ocrx_word' id='word_1_137' title='bbox 743 1051 904 1090; x_wconf 86' lang='lat' dir='ltr'>exquisito</span> <span class='ocrx_word' id='word_1_138' title='bbox 924 1061 1059 1091; x_wconf 86' lang='lat' dir='ltr'>operum</span> <span class='ocrx_word' id='word_1_139' title='bbox 1083 1050 1159 1081; x_wconf 87' lang='lat' dir='ltr'>arti—</span> 
     </span>
     <span class='ocr_line' id='line_1_21' title="bbox 191 1093 1159 1135; baseline -0.003 -9"><span class='ocrx_word' id='word_1_140' title='bbox 191 1096 262 1127; x_wconf 88' lang='lat' dir='ltr'>ficio</span> <span class='ocrx_word' id='word_1_141' title='bbox 286 1094 452 1135; x_wconf 76' lang='lat' dir='ltr'>pasceret?</span> <span class='ocrx_word' id='word_1_142' title='bbox 481 1094 579 1125; x_wconf 83' lang='lat' dir='ltr'>Certe</span> <span class='ocrx_word' id='word_1_143' title='bbox 603 1093 641 1124; x_wconf 92' lang='lat' dir='ltr'>de</span> <span class='ocrx_word' id='word_1_144' title='bbox 665 1094 789 1125; x_wconf 88' lang='lat' dir='ltr'>curioso</span> <span class='ocrx_word' id='word_1_145' title='bbox 814 1099 946 1132; x_wconf 87' lang='lat' dir='ltr'>aspectu</span> <span class='ocrx_word' id='word_1_146' title='bbox 970 1104 1035 1124; x_wconf 89' lang='lat' dir='ltr'>non</span> <span class='ocrx_word' id='word_1_147' title='bbox 1058 1093 1159 1133; x_wconf 91' lang='lat' dir='ltr'>loqui-</span> 
     </span>
     <span class='ocr_line' id='line_1_22' title="bbox 191 1136 1160 1176; baseline -0.003 -7"><span class='ocrx_word' id='word_1_148' title='bbox 191 1144 256 1170; x_wconf 88' lang='lat' dir='ltr'>tur:</span> <span class='ocrx_word' id='word_1_149' title='bbox 283 1137 336 1169; x_wconf 85' lang='lat' dir='ltr'>sed</span> <span class='ocrx_word' id='word_1_150' title='bbox 361 1138 406 1168; x_wconf 89' lang='lat' dir='ltr'>ita</span> <span class='ocrx_word' id='word_1_151' title='bbox 429 1137 546 1168; x_wconf 78' lang='lat' dir='ltr'>alludit</span> <span class='ocrx_word' id='word_1_152' title='bbox 570 1137 609 1167; x_wconf 89' lang='lat' dir='ltr'>ad</span> <span class='ocrx_word' id='word_1_153' title='bbox 634 1137 762 1168; x_wconf 76' lang='lat' dir='ltr'>visibile</span> <span class='ocrx_word' id='word_1_154' title='bbox 793 1137 972 1176; x_wconf 86' lang='lat' dir='ltr'>opificium,</span> <span class='ocrx_word' id='word_1_155' title='bbox 1005 1143 1042 1167; x_wconf 89' lang='lat' dir='ltr'>ut</span> <span class='ocrx_word' id='word_1_156' title='bbox 1066 1136 1160 1176; x_wconf 88' lang='lat' dir='ltr'>spiri-</span> 
     </span>
     <span class='ocr_line' id='line_1_23' title="bbox 190 1178 1160 1220; baseline -0.003 -8"><span class='ocrx_word' id='word_1_157' title='bbox 190 1181 330 1212; x_wconf 75' lang='lat' dir='ltr'>tualibus</span> <span class='ocrx_word' id='word_1_158' title='bbox 355 1180 429 1211; x_wconf 80' lang='lat' dir='ltr'>fidei</span> <span class='ocrx_word' id='word_1_159' title='bbox 454 1179 555 1211; x_wconf 89' lang='lat' dir='ltr'>oculis</span> <span class='ocrx_word' id='word_1_160' title='bbox 578 1179 759 1211; x_wconf 76' lang='lat' dir='ltr'>consideret</span> <span class='ocrx_word' id='word_1_161' title='bbox 786 1180 921 1220; x_wconf 83' lang='lat' dir='ltr'>gloriam</span> <span class='ocrx_word' id='word_1_162' title='bbox 952 1184 1017 1210; x_wconf 92' lang='lat' dir='ltr'>toto</span> <span class='ocrx_word' id='word_1_163' title='bbox 1042 1178 1160 1210; x_wconf 91' lang='lat' dir='ltr'>mundo</span> 
     </span>
     <span class='ocr_line' id='line_1_24' title="bbox 192 1222 1160 1262; baseline -0.003 -7"><span class='ocrx_word' id='word_1_164' title='bbox 192 1224 472 1260; x_wconf 75' lang='lat' dir='ltr'>excellentiorem,</span> <span class='ocrx_word' id='word_1_165' title='bbox 502 1233 584 1262; x_wconf 88' lang='lat' dir='ltr'>quae</span> <span class='ocrx_word' id='word_1_166' title='bbox 613 1223 678 1253; x_wconf 90' lang='lat' dir='ltr'>illic</span> <span class='ocrx_word' id='word_1_167' title='bbox 709 1227 954 1262; x_wconf 83' lang='lat' dir='ltr'>repraesentata</span> <span class='ocrx_word' id='word_1_168' title='bbox 976 1222 1047 1253; x_wconf 87' lang='lat' dir='ltr'>fuit.</span> <span class='ocrx_word' id='word_1_169' title='bbox 1093 1222 1160 1253; x_wconf 88' lang='lat' dir='ltr'>Nec</span> 
     </span>
     <span class='ocr_line' id='line_1_25' title="bbox 192 1265 1160 1306; baseline -0.003 -8"><span class='ocrx_word' id='word_1_170' title='bbox 192 1278 266 1298; x_wconf 86' lang='lat' dir='ltr'>vero</span> <span class='ocrx_word' id='word_1_171' title='bbox 291 1266 465 1306; x_wconf 85' lang='lat' dir='ltr'>quidquam</span> <span class='ocrx_word' id='word_1_172' title='bbox 485 1266 696 1306; x_wconf 88' lang='lat' dir='ltr'>magnificum</span> <span class='ocrx_word' id='word_1_173' title='bbox 717 1266 867 1305; x_wconf 88' lang='lat' dir='ltr'>apparuit</span> <span class='ocrx_word' id='word_1_174' title='bbox 886 1265 918 1296; x_wconf 89' lang='lat' dir='ltr'>in</span> <span class='ocrx_word' id='word_1_175' title='bbox 943 1265 1160 1303; x_wconf 84' lang='lat' dir='ltr'>tabernaculo,</span> 
     </span>
     <span class='ocr_line' id='line_1_26' title="bbox 190 1308 1160 1350; baseline -0.003 -9"><span class='ocrx_word' id='word_1_176' title='bbox 190 1310 274 1350; x_wconf 84' lang='lat' dir='ltr'>quod</span> <span class='ocrx_word' id='word_1_177' title='bbox 298 1309 444 1339; x_wconf 88' lang='lat' dir='ltr'>homines</span> <span class='ocrx_word' id='word_1_178' title='bbox 468 1316 599 1349; x_wconf 87' lang='lat' dir='ltr'>aspectu</span> <span class='ocrx_word' id='word_1_179' title='bbox 623 1308 815 1345; x_wconf 89' lang='lat' dir='ltr'>oblectaret,</span> <span class='ocrx_word' id='word_1_180' title='bbox 847 1309 926 1348; x_wconf 92' lang='lat' dir='ltr'>quin</span> <span class='ocrx_word' id='word_1_181' title='bbox 955 1309 1063 1348; x_wconf 89' lang='lat' dir='ltr'>potius</span> <span class='ocrx_word' id='word_1_182' title='bbox 1092 1313 1160 1338; x_wconf 89' lang='lat' dir='ltr'>tota</span> 
     </span>
     <span class='ocr_line' id='line_1_27' title="bbox 189 1350 1160 1393; baseline -0.003 -9"><span class='ocrx_word' id='word_1_183' title='bbox 189 1352 356 1393; x_wconf 88' lang='lat' dir='ltr'>opulentia</span> <span class='ocrx_word' id='word_1_184' title='bbox 386 1358 418 1382; x_wconf 93' lang='lat' dir='ltr'>et</span> <span class='ocrx_word' id='word_1_185' title='bbox 447 1356 603 1383; x_wconf 85' lang='lat' dir='ltr'>venustas</span> <span class='ocrx_word' id='word_1_186' title='bbox 634 1351 707 1391; x_wconf 90' lang='lat' dir='ltr'>pilis</span> <span class='ocrx_word' id='word_1_187' title='bbox 736 1362 909 1392; x_wconf 87' lang='lat' dir='ltr'>caprarum</span> <span class='ocrx_word' id='word_1_188' title='bbox 939 1356 972 1382; x_wconf 90' lang='lat' dir='ltr'>et</span> <span class='ocrx_word' id='word_1_189' title='bbox 994 1351 1053 1381; x_wconf 88' lang='lat' dir='ltr'>vili</span> <span class='ocrx_word' id='word_1_190' title='bbox 1075 1350 1160 1381; x_wconf 91' lang='lat' dir='ltr'>corio</span> 
     </span>
     <span class='ocr_line' id='line_1_28' title="bbox 191 1393 1159 1434; baseline -0.003 -7"><span class='ocrx_word' id='word_1_191' title='bbox 191 1397 319 1427; x_wconf 73' lang='lat' dir='ltr'>obtecta</span> <span class='ocrx_word' id='word_1_192' title='bbox 344 1395 419 1425; x_wconf 84' lang='lat' dir='ltr'>fuit:</span> <span class='ocrx_word' id='word_1_193' title='bbox 452 1400 486 1425; x_wconf 89' lang='lat' dir='ltr'>ut</span> <span class='ocrx_word' id='word_1_194' title='bbox 509 1394 619 1425; x_wconf 87' lang='lat' dir='ltr'>fideles</span> <span class='ocrx_word' id='word_1_195' title='bbox 640 1394 674 1424; x_wconf 91' lang='lat' dir='ltr'>in</span> <span class='ocrx_word' id='word_1_196' title='bbox 698 1394 754 1424; x_wconf 89' lang='lat' dir='ltr'>illa</span> <span class='ocrx_word' id='word_1_197' title='bbox 784 1393 1002 1434; x_wconf 86' lang='lat' dir='ltr'>pulcritudine</span> <span class='ocrx_word' id='word_1_198' title='bbox 1027 1393 1159 1424; x_wconf 88' lang='lat' dir='ltr'>abscon-</span> 
     </span>
     <span class='ocr_line' id='line_1_29' title="bbox 192 1436 1160 1477; baseline -0.002 -8"><span class='ocrx_word' id='word_1_199' title='bbox 192 1440 258 1470; x_wconf 88' lang='lat' dir='ltr'>dita</span> <span class='ocrx_word' id='word_1_200' title='bbox 287 1437 406 1477; x_wconf 88' lang='lat' dir='ltr'>aliquid</span> <span class='ocrx_word' id='word_1_201' title='bbox 438 1448 535 1468; x_wconf 87' lang='lat' dir='ltr'>sensu</span> <span class='ocrx_word' id='word_1_202' title='bbox 565 1437 672 1468; x_wconf 87' lang='lat' dir='ltr'>carnis</span> <span class='ocrx_word' id='word_1_203' title='bbox 704 1437 801 1468; x_wconf 86' lang='lat' dir='ltr'>altius</span> <span class='ocrx_word' id='word_1_204' title='bbox 826 1441 1024 1477; x_wconf 88' lang='lat' dir='ltr'>reputarent.</span> <span class='ocrx_word' id='word_1_205' title='bbox 1070 1436 1160 1467; x_wconf 82' lang='lat' dir='ltr'>Haec</span> 
     </span>
     <span class='ocr_line' id='line_1_30' title="bbox 190 1479 1158 1522; baseline -0.002 -11"><span class='ocrx_word' id='word_1_206' title='bbox 190 1483 224 1512; x_wconf 87' lang='lat' dir='ltr'>in</span> <span class='ocrx_word' id='word_1_207' title='bbox 245 1492 361 1522; x_wconf 81' lang='lat' dir='ltr'>genere</span> <span class='ocrx_word' id='word_1_208' title='bbox 383 1481 497 1511; x_wconf 76' lang='lat' dir='ltr'>libasse</span> <span class='ocrx_word' id='word_1_209' title='bbox 516 1481 664 1511; x_wconf 76' lang='lat' dir='ltr'>sufficiat.</span> <span class='ocrx_word' id='word_1_210' title='bbox 690 1480 786 1511; x_wconf 89' lang='lat' dir='ltr'>Nunc</span> <span class='ocrx_word' id='word_1_211' title='bbox 805 1479 845 1510; x_wconf 86' lang='lat' dir='ltr'>ad</span> <span class='ocrx_word' id='word_1_212' title='bbox 865 1488 973 1520; x_wconf 85' lang='lat' dir='ltr'>partes</span> <span class='ocrx_word' id='word_1_213' title='bbox 992 1479 1158 1515; x_wconf 80' lang='lat' dir='ltr'>descendo,</span> 
     </span>
     <span class='ocr_line' id='line_1_31' title="bbox 191 1522 1160 1564; baseline -0.002 -9"><span class='ocrx_word' id='word_1_214' title='bbox 191 1526 225 1555; x_wconf 89' lang='lat' dir='ltr'>in</span> <span class='ocrx_word' id='word_1_215' title='bbox 249 1525 363 1564; x_wconf 87' lang='lat' dir='ltr'>quibus</span> <span class='ocrx_word' id='word_1_216' title='bbox 384 1534 422 1554; x_wconf 88' lang='lat' dir='ltr'>ne</span> <span class='ocrx_word' id='word_1_217' title='bbox 442 1534 459 1554; x_wconf 88' lang='lat' dir='ltr'>a</span> <span class='ocrx_word' id='word_1_218' title='bbox 479 1534 529 1553; x_wconf 85' lang='lat' dir='ltr'>ine</span> <span class='ocrx_word' id='word_1_219' title='bbox 549 1530 737 1563; x_wconf 73' lang='lat' dir='ltr'>exspectent</span> <span class='ocrx_word' id='word_1_220' title='bbox 757 1523 892 1554; x_wconf 86' lang='lat' dir='ltr'>lectores</span> <span class='ocrx_word' id='word_1_221' title='bbox 911 1522 1056 1563; x_wconf 77' lang='lat' dir='ltr'>argutias</span> <span class='ocrx_word' id='word_1_222' title='bbox 1080 1532 1160 1562; x_wconf 79' lang='lat' dir='ltr'>quae</span> 
     </span>
     <span class='ocr_line' id='line_1_32' title="bbox 192 1565 1161 1605; baseline -0.003 -7"><span class='ocrx_word' id='word_1_223' title='bbox 192 1579 286 1599; x_wconf 86' lang='lat' dir='ltr'>aures</span> <span class='ocrx_word' id='word_1_224' title='bbox 321 1567 470 1597; x_wconf 81' lang='lat' dir='ltr'>titillent:</span> <span class='ocrx_word' id='word_1_225' title='bbox 505 1567 580 1605; x_wconf 89' lang='lat' dir='ltr'>quia</span> <span class='ocrx_word' id='word_1_226' title='bbox 618 1566 697 1596; x_wconf 91' lang='lat' dir='ltr'>nihil</span> <span class='ocrx_word' id='word_1_227' title='bbox 730 1566 845 1597; x_wconf 85' lang='lat' dir='ltr'>melius</span> <span class='ocrx_word' id='word_1_228' title='bbox 875 1570 924 1597; x_wconf 88' lang='lat' dir='ltr'>est</span> <span class='ocrx_word' id='word_1_229' title='bbox 953 1576 1048 1605; x_wconf 89' lang='lat' dir='ltr'>quam</span> <span class='ocrx_word' id='word_1_230' title='bbox 1077 1565 1161 1595; x_wconf 87' lang='lat' dir='ltr'>intra</span> 
     </span>
     <span class='ocr_line' id='line_1_33' title="bbox 193 1608 1160 1648; baseline -0.003 -7"><span class='ocrx_word' id='word_1_231' title='bbox 193 1610 424 1642; x_wconf 85' lang='lat' dir='ltr'>aedificationis</span> <span class='ocrx_word' id='word_1_232' title='bbox 448 1614 552 1639; x_wconf 85' lang='lat' dir='ltr'>metas</span> <span class='ocrx_word' id='word_1_233' title='bbox 575 1620 609 1640; x_wconf 82' lang='lat' dir='ltr'>se</span> <span class='ocrx_word' id='word_1_234' title='bbox 632 1609 807 1640; x_wconf 81' lang='lat' dir='ltr'>continere.</span> <span class='ocrx_word' id='word_1_235' title='bbox 853 1609 897 1640; x_wconf 88' lang='lat' dir='ltr'>Et</span> <span class='ocrx_word' id='word_1_236' title='bbox 921 1608 1044 1648; x_wconf 89' lang='lat' dir='ltr'>puerile</span> <span class='ocrx_word' id='word_1_237' title='bbox 1068 1612 1160 1644; x_wconf 86' lang='lat' dir='ltr'>esset,</span> 
     </span>
     <span class='ocr_line' id='line_1_34' title="bbox 192 1650 1161 1692; baseline -0.004 -8"><span class='ocrx_word' id='word_1_238' title='bbox 192 1654 347 1684; x_wconf 80' lang='lat' dir='ltr'>minutias</span> <span class='ocrx_word' id='word_1_239' title='bbox 371 1652 536 1692; x_wconf 80' lang='lat' dir='ltr'>colligere,</span> <span class='ocrx_word' id='word_1_240' title='bbox 560 1653 593 1682; x_wconf 94' lang='lat' dir='ltr'>in</span> <span class='ocrx_word' id='word_1_241' title='bbox 618 1653 733 1692; x_wconf 85' lang='lat' dir='ltr'>quibus</span> <span class='ocrx_word' id='word_1_242' title='bbox 757 1652 901 1692; x_wconf 88' lang='lat' dir='ltr'>plerique</span> <span class='ocrx_word' id='word_1_243' title='bbox 931 1650 1161 1691; x_wconf 86' lang='lat' dir='ltr'>philosophan-</span> 
     </span>
     <span class='ocr_line' id='line_1_35' title="bbox 192 1693 1162 1735; baseline -0.003 -9"><span class='ocrx_word' id='word_1_244' title='bbox 192 1704 261 1727; x_wconf 85' lang='lat' dir='ltr'>tur:</span> <span class='ocrx_word' id='word_1_245' title='bbox 286 1706 384 1735; x_wconf 87' lang='lat' dir='ltr'>quum</span> <span class='ocrx_word' id='word_1_246' title='bbox 408 1695 477 1726; x_wconf 83' lang='lat' dir='ltr'>Deo</span> <span class='ocrx_word' id='word_1_247' title='bbox 502 1695 633 1725; x_wconf 90' lang='lat' dir='ltr'>minime</span> <span class='ocrx_word' id='word_1_248' title='bbox 657 1695 856 1735; x_wconf 86' lang='lat' dir='ltr'>propositum</span> <span class='ocrx_word' id='word_1_249' title='bbox 880 1694 993 1732; x_wconf 87' lang='lat' dir='ltr'>fuerit,</span> <span class='ocrx_word' id='word_1_250' title='bbox 1024 1693 1162 1734; x_wconf 86' lang='lat' dir='ltr'>singulis</span> 
     </span>
     <span class='ocr_line' id='line_1_36' title="bbox 194 1738 1162 1778; baseline -0.003 -9"><span class='ocrx_word' id='word_1_251' title='bbox 194 1740 321 1770; x_wconf 77' lang='lat' dir='ltr'>uncinis</span> <span class='ocrx_word' id='word_1_252' title='bbox 344 1744 375 1769; x_wconf 83' lang='lat' dir='ltr'>et</span> <span class='ocrx_word' id='word_1_253' title='bbox 405 1738 560 1778; x_wconf 86' lang='lat' dir='ltr'>laqueolis</span> <span class='ocrx_word' id='word_1_254' title='bbox 591 1738 758 1769; x_wconf 83' lang='lat' dir='ltr'>includere</span> <span class='ocrx_word' id='word_1_255' title='bbox 782 1738 947 1778; x_wconf 76' lang='lat' dir='ltr'>mysteria.</span> <span class='ocrx_word' id='word_1_256' title='bbox 994 1738 1101 1776; x_wconf 88' lang='lat' dir='ltr'>Atque</span> <span class='ocrx_word' id='word_1_257' title='bbox 1127 1739 1162 1766; x_wconf 86' lang='lat' dir='ltr'>ut</span> 
     </span>
     <span class='ocr_line' id='line_1_37' title="bbox 194 1780 1162 1822; baseline -0.003 -10"><span class='ocrx_word' id='word_1_258' title='bbox 194 1782 283 1813; x_wconf 90' lang='lat' dir='ltr'>nulla</span> <span class='ocrx_word' id='word_1_259' title='bbox 303 1792 377 1821; x_wconf 86' lang='lat' dir='ltr'>pars</span> <span class='ocrx_word' id='word_1_260' title='bbox 397 1781 532 1822; x_wconf 85' lang='lat' dir='ltr'>mystico</span> <span class='ocrx_word' id='word_1_261' title='bbox 552 1792 649 1812; x_wconf 80' lang='lat' dir='ltr'>sensu</span> <span class='ocrx_word' id='word_1_262' title='bbox 669 1782 809 1812; x_wconf 84' lang='lat' dir='ltr'>caruerit</span> <span class='ocrx_word' id='word_1_263' title='bbox 822 1780 920 1822; x_wconf 90' lang='lat' dir='ltr'>(quod</span> <span class='ocrx_word' id='word_1_264' title='bbox 940 1787 1049 1811; x_wconf 88' lang='lat' dir='ltr'>tamen</span> <span class='ocrx_word' id='word_1_265' title='bbox 1068 1789 1162 1810; x_wconf 88' lang='lat' dir='ltr'>nemo</span> 
     </span>
     <span class='ocr_line' id='line_1_38' title="bbox 194 1821 1162 1864; baseline -0.003 -9"><span class='ocrx_word' id='word_1_266' title='bbox 194 1835 291 1856; x_wconf 88' lang='lat' dir='ltr'>sanus</span> <span class='ocrx_word' id='word_1_267' title='bbox 315 1823 476 1864; x_wconf 88' lang='lat' dir='ltr'>admittet)</span> <span class='ocrx_word' id='word_1_268' title='bbox 505 1828 647 1863; x_wconf 86' lang='lat' dir='ltr'>praestat</span> <span class='ocrx_word' id='word_1_269' title='bbox 677 1824 840 1855; x_wconf 88' lang='lat' dir='ltr'>inscitiam</span> <span class='ocrx_word' id='word_1_270' title='bbox 871 1823 966 1854; x_wconf 84' lang='lat' dir='ltr'>fateri</span> <span class='ocrx_word' id='word_1_271' title='bbox 989 1832 1084 1863; x_wconf 88' lang='lat' dir='ltr'>quam</span> <span class='ocrx_word' id='word_1_272' title='bbox 1108 1821 1162 1852; x_wconf 87' lang='lat' dir='ltr'>fri-</span> 
     </span>
     <span class='ocr_line' id='line_1_39' title="bbox 195 1865 1162 1899; baseline -0.003 -1"><span class='ocrx_word' id='word_1_273' title='bbox 195 1868 278 1899; x_wconf 75' lang='lat' dir='ltr'>volis</span> <span class='ocrx_word' id='word_1_274' title='bbox 301 1866 553 1898; x_wconf 81' lang='lat' dir='ltr'>divinationibus</span> <span class='ocrx_word' id='word_1_275' title='bbox 577 1867 697 1897; x_wconf 89' lang='lat' dir='ltr'>ludere.</span> <span class='ocrx_word' id='word_1_276' title='bbox 733 1867 834 1898; x_wconf 90' lang='lat' dir='ltr'>Cuius</span> <span class='ocrx_word' id='word_1_277' title='bbox 858 1867 957 1897; x_wconf 90' lang='lat' dir='ltr'>etiam</span> <span class='ocrx_word' id='word_1_278' title='bbox 980 1865 1162 1897; x_wconf 76' lang='lat' dir='ltr'>sobrietatis</span> 
     </span>
     <span class='ocr_line' id='line_1_40' title="bbox 195 1907 1162 1950; baseline -0.003 -9"><span class='ocrx_word' id='word_1_279' title='bbox 195 1911 329 1941; x_wconf 86' lang='lat' dir='ltr'>idoneus</span> <span class='ocrx_word' id='word_1_280' title='bbox 354 1909 445 1940; x_wconf 89' lang='lat' dir='ltr'>nobis</span> <span class='ocrx_word' id='word_1_281' title='bbox 468 1916 517 1940; x_wconf 87' lang='lat' dir='ltr'>est</span> <span class='ocrx_word' id='word_1_282' title='bbox 547 1911 702 1950; x_wconf 86' lang='lat' dir='ltr'>magister</span> <span class='ocrx_word' id='word_1_283' title='bbox 732 1916 825 1941; x_wconf 91' lang='lat' dir='ltr'>autor</span> <span class='ocrx_word' id='word_1_284' title='bbox 855 1908 1010 1949; x_wconf 88' lang='lat' dir='ltr'>epistolae</span> <span class='ocrx_word' id='word_1_285' title='bbox 1033 1907 1072 1938; x_wconf 90' lang='lat' dir='ltr'>ad</span> <span class='ocrx_word' id='word_1_286' title='bbox 1096 1907 1162 1938; x_wconf 89' lang='lat' dir='ltr'>He-</span> 
     </span>
     <span class='ocr_line' id='line_1_41' title="bbox 195 1951 1162 1993; baseline -0.004 -9"><span class='ocrx_word' id='word_1_287' title='bbox 195 1954 323 1984; x_wconf 84' lang='lat' dir='ltr'>braeos:</span> <span class='ocrx_word' id='word_1_288' title='bbox 353 1953 406 1992; x_wconf 88' lang='lat' dir='ltr'>qui</span> <span class='ocrx_word' id='word_1_289' title='bbox 432 1954 560 1983; x_wconf 85' lang='lat' dir='ltr'>tametsi</span> <span class='ocrx_word' id='word_1_290' title='bbox 585 1964 623 1983; x_wconf 86' lang='lat' dir='ltr'>ex</span> <span class='ocrx_word' id='word_1_291' title='bbox 648 1953 792 1992; x_wconf 82' lang='lat' dir='ltr'>professo</span> <span class='ocrx_word' id='word_1_292' title='bbox 825 1952 1007 1993; x_wconf 82' lang='lat' dir='ltr'>analogiam</span> <span class='ocrx_word' id='word_1_293' title='bbox 1032 1951 1162 1981; x_wconf 89' lang='lat' dir='ltr'>demon-</span> 
     </span>
     <span class='ocr_line' id='line_1_42' title="bbox 196 1993 1163 2035; baseline -0.004 -8"><span class='ocrx_word' id='word_1_294' title='bbox 196 2002 277 2028; x_wconf 85' lang='lat' dir='ltr'>strat</span> <span class='ocrx_word' id='word_1_295' title='bbox 306 1997 390 2026; x_wconf 90' lang='lat' dir='ltr'>inter</span> <span class='ocrx_word' id='word_1_296' title='bbox 420 1995 550 2026; x_wconf 90' lang='lat' dir='ltr'>umbras</span> <span class='ocrx_word' id='word_1_297' title='bbox 575 1995 696 2035; x_wconf 85' lang='lat' dir='ltr'>legales</span> <span class='ocrx_word' id='word_1_298' title='bbox 719 2001 752 2026; x_wconf 90' lang='lat' dir='ltr'>et</span> <span class='ocrx_word' id='word_1_299' title='bbox 775 1996 949 2026; x_wconf 82' lang='lat' dir='ltr'>veritatem</span> <span class='ocrx_word' id='word_1_300' title='bbox 972 1996 1005 2025; x_wconf 90' lang='lat' dir='ltr'>in</span> <span class='ocrx_word' id='word_1_301' title='bbox 1030 1993 1163 2025; x_wconf 87' lang='lat' dir='ltr'>Christo</span> 
     </span>
     <span class='ocr_line' id='line_1_43' title="bbox 195 2037 1164 2079; baseline -0.004 -9"><span class='ocrx_word' id='word_1_302' title='bbox 195 2040 407 2079; x_wconf 68' lang='lat' dir='ltr'>patefiet-am,</span> <span class='ocrx_word' id='word_1_303' title='bbox 442 2049 536 2078; x_wconf 83' lang='lat' dir='ltr'>parce</span> <span class='ocrx_word' id='word_1_304' title='bbox 561 2045 669 2069; x_wconf 79' lang='lat' dir='ltr'>tamen</span> <span class='ocrx_word' id='word_1_305' title='bbox 693 2039 850 2078; x_wconf 86' lang='lat' dir='ltr'>quaedam</span> <span class='ocrx_word' id='word_1_306' title='bbox 875 2038 1036 2069; x_wconf 79' lang='lat' dir='ltr'>duntaxat</span> <span class='ocrx_word' id='word_1_307' title='bbox 1059 2037 1164 2076; x_wconf 88' lang='lat' dir='ltr'>capita</span> 
     </span>
     <span class='ocr_line' id='line_1_44' title="bbox 196 2079 1164 2122; baseline -0.003 -10"><span class='ocrx_word' id='word_1_308' title='bbox 196 2082 344 2122; x_wconf 78' lang='lat' dir='ltr'>attingit:</span> <span class='ocrx_word' id='word_1_309' title='bbox 375 2092 470 2121; x_wconf 86' lang='lat' dir='ltr'>quem</span> <span class='ocrx_word' id='word_1_310' title='bbox 501 2082 633 2112; x_wconf 83' lang='lat' dir='ltr'>modum</span> <span class='ocrx_word' id='word_1_311' title='bbox 665 2081 820 2117; x_wconf 77' lang='lat' dir='ltr'>tenendo,</span> <span class='ocrx_word' id='word_1_312' title='bbox 845 2093 863 2112; x_wconf 92' lang='lat' dir='ltr'>a</span> <span class='ocrx_word' id='word_1_313' title='bbox 887 2082 987 2111; x_wconf 86' lang='lat' dir='ltr'>nimia</span> <span class='ocrx_word' id='word_1_314' title='bbox 1016 2079 1164 2119; x_wconf 89' lang='lat' dir='ltr'>disquisi-</span> 
     </span>
     <span class='ocr_line' id='line_1_45' title="bbox 197 2121 1164 2164; baseline -0.004 -9"><span class='ocrx_word' id='word_1_315' title='bbox 197 2126 297 2163; x_wconf 84' lang='lat' dir='ltr'>tione,</span> <span class='ocrx_word' id='word_1_316' title='bbox 329 2130 360 2155; x_wconf 88' lang='lat' dir='ltr'>et</span> <span class='ocrx_word' id='word_1_317' title='bbox 383 2124 456 2155; x_wconf 85' lang='lat' dir='ltr'>altis</span> <span class='ocrx_word' id='word_1_318' title='bbox 480 2124 754 2164; x_wconf 83' lang='lat' dir='ltr'>speculationibus</span> <span class='ocrx_word' id='word_1_319' title='bbox 778 2136 836 2155; x_wconf 83' lang='lat' dir='ltr'>nos</span> <span class='ocrx_word' id='word_1_320' title='bbox 860 2124 1006 2155; x_wconf 81' lang='lat' dir='ltr'>retrahit.</span> <span class='ocrx_word' id='word_1_321' title='bbox 1054 2121 1164 2153; x_wconf 89' lang='lat' dir='ltr'>Primo</span> 
     </span>
     <span class='ocr_line' id='line_1_46' title="bbox 197 2164 1164 2207; baseline -0.004 -9"><span class='ocrx_word' id='word_1_322' title='bbox 197 2168 264 2198; x_wconf 73' lang='lat' dir='ltr'>locu</span> <span class='ocrx_word' id='word_1_323' title='bbox 288 2173 454 2207; x_wconf 88' lang='lat' dir='ltr'>ponuntur</span> <span class='ocrx_word' id='word_1_324' title='bbox 475 2168 616 2198; x_wconf 85' lang='lat' dir='ltr'>cortinae</span> <span class='ocrx_word' id='word_1_325' title='bbox 641 2178 680 2198; x_wconf 77' lang='lat' dir='ltr'>ex</span> <span class='ocrx_word' id='word_1_326' title='bbox 707 2167 801 2207; x_wconf 70' lang='lat' dir='ltr'>bysso</span> <span class='ocrx_word' id='word_1_327' title='bbox 826 2173 954 2204; x_wconf 83' lang='lat' dir='ltr'>retorta,</span> <span class='ocrx_word' id='word_1_328' title='bbox 979 2164 1164 2207; x_wconf 69' lang='lat' dir='ltr'>hyacintho,</span> 
     </span>
     <span class='ocr_line' id='line_1_47' title="bbox 197 2208 1164 2250; baseline -0.004 -9"><span class='ocrx_word' id='word_1_329' title='bbox 197 2222 348 2250; x_wconf 75' lang='lat' dir='ltr'>purpura,</span> <span class='ocrx_word' id='word_1_330' title='bbox 373 2216 404 2241; x_wconf 85' lang='lat' dir='ltr'>et</span> <span class='ocrx_word' id='word_1_331' title='bbox 424 2210 569 2241; x_wconf 83' lang='lat' dir='ltr'>coccino:</span> <span class='ocrx_word' id='word_1_332' title='bbox 593 2221 674 2250; x_wconf 88' lang='lat' dir='ltr'>quae</span> <span class='ocrx_word' id='word_1_333' title='bbox 694 2210 788 2241; x_wconf 89' lang='lat' dir='ltr'>simul</span> <span class='ocrx_word' id='word_1_334' title='bbox 809 2220 973 2241; x_wconf 76' lang='lat' dir='ltr'>connexae</span> <span class='ocrx_word' id='word_1_335' title='bbox 995 2208 1164 2240; x_wconf 89' lang='lat' dir='ltr'>circuitum</span> 
     </span>
     <span class='ocr_line' id='line_1_48' title="bbox 197 2250 1164 2293; baseline -0.004 -10"><span class='ocrx_word' id='word_1_336' title='bbox 197 2254 355 2284; x_wconf 76' lang='lat' dir='ltr'>faciebant</span> <span class='ocrx_word' id='word_1_337' title='bbox 397 2253 615 2293; x_wconf 81' lang='lat' dir='ltr'>quadraginta</span> <span class='ocrx_word' id='word_1_338' title='bbox 659 2253 850 2284; x_wconf 89' lang='lat' dir='ltr'>cubitorum.</span> <span class='ocrx_word' id='word_1_339' title='bbox 915 2253 1034 2283; x_wconf 85' lang='lat' dir='ltr'>Decem</span> <span class='ocrx_word' id='word_1_340' title='bbox 1079 2250 1164 2280; x_wconf 89' lang='lat' dir='ltr'>enim</span> 
     </span>
     <span class='ocr_line' id='line_1_49' title="bbox 198 2292 1164 2336; baseline -0.006 -9"><span class='ocrx_word' id='word_1_341' title='bbox 198 2304 290 2327; x_wconf 79' lang='lat' dir='ltr'>erant</span> <span class='ocrx_word' id='word_1_342' title='bbox 315 2307 462 2333; x_wconf 85' lang='lat' dir='ltr'>numero,</span> <span class='ocrx_word' id='word_1_343' title='bbox 494 2304 525 2326; x_wconf 88' lang='lat' dir='ltr'>et</span> <span class='ocrx_word' id='word_1_344' title='bbox 548 2297 703 2336; x_wconf 86' lang='lat' dir='ltr'>cuiusque</span> <span class='ocrx_word' id='word_1_345' title='bbox 727 2296 863 2327; x_wconf 84' lang='lat' dir='ltr'>latitudo</span> <span class='ocrx_word' id='word_1_346' title='bbox 894 2300 1032 2336; x_wconf 90' lang='lat' dir='ltr'>quatuor</span> <span class='ocrx_word' id='word_1_347' title='bbox 1055 2292 1164 2325; x_wconf 87' lang='lat' dir='ltr'>cubiti.</span> 
     </span>
     <span class='ocr_line' id='line_1_50' title="bbox 198 2335 1165 2379; baseline -0.005 -10"><span class='ocrx_word' id='word_1_348' title='bbox 198 2340 261 2369; x_wconf 72' lang='lat' dir='ltr'>Per</span> <span class='ocrx_word' id='word_1_349' title='bbox 295 2350 374 2379; x_wconf 88' lang='lat' dir='ltr'>opus</span> <span class='ocrx_word' id='word_1_350' title='bbox 413 2339 558 2375; x_wconf 82' lang='lat' dir='ltr'>artificis,</span> <span class='ocrx_word' id='word_1_351' title='bbox 594 2340 801 2370; x_wconf 88' lang='lat' dir='ltr'>consentiunt</span> <span class='ocrx_word' id='word_1_352' title='bbox 834 2339 1027 2379; x_wconf 48' lang='lat' dir='ltr'>interpretes</span> <span class='ocrx_word' id='word_1_353' title='bbox 1061 2335 1165 2367; x_wconf 86' lang='lat' dir='ltr'>notari</span> 
     </span>
     <span class='ocr_line' id='line_1_51' title="bbox 200 2378 1167 2422; baseline -0.005 -10"><span class='ocrx_word' id='word_1_354' title='bbox 200 2382 445 2421; x_wconf 65' lang='lat' dir='ltr'>plirygionicaxn</span> <span class='ocrx_word' id='word_1_355' title='bbox 486 2387 668 2412; x_wconf 83' lang='lat' dir='ltr'>texturam:</span> <span class='ocrx_word' id='word_1_356' title='bbox 709 2383 881 2422; x_wconf 85' lang='lat' dir='ltr'>praecipue</span> <span class='ocrx_word' id='word_1_357' title='bbox 921 2391 1019 2421; x_wconf 92' lang='lat' dir='ltr'>quum</span> <span class='ocrx_word' id='word_1_358' title='bbox 1060 2378 1167 2409; x_wconf 87' lang='lat' dir='ltr'>iubeat</span> 
     </span>
     <span class='ocr_line' id='line_1_52' title="bbox 200 2420 1166 2457; baseline -0.005 -2"><span class='ocrx_word' id='word_1_359' title='bbox 200 2426 289 2455; x_wconf 74' lang='lat' dir='ltr'>Deus</span> <span class='ocrx_word' id='word_1_360' title='bbox 313 2424 491 2457; x_wconf 85' lang='lat' dir='ltr'>Cherubim</span> <span class='ocrx_word' id='word_1_361' title='bbox 522 2426 554 2455; x_wconf 89' lang='lat' dir='ltr'>in</span> <span class='ocrx_word' id='word_1_362' title='bbox 584 2425 647 2455; x_wconf 91' lang='lat' dir='ltr'>illis</span> <span class='ocrx_word' id='word_1_363' title='bbox 678 2425 756 2456; x_wconf 87' lang='lat' dir='ltr'>fieri.</span> <span class='ocrx_word' id='word_1_364' title='bbox 804 2425 903 2455; x_wconf 88' lang='lat' dir='ltr'>Porro</span> <span class='ocrx_word' id='word_1_365' title='bbox 934 2434 1051 2454; x_wconf 89' lang='lat' dir='ltr'>nomen</span> <span class='ocrx_word' id='word_1_366' title='bbox 1081 2420 1166 2452; x_wconf 90' lang='lat' dir='ltr'>Che-</span> 
     </span>
     <span class='ocr_line' id='line_1_53' title="bbox 200 2467 1165 2507; baseline -0.005 -10"><span class='ocrx_word' id='word_1_367' title='bbox 200 2468 305 2498; x_wconf 82' lang='lat' dir='ltr'>rubim</span> <span class='ocrx_word' id='word_1_368' title='bbox 344 2467 474 2507; x_wconf 86' lang='lat' dir='ltr'>quidam</span> <span class='ocrx_word' id='word_1_369' title='bbox 508 2468 650 2507; x_wconf 80' lang='lat' dir='ltr'>generali</span> <span class='ocrx_word' id='word_1_370' title='bbox 685 2468 814 2498; x_wconf 89' lang='lat' dir='ltr'>nomine</span> <span class='ocrx_word' id='word_1_371' title='bbox 850 2472 981 2498; x_wconf 87' lang='lat' dir='ltr'>vertunt</span> <span class='ocrx_word' id='word_1_372' title='bbox 1014 2467 1165 2506; x_wconf 84' lang='lat' dir='ltr'>picturas,</span> 
     </span>
     <span class='ocr_line' id='line_1_54' title="bbox 201 2505 1167 2551; baseline -0.004 -11"><span class='ocrx_word' id='word_1_373' title='bbox 201 2509 284 2549; x_wconf 82' lang='lat' dir='ltr'>quod</span> <span class='ocrx_word' id='word_1_374' title='bbox 326 2511 453 2541; x_wconf 77' lang='lat' dir='ltr'>tametsi</span> <span class='ocrx_word' id='word_1_375' title='bbox 494 2511 672 2541; x_wconf 86' lang='lat' dir='ltr'>secundum</span> <span class='ocrx_word' id='word_1_376' title='bbox 707 2511 952 2551; x_wconf 82' lang='lat' dir='ltr'>grammaticam</span> <span class='ocrx_word' id='word_1_377' title='bbox 986 2520 1048 2539; x_wconf 92' lang='lat' dir='ltr'>non</span> <span class='ocrx_word' id='word_1_378' title='bbox 1084 2505 1167 2537; x_wconf 86' lang='lat' dir='ltr'>male</span> 
     </span>
     <span class='ocr_line' id='line_1_55' title="bbox 201 2548 1165 2592; baseline -0.002 -10"><span class='ocrx_word' id='word_1_379' title='bbox 201 2554 366 2587; x_wconf 75' lang='lat' dir='ltr'>convenit,</span> <span class='ocrx_word' id='word_1_380' title='bbox 397 2554 471 2592; x_wconf 83' lang='lat' dir='ltr'>quia</span> <span class='ocrx_word' id='word_1_381' title='bbox 500 2561 609 2584; x_wconf 83' lang='lat' dir='ltr'>tamen</span> <span class='ocrx_word' id='word_1_382' title='bbox 641 2560 714 2584; x_wconf 87' lang='lat' dir='ltr'>ante</span> <span class='ocrx_word' id='word_1_383' title='bbox 738 2554 896 2590; x_wconf 80' lang='lat' dir='ltr'>vidimus,</span> <span class='ocrx_word' id='word_1_384' title='bbox 928 2553 988 2583; x_wconf 82' lang='lat' dir='ltr'>hac</span> <span class='ocrx_word' id='word_1_385' title='bbox 1012 2561 1089 2583; x_wconf 87' lang='lat' dir='ltr'>voce</span> <span class='ocrx_word' id='word_1_386' title='bbox 1113 2548 1165 2579; x_wconf 86' lang='lat' dir='ltr'>dc-</span> 
     </span>
     <span class='ocr_line' id='line_1_56' title="bbox 201 2592 1167 2639; baseline -0.002 -14"><span class='ocrx_word' id='word_1_387' title='bbox 201 2596 343 2628; x_wconf 55' lang='lat' dir='ltr'>signatos</span> <span class='ocrx_word' id='word_1_388' title='bbox 387 2596 484 2626; x_wconf 80' lang='lat' dir='ltr'>fuisse</span> <span class='ocrx_word' id='word_1_389' title='bbox 525 2597 673 2636; x_wconf 80' lang='lat' dir='ltr'>angelos,</span> <span class='ocrx_word' id='word_1_390' title='bbox 717 2596 925 2627; x_wconf 78' lang='lat' dir='ltr'>verisimilius</span> <span class='ocrx_word' id='word_1_391' title='bbox 969 2599 1016 2626; x_wconf 84' lang='lat' dir='ltr'>est</span> <span class='ocrx_word' id='word_1_392' title='bbox 1051 2592 1167 2639; x_wconf 80' lang='lat' dir='ltr'>ubique</span> 
     </span>
     <span class='ocr_line' id='line_1_57' title="bbox 202 2639 1168 2680; baseline 0 -12"><span class='ocrx_word' id='word_1_393' title='bbox 202 2650 328 2677; x_wconf 59' lang='lat' dir='ltr'>sparsas</span> <span class='ocrx_word' id='word_1_394' title='bbox 352 2639 512 2679; x_wconf 77' lang='lat' dir='ltr'>angelicas</span> <span class='ocrx_word' id='word_1_395' title='bbox 532 2640 673 2679; x_wconf 74' lang='lat' dir='ltr'>effigies:</span> <span class='ocrx_word' id='word_1_396' title='bbox 698 2640 772 2680; x_wconf 88' lang='lat' dir='ltr'>quia</span> <span class='ocrx_word' id='word_1_397' title='bbox 793 2639 847 2670; x_wconf 88' lang='lat' dir='ltr'>ubi</span> <span class='ocrx_word' id='word_1_398' title='bbox 867 2639 907 2670; x_wconf 87' lang='lat' dir='ltr'>ad</span> <span class='ocrx_word' id='word_1_399' title='bbox 927 2639 1039 2670; x_wconf 85' lang='lat' dir='ltr'>vivum</span> <span class='ocrx_word' id='word_1_400' title='bbox 1061 2645 1168 2674; x_wconf 73' lang='lat' dir='ltr'>cxpm-</span> 
     </span>
    </p>
   </div>
   <div class='ocr_carea' id='block_1_3' title="bbox 884 185 1483 221">
    <p class='ocr_par' dir='ltr' id='par_1_3' title="bbox 884 185 1483 221">
     <span class='ocr_line' id='line_1_58' title="bbox 884 185 1483 221; baseline 0.002 -3"><span class='ocrx_word' id='word_1_401' title='bbox 884 185 1139 221; x_wconf 83' lang='lat' dir='ltr'>SECUNDUM</span> <span class='ocrx_word' id='word_1_402' title='bbox 1163 187 1483 220; x_wconf 78' lang='lat' dir='ltr'>PRAEOEPTUM.</span> 
     </span>
    </p>
   </div>
   <div class='ocr_carea' id='block_1_4' title="bbox 1182 465 1190 1242">
    <p class='ocr_par' dir='ltr' id='par_1_4' title="bbox 1182 465 1190 1242">
     <span class='ocr_line' id='line_1_59' title="bbox 1182 465 1190 1242; baseline 0 0"><span class='ocrx_word' id='word_1_403' title='bbox 1182 465 1190 1242; x_wconf 95' lang='lat' dir='ltr'> </span> 
     </span>
    </p>
   </div>
   <div class='ocr_carea' id='block_1_5' title="bbox 1185 1422 1194 2659">
    <p class='ocr_par' dir='ltr' id='par_1_5' title="bbox 1185 1422 1194 2659">
     <span class='ocr_line' id='line_1_60' title="bbox 1185 1422 1194 2659; baseline 0 0"><span class='ocrx_word' id='word_1_404' title='bbox 1185 1422 1194 2659; x_wconf 95' lang='lat' dir='ltr'> </span> 
     </span>
    </p>
   </div>
   <div class='ocr_carea' id='block_1_6' title="bbox 2115 188 2178 220">
    <p class='ocr_par' dir='ltr' id='par_1_6' title="bbox 2115 188 2178 220">
     <span class='ocr_line' id='line_1_61' title="bbox 2115 188 2178 220; baseline 0.016 -1"><span class='ocrx_word' id='word_1_405' title='bbox 2115 188 2178 220; x_wconf 88' lang='lat'>416</span> 
     </span>
    </p>
   </div>
   <div class='ocr_carea' id='block_1_7' title="bbox 1210 280 2181 1050">
    <p class='ocr_par' dir='ltr' id='par_1_7' title="bbox 1210 280 2181 1050">
     <span class='ocr_line' id='line_1_62' title="bbox 1212 280 2178 322; baseline 0.002 -11"><span class='ocrx_word' id='word_1_406' title='bbox 1212 281 1312 312; x_wconf 89' lang='lat' dir='ltr'>mitur</span> <span class='ocrx_word' id='word_1_407' title='bbox 1340 281 1401 312; x_wconf 89' lang='lat' dir='ltr'>Dei</span> <span class='ocrx_word' id='word_1_408' title='bbox 1432 282 1583 313; x_wconf 87' lang='lat' dir='ltr'>maiestas</span> <span class='ocrx_word' id='word_1_409' title='bbox 1614 292 1632 312; x_wconf 90' lang='lat' dir='ltr'>a</span> <span class='ocrx_word' id='word_1_410' title='bbox 1655 280 1808 317; x_wconf 85' lang='lat' dir='ltr'>Daniele,</span> <span class='ocrx_word' id='word_1_411' title='bbox 1839 281 1990 312; x_wconf 87' lang='lat' dir='ltr'>dicuntur</span> <span class='ocrx_word' id='word_1_412' title='bbox 2014 281 2178 322; x_wconf 85' lang='lat' dir='ltr'>myriades</span> 
     </span>
     <span class='ocr_line' id='line_1_63' title="bbox 1212 323 2177 364; baseline 0.003 -10"><span class='ocrx_word' id='word_1_413' title='bbox 1212 323 1395 364; x_wconf 72' lang='lat' dir='ltr'>myriadum</span> <span class='ocrx_word' id='word_1_414' title='bbox 1427 329 1532 355; x_wconf 86' lang='lat' dir='ltr'>astare</span> <span class='ocrx_word' id='word_1_415' title='bbox 1561 324 1600 355; x_wconf 83' lang='lat' dir='ltr'>ad</span> <span class='ocrx_word' id='word_1_416' title='bbox 1624 325 1693 354; x_wconf 88' lang='lat' dir='ltr'>eius</span> <span class='ocrx_word' id='word_1_417' title='bbox 1716 323 1860 354; x_wconf 87' lang='lat' dir='ltr'>tribunal</span> <span class='ocrx_word' id='word_1_418' title='bbox 1882 324 1917 354; x_wconf 89' lang='lat' dir='ltr'>in</span> <span class='ocrx_word' id='word_1_419' title='bbox 1940 328 2006 355; x_wconf 89' lang='lat' dir='ltr'>toto</span> <span class='ocrx_word' id='word_1_420' title='bbox 2029 324 2177 357; x_wconf 86' lang='lat' dir='ltr'>circuitu.</span> 
     </span>
     <span class='ocr_line' id='line_1_64' title="bbox 1212 365 2178 406; baseline 0.002 -10"><span class='ocrx_word' id='word_1_421' title='bbox 1212 366 1352 398; x_wconf 86' lang='lat' dir='ltr'>Ridiculi</span> <span class='ocrx_word' id='word_1_422' title='bbox 1378 377 1453 398; x_wconf 88' lang='lat' dir='ltr'>vero</span> <span class='ocrx_word' id='word_1_423' title='bbox 1477 368 1637 406; x_wconf 87' lang='lat' dir='ltr'>papistae,</span> <span class='ocrx_word' id='word_1_424' title='bbox 1661 367 1715 405; x_wconf 91' lang='lat' dir='ltr'>qui</span> <span class='ocrx_word' id='word_1_425' title='bbox 1740 365 1815 396; x_wconf 88' lang='lat' dir='ltr'>inde</span> <span class='ocrx_word' id='word_1_426' title='bbox 1836 366 2009 406; x_wconf 86' lang='lat' dir='ltr'>colligunt,</span> <span class='ocrx_word' id='word_1_427' title='bbox 2032 372 2123 398; x_wconf 90' lang='lat' dir='ltr'>vasta</span> <span class='ocrx_word' id='word_1_428' title='bbox 2146 372 2178 398; x_wconf 87' lang='lat' dir='ltr'>et</span> 
     </span>
     <span class='ocr_line' id='line_1_65' title="bbox 1212 408 2178 449; baseline 0.001 -9"><span class='ocrx_word' id='word_1_429' title='bbox 1212 409 1366 440; x_wconf 86' lang='lat' dir='ltr'>deformia</span> <span class='ocrx_word' id='word_1_430' title='bbox 1401 420 1469 440; x_wconf 88' lang='lat' dir='ltr'>esse</span> <span class='ocrx_word' id='word_1_431' title='bbox 1504 409 1637 449; x_wconf 89' lang='lat' dir='ltr'>templa,</span> <span class='ocrx_word' id='word_1_432' title='bbox 1680 408 1743 439; x_wconf 89' lang='lat' dir='ltr'>nisi</span> <span class='ocrx_word' id='word_1_433' title='bbox 1778 408 1972 448; x_wconf 78' lang='lat' dir='ltr'>imaginibus</span> <span class='ocrx_word' id='word_1_434' title='bbox 2011 415 2178 442; x_wconf 86' lang='lat' dir='ltr'>ornentur.</span> 
     </span>
     <span class='ocr_line' id='line_1_66' title="bbox 1211 451 2179 491; baseline 0.001 -9"><span class='ocrx_word' id='word_1_435' title='bbox 1211 451 1295 482; x_wconf 87' lang='lat' dir='ltr'>Nam</span> <span class='ocrx_word' id='word_1_436' title='bbox 1314 458 1350 483; x_wconf 88' lang='lat' dir='ltr'>ut</span> <span class='ocrx_word' id='word_1_437' title='bbox 1369 452 1541 483; x_wconf 83' lang='lat' dir='ltr'>conveniat</span> <span class='ocrx_word' id='word_1_438' title='bbox 1559 451 1750 482; x_wconf 89' lang='lat' dir='ltr'>similitudo:</span> <span class='ocrx_word' id='word_1_439' title='bbox 1772 451 1892 491; x_wconf 87' lang='lat' dir='ltr'>triplici</span> <span class='ocrx_word' id='word_1_440' title='bbox 1906 456 2091 491; x_wconf 80' lang='lat' dir='ltr'>tegumento</span> <span class='ocrx_word' id='word_1_441' title='bbox 2104 463 2179 483; x_wconf 85' lang='lat' dir='ltr'>suas</span> 
     </span>
     <span class='ocr_line' id='line_1_67' title="bbox 1211 495 2180 535; baseline 0.002 -11"><span class='ocrx_word' id='word_1_442' title='bbox 1211 495 1368 535; x_wconf 85' lang='lat' dir='ltr'>imagines</span> <span class='ocrx_word' id='word_1_443' title='bbox 1400 496 1561 526; x_wconf 78' lang='lat' dir='ltr'>occultent</span> <span class='ocrx_word' id='word_1_444' title='bbox 1584 505 1714 525; x_wconf 87' lang='lat' dir='ltr'>necesse</span> <span class='ocrx_word' id='word_1_445' title='bbox 1738 499 1795 531; x_wconf 86' lang='lat' dir='ltr'>est,</span> <span class='ocrx_word' id='word_1_446' title='bbox 1821 504 1861 524; x_wconf 90' lang='lat' dir='ltr'>ne</span> <span class='ocrx_word' id='word_1_447' title='bbox 1885 495 2022 525; x_wconf 88' lang='lat' dir='ltr'>veniant</span> <span class='ocrx_word' id='word_1_448' title='bbox 2044 495 2102 526; x_wconf 92' lang='lat' dir='ltr'>sub</span> <span class='ocrx_word' id='word_1_449' title='bbox 2124 505 2180 534; x_wconf 90' lang='lat' dir='ltr'>po-</span> 
     </span>
     <span class='ocr_line' id='line_1_68' title="bbox 1211 537 2180 577; baseline 0.001 -10"><span class='ocrx_word' id='word_1_450' title='bbox 1211 537 1279 577; x_wconf 91' lang='lat' dir='ltr'>puli</span> <span class='ocrx_word' id='word_1_451' title='bbox 1304 544 1519 577; x_wconf 79' lang='lat' dir='ltr'>conspectum.</span> <span class='ocrx_word' id='word_1_452' title='bbox 1561 538 1652 568; x_wconf 81' lang='lat' dir='ltr'>Tunc</span> <span class='ocrx_word' id='word_1_453' title='bbox 1675 542 1783 567; x_wconf 91' lang='lat' dir='ltr'>autem</span> <span class='ocrx_word' id='word_1_454' title='bbox 1807 537 1965 576; x_wconf 89' lang='lat' dir='ltr'>quomodo</span> <span class='ocrx_word' id='word_1_455' title='bbox 1988 542 2096 568; x_wconf 84' lang='lat' dir='ltr'>essent</span> <span class='ocrx_word' id='word_1_456' title='bbox 2117 537 2180 568; x_wconf 88' lang='lat' dir='ltr'>idi-</span> 
     </span>
     <span class='ocr_line' id='line_1_69' title="bbox 1211 579 2178 620; baseline 0.001 -10"><span class='ocrx_word' id='word_1_457' title='bbox 1211 585 1337 611; x_wconf 89' lang='lat' dir='ltr'>otarum</span> <span class='ocrx_word' id='word_1_458' title='bbox 1370 581 1457 617; x_wconf 85' lang='lat' dir='ltr'>libri,</span> <span class='ocrx_word' id='word_1_459' title='bbox 1485 580 1568 611; x_wconf 91' lang='lat' dir='ltr'>sicut</span> <span class='ocrx_word' id='word_1_460' title='bbox 1591 579 1729 610; x_wconf 82' lang='lat' dir='ltr'>volunt?</span> <span class='ocrx_word' id='word_1_461' title='bbox 1775 579 1846 610; x_wconf 89' lang='lat' dir='ltr'>Iam</span> <span class='ocrx_word' id='word_1_462' title='bbox 1870 590 1969 620; x_wconf 88' lang='lat' dir='ltr'>quum</span> <span class='ocrx_word' id='word_1_463' title='bbox 1994 579 2178 620; x_wconf 82' lang='lat' dir='ltr'>Seraphim,</span> 
     </span>
     <span class='ocr_line' id='line_1_70' title="bbox 1211 621 2180 663; baseline 0.001 -10"><span class='ocrx_word' id='word_1_464' title='bbox 1211 633 1348 662; x_wconf 86' lang='lat' dir='ltr'>quorum</span> <span class='ocrx_word' id='word_1_465' title='bbox 1370 623 1517 654; x_wconf 84' lang='lat' dir='ltr'>meminit</span> <span class='ocrx_word' id='word_1_466' title='bbox 1529 622 1631 653; x_wconf 85' lang='lat' dir='ltr'>Isaias</span> <span class='ocrx_word' id='word_1_467' title='bbox 1652 621 1693 663; x_wconf 89' lang='lat'>(6,</span> <span class='ocrx_word' id='word_1_468' title='bbox 1718 622 1759 663; x_wconf 89' lang='lat'>6),</span> <span class='ocrx_word' id='word_1_469' title='bbox 1784 622 1869 653; x_wconf 89' lang='lat' dir='ltr'>idem</span> <span class='ocrx_word' id='word_1_470' title='bbox 1889 623 2073 662; x_wconf 85' lang='lat' dir='ltr'>significent</span> <span class='ocrx_word' id='word_1_471' title='bbox 2095 623 2180 663; x_wconf 89' lang='lat' dir='ltr'>quod</span> 
     </span>
     <span class='ocr_line' id='line_1_71' title="bbox 1212 664 2180 697; baseline 0.001 -1"><span class='ocrx_word' id='word_1_472' title='bbox 1212 666 1404 697; x_wconf 90' lang='lat' dir='ltr'>Cherubim:</span> <span class='ocrx_word' id='word_1_473' title='bbox 1436 665 1585 696; x_wconf 84' lang='lat' dir='ltr'>dicantur</span> <span class='ocrx_word' id='word_1_474' title='bbox 1615 673 1723 695; x_wconf 85' lang='lat' dir='ltr'>autem</span> <span class='ocrx_word' id='word_1_475' title='bbox 1755 664 1878 696; x_wconf 86' lang='lat' dir='ltr'>duabus</span> <span class='ocrx_word' id='word_1_476' title='bbox 1901 665 1961 696; x_wconf 89' lang='lat' dir='ltr'>alis</span> <span class='ocrx_word' id='word_1_477' title='bbox 1984 665 2081 697; x_wconf 90' lang='lat' dir='ltr'>facies</span> <span class='ocrx_word' id='word_1_478' title='bbox 2104 675 2180 697; x_wconf 86' lang='lat' dir='ltr'>suas</span> 
     </span>
     <span class='ocr_line' id='line_1_72' title="bbox 1211 708 2180 748; baseline 0 -9"><span class='ocrx_word' id='word_1_479' title='bbox 1211 712 1329 748; x_wconf 87' lang='lat' dir='ltr'>tegere,</span> <span class='ocrx_word' id='word_1_480' title='bbox 1353 716 1384 739; x_wconf 89' lang='lat' dir='ltr'>et</span> <span class='ocrx_word' id='word_1_481' title='bbox 1408 708 1530 739; x_wconf 86' lang='lat' dir='ltr'>duabus</span> <span class='ocrx_word' id='word_1_482' title='bbox 1554 708 1650 748; x_wconf 88' lang='lat' dir='ltr'>pedes</span> <span class='ocrx_word' id='word_1_483' title='bbox 1674 718 1756 744; x_wconf 88' lang='lat' dir='ltr'>suos,</span> <span class='ocrx_word' id='word_1_484' title='bbox 1781 708 1904 739; x_wconf 87' lang='lat' dir='ltr'>velatas</span> <span class='ocrx_word' id='word_1_485' title='bbox 1928 718 1997 739; x_wconf 87' lang='lat' dir='ltr'>esse</span> <span class='ocrx_word' id='word_1_486' title='bbox 2020 708 2180 748; x_wconf 84' lang='lat' dir='ltr'>imagines</span> 
     </span>
     <span class='ocr_line' id='line_1_73' title="bbox 1210 750 2179 791; baseline 0 -10"><span class='ocrx_word' id='word_1_487' title='bbox 1210 756 1337 791; x_wconf 89' lang='lat' dir='ltr'>oportet</span> <span class='ocrx_word' id='word_1_488' title='bbox 1350 762 1430 791; x_wconf 88' lang='lat' dir='ltr'>quae</span> <span class='ocrx_word' id='word_1_489' title='bbox 1444 751 1508 782; x_wconf 89' lang='lat' dir='ltr'>illis</span> <span class='ocrx_word' id='word_1_490' title='bbox 1521 750 1746 790; x_wconf 89' lang='lat' dir='ltr'>respondeant.</span> <span class='ocrx_word' id='word_1_491' title='bbox 1772 750 1822 781; x_wconf 90' lang='lat' dir='ltr'>Ad</span> <span class='ocrx_word' id='word_1_492' title='bbox 1837 751 1916 782; x_wconf 87' lang='lat' dir='ltr'>haec</span> <span class='ocrx_word' id='word_1_493' title='bbox 1934 756 2179 791; x_wconf 87' lang='lat' dir='ltr'>praeposterum</span> 
     </span>
     <span class='ocr_line' id='line_1_74' title="bbox 1210 793 2180 835; baseline 0 -11"><span class='ocrx_word' id='word_1_494' title='bbox 1210 800 1258 824; x_wconf 88' lang='lat' dir='ltr'>est</span> <span class='ocrx_word' id='word_1_495' title='bbox 1288 793 1337 834; x_wconf 90' lang='lat' dir='ltr'>(ut</span> <span class='ocrx_word' id='word_1_496' title='bbox 1361 793 1442 835; x_wconf 83' lang='lat' dir='ltr'>dixi)</span> <span class='ocrx_word' id='word_1_497' title='bbox 1473 794 1657 825; x_wconf 87' lang='lat' dir='ltr'>rudimenta</span> <span class='ocrx_word' id='word_1_498' title='bbox 1679 804 1760 833; x_wconf 89' lang='lat' dir='ltr'>quae</span> <span class='ocrx_word' id='word_1_499' title='bbox 1783 794 1914 824; x_wconf 89' lang='lat' dir='ltr'>nonnisi</span> <span class='ocrx_word' id='word_1_500' title='bbox 1936 794 2039 825; x_wconf 89' lang='lat' dir='ltr'>veteri</span> <span class='ocrx_word' id='word_1_501' title='bbox 2062 794 2180 834; x_wconf 82' lang='lat' dir='ltr'>populo</span> 
     </span>
     <span class='ocr_line' id='line_1_75' title="bbox 1210 836 2180 876; baseline 0 -9"><span class='ocrx_word' id='word_1_502' title='bbox 1210 837 1300 868; x_wconf 84' lang='lat' dir='ltr'>Deus</span> <span class='ocrx_word' id='word_1_503' title='bbox 1324 837 1474 873; x_wconf 79' lang='lat' dir='ltr'>tradidit,</span> <span class='ocrx_word' id='word_1_504' title='bbox 1505 836 1544 867; x_wconf 87' lang='lat' dir='ltr'>ad</span> <span class='ocrx_word' id='word_1_505' title='bbox 1569 842 1752 876; x_wconf 87' lang='lat' dir='ltr'>temporum</span> <span class='ocrx_word' id='word_1_506' title='bbox 1776 836 2014 876; x_wconf 88' lang='lat' dir='ltr'>plenitudinem</span> <span class='ocrx_word' id='word_1_507' title='bbox 2038 836 2180 874; x_wconf 85' lang='lat' dir='ltr'>trahere,</span> 
     </span>
     <span class='ocr_line' id='line_1_76' title="bbox 1211 879 2178 919; baseline 0 -9"><span class='ocrx_word' id='word_1_508' title='bbox 1211 885 1380 919; x_wconf 88' lang='lat' dir='ltr'>postquam</span> <span class='ocrx_word' id='word_1_509' title='bbox 1400 879 1541 910; x_wconf 82' lang='lat' dir='ltr'>adolevit.</span> <span class='ocrx_word' id='word_1_510' title='bbox 1559 879 1701 915; x_wconf 90' lang='lat' dir='ltr'>ecclesia,</span> <span class='ocrx_word' id='word_1_511' title='bbox 1726 884 1758 910; x_wconf 90' lang='lat' dir='ltr'>et</span> <span class='ocrx_word' id='word_1_512' title='bbox 1777 879 1949 919; x_wconf 88' lang='lat' dir='ltr'>pueritiam</span> <span class='ocrx_word' id='word_1_513' title='bbox 1968 890 2100 919; x_wconf 85' lang='lat' dir='ltr'>egressa</span> <span class='ocrx_word' id='word_1_514' title='bbox 2121 884 2178 911; x_wconf 89' lang='lat' dir='ltr'>est.</span> 
     </span>
     <span class='ocr_line' id='line_1_77' title="bbox 1211 921 2181 962; baseline 0.001 -10"><span class='ocrx_word' id='word_1_515' title='bbox 1211 922 1316 960; x_wconf 76' lang='lat' dir='ltr'>Quam</span> <span class='ocrx_word' id='word_1_516' title='bbox 1342 933 1419 952; x_wconf 88' lang='lat' dir='ltr'>vero</span> <span class='ocrx_word' id='word_1_517' title='bbox 1443 923 1538 962; x_wconf 84' lang='lat' dir='ltr'>longe</span> <span class='ocrx_word' id='word_1_518' title='bbox 1563 922 1725 952; x_wconf 86' lang='lat' dir='ltr'>abfuerint</span> <span class='ocrx_word' id='word_1_519' title='bbox 1749 922 1860 953; x_wconf 85' lang='lat' dir='ltr'>Iudaei</span> <span class='ocrx_word' id='word_1_520' title='bbox 1885 933 1903 953; x_wconf 86' lang='lat' dir='ltr'>a</span> <span class='ocrx_word' id='word_1_521' title='bbox 1928 922 2070 954; x_wconf 88' lang='lat' dir='ltr'>colendis</span> <span class='ocrx_word' id='word_1_522' title='bbox 2094 921 2181 954; x_wconf 89' lang='lat' dir='ltr'>Che-</span> 
     </span>
     <span class='ocr_line' id='line_1_78' title="bbox 1210 964 2181 1005; baseline 0.002 -11"><span class='ocrx_word' id='word_1_523' title='bbox 1210 965 1333 1003; x_wconf 82' lang='lat' dir='ltr'>rubim,</span> <span class='ocrx_word' id='word_1_524' title='bbox 1361 965 1486 1004; x_wconf 75' lang='lat' dir='ltr'>profani.</span> <span class='ocrx_word' id='word_1_525' title='bbox 1516 965 1611 996; x_wconf 90' lang='lat' dir='ltr'>etiam</span> <span class='ocrx_word' id='word_1_526' title='bbox 1642 969 1754 1005; x_wconf 87' lang='lat' dir='ltr'>poetae</span> <span class='ocrx_word' id='word_1_527' title='bbox 1779 965 2001 996; x_wconf 86' lang='lat' dir='ltr'>testimonium</span> <span class='ocrx_word' id='word_1_528' title='bbox 2025 965 2089 997; x_wconf 88' lang='lat' dir='ltr'>illis</span> <span class='ocrx_word' id='word_1_529' title='bbox 2111 964 2181 996; x_wconf 89' lang='lat' dir='ltr'>red-</span> 
     </span>
     <span class='ocr_line' id='line_1_79' title="bbox 1212 1007 2114 1050; baseline 0.001 -12"><span class='ocrx_word' id='word_1_530' title='bbox 1212 1008 1301 1038; x_wconf 82' lang='lat' dir='ltr'>dunt.</span> <span class='ocrx_word' id='word_1_531' title='bbox 1349 1008 1398 1038; x_wconf 84' lang='lat' dir='ltr'>De</span> <span class='ocrx_word' id='word_1_532' title='bbox 1422 1008 1486 1039; x_wconf 89' lang='lat' dir='ltr'>illis</span> <span class='ocrx_word' id='word_1_533' title='bbox 1510 1008 1596 1039; x_wconf 90' lang='lat' dir='ltr'>enim</span> <span class='ocrx_word' id='word_1_534' title='bbox 1623 1008 1756 1048; x_wconf 88' lang='lat' dir='ltr'>loquens</span> <span class='ocrx_word' id='word_1_535' title='bbox 1779 1008 1946 1039; x_wconf 86' lang='lat' dir='ltr'>Iuvenalis</span> <span class='ocrx_word' id='word_1_536' title='bbox 1962 1007 1992 1050; x_wconf 90' lang='lat'>¹),</span> <span class='ocrx_word' id='word_1_537' title='bbox 2017 1008 2114 1039; x_wconf 85' lang='lat' dir='ltr'>dixit:</span> 
     </span>
    </p>
   </div>
   <div class='ocr_carea' id='block_1_8' title="bbox 1377 1076 2024 1108">
    <p class='ocr_par' dir='ltr' id='par_1_8' title="bbox 1377 1076 2024 1108">
     <span class='ocr_line' id='line_1_80' title="bbox 1377 1076 2024 1108; baseline 0.002 -8"><span class='ocrx_word' id='word_1_538' title='bbox 1377 1076 1425 1106; x_wconf 82' lang='lat' dir='ltr'>Qui</span> <span class='ocrx_word' id='word_1_539' title='bbox 1445 1084 1526 1108; x_wconf 83' lang='lat' dir='ltr'>puras</span> <span class='ocrx_word' id='word_1_540' title='bbox 1545 1076 1630 1101; x_wconf 86' lang='lat' dir='ltr'>nubes</span> <span class='ocrx_word' id='word_1_541' title='bbox 1649 1078 1677 1101; x_wconf 80' lang='lat' dir='ltr'>et</span> <span class='ocrx_word' id='word_1_542' title='bbox 1695 1076 1762 1101; x_wconf 86' lang='lat' dir='ltr'>coeli</span> <span class='ocrx_word' id='word_1_543' title='bbox 1782 1084 1881 1102; x_wconf 88' lang='lat' dir='ltr'>numen</span> <span class='ocrx_word' id='word_1_544' title='bbox 1902 1076 2024 1101; x_wconf 82' lang='lat' dir='ltr'>adorant.</span> 
     </span>
    </p>
   </div>
   <div class='ocr_carea' id='block_1_9' title="bbox 1212 1135 2188 2541">
    <p class='ocr_par' dir='ltr' id='par_1_9' title="bbox 1212 1135 2188 2541">
     <span class='ocr_line' id='line_1_81' title="bbox 1213 1135 2182 1176; baseline 0.001 -10"><span class='ocrx_word' id='word_1_545' title='bbox 1213 1137 1320 1175; x_wconf 85' lang='lat' dir='ltr'>Atque</span> <span class='ocrx_word' id='word_1_546' title='bbox 1344 1135 1427 1166; x_wconf 88' lang='lat' dir='ltr'>hanc</span> <span class='ocrx_word' id='word_1_547' title='bbox 1451 1146 1563 1166; x_wconf 84' lang='lat' dir='ltr'>vocem</span> <span class='ocrx_word' id='word_1_548' title='bbox 1588 1136 1712 1166; x_wconf 91' lang='lat' dir='ltr'>homini</span> <span class='ocrx_word' id='word_1_549' title='bbox 1735 1136 1863 1176; x_wconf 89' lang='lat' dir='ltr'>impuro</span> <span class='ocrx_word' id='word_1_550' title='bbox 1887 1140 1918 1166; x_wconf 90' lang='lat' dir='ltr'>et</span> <span class='ocrx_word' id='word_1_551' title='bbox 1940 1136 2098 1167; x_wconf 88' lang='lat' dir='ltr'>obscoeno</span> <span class='ocrx_word' id='word_1_552' title='bbox 2124 1146 2182 1167; x_wconf 85' lang='lat' dir='ltr'>ex-</span> 
     </span>
     <span class='ocr_line' id='line_1_82' title="bbox 1213 1178 2182 1219; baseline 0.002 -11"><span class='ocrx_word' id='word_1_553' title='bbox 1213 1178 1309 1209; x_wconf 84' lang='lat' dir='ltr'>torsit</span> <span class='ocrx_word' id='word_1_554' title='bbox 1332 1179 1437 1215; x_wconf 85' lang='lat' dir='ltr'>Deus,</span> <span class='ocrx_word' id='word_1_555' title='bbox 1462 1183 1497 1209; x_wconf 91' lang='lat' dir='ltr'>ut</span> <span class='ocrx_word' id='word_1_556' title='bbox 1520 1178 1671 1209; x_wconf 89' lang='lat' dir='ltr'>omnibus</span> <span class='ocrx_word' id='word_1_557' title='bbox 1694 1183 1806 1209; x_wconf 88' lang='lat' dir='ltr'>notum</span> <span class='ocrx_word' id='word_1_558' title='bbox 1830 1184 1926 1215; x_wconf 85' lang='lat' dir='ltr'>esset,</span> <span class='ocrx_word' id='word_1_559' title='bbox 1951 1179 2056 1219; x_wconf 86' lang='lat' dir='ltr'>legem</span> <span class='ocrx_word' id='word_1_560' title='bbox 2080 1178 2182 1210; x_wconf 88' lang='lat' dir='ltr'>Mosis</span> 
     </span>
     <span class='ocr_line' id='line_1_83' title="bbox 1213 1221 2179 1260; baseline 0 -8"><span class='ocrx_word' id='word_1_561' title='bbox 1213 1231 1288 1252; x_wconf 90' lang='lat' dir='ltr'>suos</span> <span class='ocrx_word' id='word_1_562' title='bbox 1322 1221 1495 1260; x_wconf 85' lang='lat' dir='ltr'>discipulos</span> <span class='ocrx_word' id='word_1_563' title='bbox 1523 1232 1651 1252; x_wconf 88' lang='lat' dir='ltr'>sursum</span> <span class='ocrx_word' id='word_1_564' title='bbox 1684 1221 1841 1253; x_wconf 89' lang='lat' dir='ltr'>attollere.</span> <span class='ocrx_word' id='word_1_565' title='bbox 1894 1222 2032 1253; x_wconf 89' lang='lat' dir='ltr'>Ponitur</span> <span class='ocrx_word' id='word_1_566' title='bbox 2062 1221 2179 1253; x_wconf 88' lang='lat' dir='ltr'>deinde</span> 
     </span>
     <span class='ocr_line' id='line_1_84' title="bbox 1213 1263 2179 1304; baseline 0.001 -10"><span class='ocrx_word' id='word_1_567' title='bbox 1213 1263 1331 1303; x_wconf 85' lang='lat' dir='ltr'>triplex</span> <span class='ocrx_word' id='word_1_568' title='bbox 1367 1269 1608 1304; x_wconf 83' lang='lat' dir='ltr'>tegumentum,</span> <span class='ocrx_word' id='word_1_569' title='bbox 1647 1264 1783 1295; x_wconf 88' lang='lat' dir='ltr'>interius</span> <span class='ocrx_word' id='word_1_570' title='bbox 1814 1275 1855 1295; x_wconf 81' lang='lat' dir='ltr'>ex</span> <span class='ocrx_word' id='word_1_571' title='bbox 1886 1264 1960 1304; x_wconf 89' lang='lat' dir='ltr'>pilis</span> <span class='ocrx_word' id='word_1_572' title='bbox 1997 1275 2179 1304; x_wconf 87' lang='lat' dir='ltr'>caprarum,</span> 
     </span>
     <span class='ocr_line' id='line_1_85' title="bbox 1213 1306 2181 1346; baseline 0.002 -10"><span class='ocrx_word' id='word_1_573' title='bbox 1213 1306 1352 1337; x_wconf 88' lang='lat' dir='ltr'>alterum</span> <span class='ocrx_word' id='word_1_574' title='bbox 1382 1318 1421 1337; x_wconf 83' lang='lat' dir='ltr'>ex</span> <span class='ocrx_word' id='word_1_575' title='bbox 1451 1307 1589 1346; x_wconf 85' lang='lat' dir='ltr'>pellibus</span> <span class='ocrx_word' id='word_1_576' title='bbox 1619 1308 1756 1338; x_wconf 85' lang='lat' dir='ltr'>arietum</span> <span class='ocrx_word' id='word_1_577' title='bbox 1791 1308 1980 1345; x_wconf 89' lang='lat' dir='ltr'>rubricatis,</span> <span class='ocrx_word' id='word_1_578' title='bbox 2017 1318 2181 1338; x_wconf 90' lang='lat' dir='ltr'>summum</span> 
     </span>
     <span class='ocr_line' id='line_1_86' title="bbox 1212 1349 2181 1390; baseline 0.002 -11"><span class='ocrx_word' id='word_1_579' title='bbox 1212 1359 1289 1380; x_wconf 88' lang='lat' dir='ltr'>vero</span> <span class='ocrx_word' id='word_1_580' title='bbox 1314 1360 1353 1379; x_wconf 84' lang='lat' dir='ltr'>ex</span> <span class='ocrx_word' id='word_1_581' title='bbox 1377 1354 1524 1380; x_wconf 85' lang='lat' dir='ltr'>taxorum</span> <span class='ocrx_word' id='word_1_582' title='bbox 1549 1350 1704 1390; x_wconf 86' lang='lat' dir='ltr'>pellibus:</span> <span class='ocrx_word' id='word_1_583' title='bbox 1727 1350 1858 1381; x_wconf 88' lang='lat' dir='ltr'>additur</span> <span class='ocrx_word' id='word_1_584' title='bbox 1881 1350 2073 1388; x_wconf 87' lang='lat' dir='ltr'>tabulatum,</span> <span class='ocrx_word' id='word_1_585' title='bbox 2097 1349 2181 1390; x_wconf 90' lang='lat' dir='ltr'>quod</span> 
     </span>
     <span class='ocr_line' id='line_1_87' title="bbox 1212 1392 2181 1433; baseline 0.001 -11"><span class='ocrx_word' id='word_1_586' title='bbox 1212 1393 1301 1423; x_wconf 86' lang='lat' dir='ltr'>intus</span> <span class='ocrx_word' id='word_1_587' title='bbox 1322 1403 1380 1423; x_wconf 89' lang='lat' dir='ltr'>sua</span> <span class='ocrx_word' id='word_1_588' title='bbox 1398 1392 1551 1423; x_wconf 87' lang='lat' dir='ltr'>firmitate</span> <span class='ocrx_word' id='word_1_589' title='bbox 1570 1393 1816 1424; x_wconf 84' lang='lat' dir='ltr'>tabernaculum</span> <span class='ocrx_word' id='word_1_590' title='bbox 1839 1393 1988 1431; x_wconf 87' lang='lat' dir='ltr'>stabiliat,</span> <span class='ocrx_word' id='word_1_591' title='bbox 2009 1393 2084 1433; x_wconf 86' lang='lat' dir='ltr'>quia</span> <span class='ocrx_word' id='word_1_592' title='bbox 2103 1393 2181 1424; x_wconf 89' lang='lat' dir='ltr'>alio-</span> 
     </span>
     <span class='ocr_line' id='line_1_88' title="bbox 1213 1435 2180 1476; baseline 0.002 -11"><span class='ocrx_word' id='word_1_593' title='bbox 1213 1435 1267 1474; x_wconf 86' lang='lat' dir='ltr'>qui</span> <span class='ocrx_word' id='word_1_594' title='bbox 1299 1436 1440 1465; x_wconf 86' lang='lat' dir='ltr'>cortinae</span> <span class='ocrx_word' id='word_1_595' title='bbox 1471 1435 1532 1466; x_wconf 81' lang='lat' dir='ltr'>levi</span> <span class='ocrx_word' id='word_1_596' title='bbox 1563 1440 1653 1466; x_wconf 90' lang='lat' dir='ltr'>motu</span> <span class='ocrx_word' id='word_1_597' title='bbox 1682 1437 1821 1476; x_wconf 85' lang='lat' dir='ltr'>agitatae</span> <span class='ocrx_word' id='word_1_598' title='bbox 1852 1436 1956 1466; x_wconf 87' lang='lat' dir='ltr'>locum</span> <span class='ocrx_word' id='word_1_599' title='bbox 1988 1439 2180 1467; x_wconf 80' lang='lat' dir='ltr'>mutassent.</span> 
     </span>
     <span class='ocr_line' id='line_1_89' title="bbox 1213 1477 2182 1519; baseline 0.002 -12"><span class='ocrx_word' id='word_1_600' title='bbox 1213 1477 1356 1508; x_wconf 81' lang='lat' dir='ltr'>Tabulae</span> <span class='ocrx_word' id='word_1_601' title='bbox 1380 1484 1487 1508; x_wconf 88' lang='lat' dir='ltr'>autem</span> <span class='ocrx_word' id='word_1_602' title='bbox 1512 1489 1552 1509; x_wconf 77' lang='lat' dir='ltr'>ex</span> <span class='ocrx_word' id='word_1_603' title='bbox 1575 1479 1672 1519; x_wconf 85' lang='lat' dir='ltr'>lignis</span> <span class='ocrx_word' id='word_1_604' title='bbox 1697 1479 1798 1509; x_wconf 87' lang='lat' dir='ltr'>sittim</span> <span class='ocrx_word' id='word_1_605' title='bbox 1818 1480 1980 1510; x_wconf 86' lang='lat' dir='ltr'>confectae</span> <span class='ocrx_word' id='word_1_606' title='bbox 2000 1483 2102 1517; x_wconf 87' lang='lat' dir='ltr'>erant,</span> <span class='ocrx_word' id='word_1_607' title='bbox 2126 1478 2182 1510; x_wconf 86' lang='lat' dir='ltr'>sed</span> 
     </span>
     <span class='ocr_line' id='line_1_90' title="bbox 1213 1521 2182 1561; baseline 0.001 -10"><span class='ocrx_word' id='word_1_608' title='bbox 1213 1521 1385 1561; x_wconf 83' lang='lat' dir='ltr'>superficie</span> <span class='ocrx_word' id='word_1_609' title='bbox 1404 1531 1510 1557; x_wconf 86' lang='lat' dir='ltr'>aurea,</span> <span class='ocrx_word' id='word_1_610' title='bbox 1528 1522 1596 1552; x_wconf 77' lang='lat' dir='ltr'>sive</span> <span class='ocrx_word' id='word_1_611' title='bbox 1618 1526 1745 1552; x_wconf 86' lang='lat' dir='ltr'>tantum</span> <span class='ocrx_word' id='word_1_612' title='bbox 1766 1522 1940 1552; x_wconf 87' lang='lat' dir='ltr'>deauratae</span> <span class='ocrx_word' id='word_1_613' title='bbox 1959 1521 2092 1559; x_wconf 87' lang='lat' dir='ltr'>fuerint,</span> <span class='ocrx_word' id='word_1_614' title='bbox 2112 1521 2182 1552; x_wconf 88' lang='lat' dir='ltr'>sive</span> 
     </span>
     <span class='ocr_line' id='line_1_91' title="bbox 1213 1563 2183 1605; baseline 0.002 -11"><span class='ocrx_word' id='word_1_615' title='bbox 1213 1563 1343 1594; x_wconf 88' lang='lat' dir='ltr'>laminis</span> <span class='ocrx_word' id='word_1_616' title='bbox 1362 1563 1534 1594; x_wconf 87' lang='lat' dir='ltr'>obductae:</span> <span class='ocrx_word' id='word_1_617' title='bbox 1559 1564 1707 1604; x_wconf 81' lang='lat' dir='ltr'>singulae</span> <span class='ocrx_word' id='word_1_618' title='bbox 1727 1564 1851 1596; x_wconf 88' lang='lat' dir='ltr'>duabus</span> <span class='ocrx_word' id='word_1_619' title='bbox 1870 1565 2033 1605; x_wconf 87' lang='lat' dir='ltr'>argenteis</span> <span class='ocrx_word' id='word_1_620' title='bbox 2052 1564 2183 1596; x_wconf 85' lang='lat' dir='ltr'>basibus</span> 
     </span>
     <span class='ocr_line' id='line_1_92' title="bbox 1213 1606 2183 1647; baseline 0.002 -11"><span class='ocrx_word' id='word_1_621' title='bbox 1213 1606 1366 1637; x_wconf 87' lang='lat' dir='ltr'>suffultae</span> <span class='ocrx_word' id='word_1_622' title='bbox 1395 1611 1501 1644; x_wconf 88' lang='lat' dir='ltr'>erant,</span> <span class='ocrx_word' id='word_1_623' title='bbox 1532 1607 1635 1638; x_wconf 86' lang='lat' dir='ltr'>instar</span> <span class='ocrx_word' id='word_1_624' title='bbox 1658 1607 1793 1647; x_wconf 88' lang='lat' dir='ltr'>pedum:</span> <span class='ocrx_word' id='word_1_625' title='bbox 1824 1608 1970 1638; x_wconf 87' lang='lat' dir='ltr'>vectibus</span> <span class='ocrx_word' id='word_1_626' title='bbox 1993 1611 2101 1638; x_wconf 89' lang='lat' dir='ltr'>autem</span> <span class='ocrx_word' id='word_1_627' title='bbox 2125 1618 2183 1647; x_wconf 90' lang='lat' dir='ltr'>per</span> 
     </span>
     <span class='ocr_line' id='line_1_93' title="bbox 1213 1649 2181 1690; baseline 0.002 -11"><span class='ocrx_word' id='word_1_628' title='bbox 1213 1660 1327 1679; x_wconf 83' lang='lat' dir='ltr'>aureos</span> <span class='ocrx_word' id='word_1_629' title='bbox 1339 1649 1474 1680; x_wconf 86' lang='lat' dir='ltr'>circulos</span> <span class='ocrx_word' id='word_1_630' title='bbox 1493 1650 1700 1688; x_wconf 85' lang='lat' dir='ltr'>transmissis,</span> <span class='ocrx_word' id='word_1_631' title='bbox 1718 1650 1804 1680; x_wconf 89' lang='lat' dir='ltr'>inter</span> <span class='ocrx_word' id='word_1_632' title='bbox 1823 1661 1856 1681; x_wconf 91' lang='lat' dir='ltr'>se</span> <span class='ocrx_word' id='word_1_633' title='bbox 1876 1655 2061 1690; x_wconf 88' lang='lat' dir='ltr'>compactae</span> <span class='ocrx_word' id='word_1_634' title='bbox 2080 1656 2181 1681; x_wconf 86' lang='lat' dir='ltr'>erant.</span> 
     </span>
     <span class='ocr_line' id='line_1_94' title="bbox 1213 1692 2183 1733; baseline 0.002 -11"><span class='ocrx_word' id='word_1_635' title='bbox 1213 1692 1284 1723; x_wconf 90' lang='lat' dir='ltr'>Hoc</span> <span class='ocrx_word' id='word_1_636' title='bbox 1308 1692 1411 1732; x_wconf 86' lang='lat' dir='ltr'>spatio</span> <span class='ocrx_word' id='word_1_637' title='bbox 1435 1693 1663 1723; x_wconf 86' lang='lat' dir='ltr'>continebatur</span> <span class='ocrx_word' id='word_1_638' title='bbox 1686 1698 1791 1723; x_wconf 86' lang='lat' dir='ltr'>totum</span> <span class='ocrx_word' id='word_1_639' title='bbox 1816 1693 2076 1731; x_wconf 88' lang='lat' dir='ltr'>tabernaculum,</span> <span class='ocrx_word' id='word_1_640' title='bbox 2098 1692 2183 1733; x_wconf 88' lang='lat' dir='ltr'>quod</span> 
     </span>
     <span class='ocr_line' id='line_1_95' title="bbox 1214 1735 2183 1775; baseline 0.002 -10"><span class='ocrx_word' id='word_1_641' title='bbox 1214 1735 1329 1765; x_wconf 88' lang='lat' dir='ltr'>deinde</span> <span class='ocrx_word' id='word_1_642' title='bbox 1349 1735 1381 1765; x_wconf 86' lang='lat' dir='ltr'>in</span> <span class='ocrx_word' id='word_1_643' title='bbox 1405 1736 1629 1766; x_wconf 87' lang='lat' dir='ltr'>sanctuarium</span> <span class='ocrx_word' id='word_1_644' title='bbox 1654 1736 1743 1775; x_wconf 86' lang='lat' dir='ltr'>prius</span> <span class='ocrx_word' id='word_1_645' title='bbox 1767 1741 1799 1766; x_wconf 87' lang='lat' dir='ltr'>et</span> <span class='ocrx_word' id='word_1_646' title='bbox 1823 1740 1971 1767; x_wconf 84' lang='lat' dir='ltr'>sanetum</span> <span class='ocrx_word' id='word_1_647' title='bbox 1995 1741 2183 1767; x_wconf 87' lang='lat' dir='ltr'>sanctorum</span> 
     </span>
     <span class='ocr_line' id='line_1_96' title="bbox 1214 1777 2184 1819; baseline 0.002 -12"><span class='ocrx_word' id='word_1_648' title='bbox 1214 1777 1485 1818; x_wconf 85' lang='lat' dir='ltr'>distinguebatur.</span> <span class='ocrx_word' id='word_1_649' title='bbox 1528 1778 1676 1809; x_wconf 85' lang='lat' dir='ltr'>Accessit</span> <span class='ocrx_word' id='word_1_650' title='bbox 1699 1779 1794 1809; x_wconf 88' lang='lat' dir='ltr'>tertio</span> <span class='ocrx_word' id='word_1_651' title='bbox 1817 1779 1885 1810; x_wconf 87' lang='lat' dir='ltr'>loco</span> <span class='ocrx_word' id='word_1_652' title='bbox 1909 1779 2039 1814; x_wconf 84' lang='lat' dir='ltr'>atrium,</span> <span class='ocrx_word' id='word_1_653' title='bbox 2063 1779 2097 1809; x_wconf 90' lang='lat' dir='ltr'>in</span> <span class='ocrx_word' id='word_1_654' title='bbox 2120 1789 2184 1819; x_wconf 90' lang='lat' dir='ltr'>quo</span> 
     </span>
     <span class='ocr_line' id='line_1_97' title="bbox 1213 1821 2184 1861; baseline 0.003 -11"><span class='ocrx_word' id='word_1_655' title='bbox 1213 1821 1368 1861; x_wconf 90' lang='lat' dir='ltr'>populum</span> <span class='ocrx_word' id='word_1_656' title='bbox 1388 1821 1564 1851; x_wconf 87' lang='lat' dir='ltr'>subsistere</span> <span class='ocrx_word' id='word_1_657' title='bbox 1582 1822 1739 1860; x_wconf 85' lang='lat' dir='ltr'>oportuit:</span> <span class='ocrx_word' id='word_1_658' title='bbox 1757 1822 1831 1861; x_wconf 89' lang='lat' dir='ltr'>quia</span> <span class='ocrx_word' id='word_1_659' title='bbox 1849 1822 1897 1853; x_wconf 88' lang='lat' dir='ltr'>fas</span> <span class='ocrx_word' id='word_1_660' title='bbox 1917 1831 1983 1852; x_wconf 90' lang='lat' dir='ltr'>non</span> <span class='ocrx_word' id='word_1_661' title='bbox 2003 1826 2073 1853; x_wconf 85' lang='lat' dir='ltr'>erat</span> <span class='ocrx_word' id='word_1_662' title='bbox 2090 1831 2184 1853; x_wconf 87' lang='lat' dir='ltr'>sanc-</span> 
     </span>
     <span class='ocr_line' id='line_1_98' title="bbox 1214 1863 2184 1904; baseline 0.002 -11"><span class='ocrx_word' id='word_1_663' title='bbox 1214 1864 1355 1894; x_wconf 90' lang='lat' dir='ltr'>tuarium</span> <span class='ocrx_word' id='word_1_664' title='bbox 1390 1863 1533 1903; x_wconf 88' lang='lat' dir='ltr'>ingredi,</span> <span class='ocrx_word' id='word_1_665' title='bbox 1571 1864 1656 1903; x_wconf 91' lang='lat' dir='ltr'>quod</span> <span class='ocrx_word' id='word_1_666' title='bbox 1685 1864 1760 1895; x_wconf 88' lang='lat' dir='ltr'>solis</span> <span class='ocrx_word' id='word_1_667' title='bbox 1791 1864 2012 1895; x_wconf 87' lang='lat' dir='ltr'>sacerdotibus</span> <span class='ocrx_word' id='word_1_668' title='bbox 2043 1864 2184 1904; x_wconf 86' lang='lat' dir='ltr'>patebat,</span> 
     </span>
     <span class='ocr_line' id='line_1_99' title="bbox 1214 1905 2185 1949; baseline 0.002 -13"><span class='ocrx_word' id='word_1_669' title='bbox 1214 1911 1247 1936; x_wconf 90' lang='lat' dir='ltr'>et</span> <span class='ocrx_word' id='word_1_670' title='bbox 1266 1906 1395 1945; x_wconf 90' lang='lat' dir='ltr'>quidem</span> <span class='ocrx_word' id='word_1_671' title='bbox 1415 1905 1552 1937; x_wconf 87' lang='lat' dir='ltr'>mundis.</span> <span class='ocrx_word' id='word_1_672' title='bbox 1585 1906 1698 1946; x_wconf 88' lang='lat' dir='ltr'>Itaque</span> <span class='ocrx_word' id='word_1_673' title='bbox 1713 1907 1821 1938; x_wconf 86' lang='lat' dir='ltr'>David</span> <span class='ocrx_word' id='word_1_674' title='bbox 1835 1906 1934 1948; x_wconf 86' lang='lat' dir='ltr'>(Psal.</span> <span class='ocrx_word' id='word_1_675' title='bbox 1956 1907 2005 1944; x_wconf 84' lang='lat'>84,</span> <span class='ocrx_word' id='word_1_676' title='bbox 2025 1907 2044 1938; x_wconf 88' lang='lat'>3</span> <span class='ocrx_word' id='word_1_677' title='bbox 2064 1911 2097 1938; x_wconf 87' lang='lat' dir='ltr'>et</span> <span class='ocrx_word' id='word_1_678' title='bbox 2122 1907 2185 1949; x_wconf 89' lang='lat'>11),</span> 
     </span>
     <span class='ocr_line' id='line_1_100' title="bbox 1214 1949 2184 1989; baseline 0.002 -10"><span class='ocrx_word' id='word_1_679' title='bbox 1214 1954 1382 1989; x_wconf 86' lang='lat' dir='ltr'>postquam</span> <span class='ocrx_word' id='word_1_680' title='bbox 1414 1949 1610 1980; x_wconf 86' lang='lat' dir='ltr'>exclamavit</span> <span class='ocrx_word' id='word_1_681' title='bbox 1640 1949 1757 1981; x_wconf 82' lang='lat' dir='ltr'>dilecta</span> <span class='ocrx_word' id='word_1_682' title='bbox 1787 1960 1856 1981; x_wconf 85' lang='lat' dir='ltr'>esse</span> <span class='ocrx_word' id='word_1_683' title='bbox 1888 1950 2098 1981; x_wconf 85' lang='lat' dir='ltr'>tabernacula</span> <span class='ocrx_word' id='word_1_684' title='bbox 2120 1949 2184 1981; x_wconf 87' lang='lat' dir='ltr'>Dei</span> 
     </span>
     <span class='ocr_line' id='line_1_101' title="bbox 1214 1992 2183 2032; baseline 0 -9"><span class='ocrx_word' id='word_1_685' title='bbox 1214 1993 1385 2030; x_wconf 84' lang='lat' dir='ltr'>virtutum,</span> <span class='ocrx_word' id='word_1_686' title='bbox 1409 1992 1537 2023; x_wconf 89' lang='lat' dir='ltr'>subiicit</span> <span class='ocrx_word' id='word_1_687' title='bbox 1559 1992 1712 2024; x_wconf 88' lang='lat' dir='ltr'>continuo</span> <span class='ocrx_word' id='word_1_688' title='bbox 1736 1998 1821 2032; x_wconf 85' lang='lat' dir='ltr'>post:</span> <span class='ocrx_word' id='word_1_689' title='bbox 1847 1992 2055 2032; x_wconf 88' lang='lat' dir='ltr'>Concupiscit</span> <span class='ocrx_word' id='word_1_690' title='bbox 2077 1996 2109 2023; x_wconf 89' lang='lat' dir='ltr'>et</span> <span class='ocrx_word' id='word_1_691' title='bbox 2128 1992 2183 2024; x_wconf 87' lang='lat' dir='ltr'>de-</span> 
     </span>
     <span class='ocr_line' id='line_1_102' title="bbox 1215 2035 2184 2066; baseline 0 0"><span class='ocrx_word' id='word_1_692' title='bbox 1215 2035 1281 2066; x_wconf 89' lang='lat' dir='ltr'>ficit</span> <span class='ocrx_word' id='word_1_693' title='bbox 1312 2035 1419 2066; x_wconf 86' lang='lat' dir='ltr'>anima</span> <span class='ocrx_word' id='word_1_694' title='bbox 1450 2046 1521 2065; x_wconf 87' lang='lat' dir='ltr'>mea</span> <span class='ocrx_word' id='word_1_695' title='bbox 1552 2035 1585 2065; x_wconf 91' lang='lat' dir='ltr'>in</span> <span class='ocrx_word' id='word_1_696' title='bbox 1617 2035 1707 2066; x_wconf 87' lang='lat' dir='ltr'>atriis</span> <span class='ocrx_word' id='word_1_697' title='bbox 1738 2035 1887 2066; x_wconf 85' lang='lat' dir='ltr'>Iehovae.</span> <span class='ocrx_word' id='word_1_698' title='bbox 1941 2035 2038 2066; x_wconf 86' lang='lat' dir='ltr'>Item:</span> <span class='ocrx_word' id='word_1_699' title='bbox 2066 2035 2184 2066; x_wconf 90' lang='lat' dir='ltr'>Melior</span> 
     </span>
     <span class='ocr_line' id='line_1_103' title="bbox 1216 2077 2184 2119; baseline 0.001 -12"><span class='ocrx_word' id='word_1_700' title='bbox 1216 2082 1265 2108; x_wconf 81' lang='lat' dir='ltr'>est</span> <span class='ocrx_word' id='word_1_701' title='bbox 1288 2077 1354 2108; x_wconf 87' lang='lat' dir='ltr'>dies</span> <span class='ocrx_word' id='word_1_702' title='bbox 1377 2088 1441 2108; x_wconf 88' lang='lat' dir='ltr'>una</span> <span class='ocrx_word' id='word_1_703' title='bbox 1464 2079 1496 2107; x_wconf 92' lang='lat' dir='ltr'>in</span> <span class='ocrx_word' id='word_1_704' title='bbox 1521 2077 1612 2108; x_wconf 89' lang='lat' dir='ltr'>atriis</span> <span class='ocrx_word' id='word_1_705' title='bbox 1636 2077 1785 2108; x_wconf 88' lang='lat' dir='ltr'>Iehovae.</span> <span class='ocrx_word' id='word_1_706' title='bbox 1831 2078 1913 2108; x_wconf 90' lang='lat' dir='ltr'>Item</span> <span class='ocrx_word' id='word_1_707' title='bbox 1937 2077 2036 2119; x_wconf 84' lang='lat' dir='ltr'>(Psal.</span> <span class='ocrx_word' id='word_1_708' title='bbox 2061 2078 2111 2116; x_wconf 81' lang='lat'>29,</span> <span class='ocrx_word' id='word_1_709' title='bbox 2135 2077 2184 2119; x_wconf 77' lang='lat'>2):</span> 
     </span>
     <span class='ocr_line' id='line_1_104' title="bbox 1218 2120 2183 2160; baseline 0.001 -10"><span class='ocrx_word' id='word_1_710' title='bbox 1218 2120 1357 2151; x_wconf 78' lang='lat' dir='ltr'>Adorate</span> <span class='ocrx_word' id='word_1_711' title='bbox 1372 2120 1405 2150; x_wconf 89' lang='lat' dir='ltr'>in</span> <span class='ocrx_word' id='word_1_712' title='bbox 1421 2121 1501 2151; x_wconf 90' lang='lat' dir='ltr'>atrio</span> <span class='ocrx_word' id='word_1_713' title='bbox 1517 2127 1628 2151; x_wconf 87' lang='lat' dir='ltr'>sancto</span> <span class='ocrx_word' id='word_1_714' title='bbox 1644 2121 1723 2151; x_wconf 87' lang='lat' dir='ltr'>cius.</span> <span class='ocrx_word' id='word_1_715' title='bbox 1761 2120 1955 2160; x_wconf 83' lang='lat' dir='ltr'>Quanquam</span> <span class='ocrx_word' id='word_1_716' title='bbox 1980 2120 2183 2159; x_wconf 86' lang='lat' dir='ltr'>testimoniis,</span> 
     </span>
     <span class='ocr_line' id='line_1_105' title="bbox 1216 2163 2186 2203; baseline 0.002 -11"><span class='ocrx_word' id='word_1_717' title='bbox 1216 2174 1298 2202; x_wconf 83' lang='lat' dir='ltr'>quae</span> <span class='ocrx_word' id='word_1_718' title='bbox 1328 2163 1422 2203; x_wconf 74' lang='lat' dir='ltr'>plura</span> <span class='ocrx_word' id='word_1_719' title='bbox 1452 2163 1537 2202; x_wconf 88' lang='lat' dir='ltr'>apud</span> <span class='ocrx_word' id='word_1_720' title='bbox 1564 2173 1637 2194; x_wconf 91' lang='lat' dir='ltr'>eum</span> <span class='ocrx_word' id='word_1_721' title='bbox 1661 2169 1852 2199; x_wconf 88' lang='lat' dir='ltr'>occurrunt,</span> <span class='ocrx_word' id='word_1_722' title='bbox 1882 2164 1915 2193; x_wconf 92' lang='lat' dir='ltr'>in</span> <span class='ocrx_word' id='word_1_723' title='bbox 1939 2173 1974 2194; x_wconf 89' lang='lat' dir='ltr'>re</span> <span class='ocrx_word' id='word_1_724' title='bbox 1998 2174 2062 2194; x_wconf 92' lang='lat' dir='ltr'>nou</span> <span class='ocrx_word' id='word_1_725' title='bbox 2087 2163 2186 2195; x_wconf 87' lang='lat' dir='ltr'>dubia</span> 
     </span>
     <span class='ocr_line' id='line_1_106' title="bbox 1216 2206 2185 2246; baseline 0.003 -11"><span class='ocrx_word' id='word_1_726' title='bbox 1216 2217 1295 2246; x_wconf 78' lang='lat' dir='ltr'>opus</span> <span class='ocrx_word' id='word_1_727' title='bbox 1328 2216 1390 2236; x_wconf 86' lang='lat' dir='ltr'>non</span> <span class='ocrx_word' id='word_1_728' title='bbox 1416 2212 1471 2236; x_wconf 84' lang='lat' dir='ltr'>est.</span> <span class='ocrx_word' id='word_1_729' title='bbox 1519 2206 1697 2246; x_wconf 80' lang='lat' dir='ltr'>Dispositio</span> <span class='ocrx_word' id='word_1_730' title='bbox 1722 2206 1921 2237; x_wconf 88' lang='lat' dir='ltr'>tabernaculi</span> <span class='ocrx_word' id='word_1_731' title='bbox 1946 2206 2063 2236; x_wconf 87' lang='lat' dir='ltr'>iterum</span> <span class='ocrx_word' id='word_1_732' title='bbox 2088 2217 2185 2238; x_wconf 87' lang='lat' dir='ltr'>versu</span> 
     </span>
     <span class='ocr_line' id='line_1_107' title="bbox 1218 2248 2186 2289; baseline 0.002 -11"><span class='ocrx_word' id='word_1_733' title='bbox 1218 2249 1379 2279; x_wconf 77' lang='lat' dir='ltr'>tricesimo</span> <span class='ocrx_word' id='word_1_734' title='bbox 1409 2248 1527 2279; x_wconf 82' lang='lat' dir='ltr'>(licitur</span> <span class='ocrx_word' id='word_1_735' title='bbox 1555 2249 1588 2279; x_wconf 90' lang='lat' dir='ltr'>in</span> <span class='ocrx_word' id='word_1_736' title='bbox 1618 2257 1726 2279; x_wconf 85' lang='lat' dir='ltr'>monte</span> <span class='ocrx_word' id='word_1_737' title='bbox 1750 2254 1894 2282; x_wconf 86' lang='lat' dir='ltr'>ostensa,</span> <span class='ocrx_word' id='word_1_738' title='bbox 1927 2259 1966 2279; x_wconf 90' lang='lat' dir='ltr'>ne</span> <span class='ocrx_word' id='word_1_739' title='bbox 1990 2249 2128 2289; x_wconf 89' lang='lat' dir='ltr'>populus</span> <span class='ocrx_word' id='word_1_740' title='bbox 2152 2250 2186 2280; x_wconf 87' lang='lat' dir='ltr'>in</span> 
     </span>
     <span class='ocr_line' id='line_1_108' title="bbox 1218 2290 2186 2332; baseline 0.002 -11"><span class='ocrx_word' id='word_1_741' title='bbox 1218 2291 1334 2322; x_wconf 83' lang='lat' dir='ltr'>visibili</span> <span class='ocrx_word' id='word_1_742' title='bbox 1366 2291 1574 2322; x_wconf 86' lang='lat' dir='ltr'>tabernaculo</span> <span class='ocrx_word' id='word_1_743' title='bbox 1603 2292 1757 2322; x_wconf 86' lang='lat' dir='ltr'>subsistat</span> <span class='ocrx_word' id='word_1_744' title='bbox 1785 2290 1841 2321; x_wconf 89' lang='lat' dir='ltr'>sed</span> <span class='ocrx_word' id='word_1_745' title='bbox 1871 2291 1944 2322; x_wconf 87' lang='lat' dir='ltr'>fidei</span> <span class='ocrx_word' id='word_1_746' title='bbox 1968 2292 2186 2332; x_wconf 88' lang='lat' dir='ltr'>intelligentia</span> 
     </span>
     <span class='ocr_line' id='line_1_109' title="bbox 1217 2333 2187 2375; baseline 0.003 -12"><span class='ocrx_word' id='word_1_747' title='bbox 1217 2338 1363 2374; x_wconf 85' lang='lat' dir='ltr'>penetret</span> <span class='ocrx_word' id='word_1_748' title='bbox 1396 2334 1427 2364; x_wconf 87' lang='lat' dir='ltr'>in</span> <span class='ocrx_word' id='word_1_749' title='bbox 1457 2334 1596 2370; x_wconf 88' lang='lat' dir='ltr'>coelum,</span> <span class='ocrx_word' id='word_1_750' title='bbox 1628 2339 1659 2364; x_wconf 89' lang='lat' dir='ltr'>et</span> <span class='ocrx_word' id='word_1_751' title='bbox 1683 2344 1799 2365; x_wconf 87' lang='lat' dir='ltr'>sensus</span> <span class='ocrx_word' id='word_1_752' title='bbox 1821 2333 1939 2374; x_wconf 85' lang='lat' dir='ltr'>dirigat</span> <span class='ocrx_word' id='word_1_753' title='bbox 1962 2335 1995 2364; x_wconf 90' lang='lat' dir='ltr'>in</span> <span class='ocrx_word' id='word_1_754' title='bbox 2020 2335 2187 2375; x_wconf 79' lang='lat' dir='ltr'>exemplar</span> 
     </span>
     <span class='ocr_line' id='line_1_110' title="bbox 1218 2376 2187 2417; baseline 0.003 -11"><span class='ocrx_word' id='word_1_755' title='bbox 1218 2376 1395 2416; x_wconf 82' lang='lat' dir='ltr'>spirituale,</span> <span class='ocrx_word' id='word_1_756' title='bbox 1421 2377 1510 2408; x_wconf 89' lang='lat' dir='ltr'>cuius</span> <span class='ocrx_word' id='word_1_757' title='bbox 1535 2377 1666 2407; x_wconf 89' lang='lat' dir='ltr'>umbras</span> <span class='ocrx_word' id='word_1_758' title='bbox 1689 2377 1842 2407; x_wconf 62' lang='lat' dir='ltr'>cernebat⁴</span> <span class='ocrx_word' id='word_1_759' title='bbox 1865 2382 1896 2407; x_wconf 91' lang='lat' dir='ltr'>et</span> <span class='ocrx_word' id='word_1_760' title='bbox 1920 2377 2086 2417; x_wconf 89' lang='lat' dir='ltr'>imagines.</span> <span class='ocrx_word' id='word_1_761' title='bbox 2121 2378 2187 2409; x_wconf 87' lang='lat' dir='ltr'>Ne-</span> 
     </span>
     <span class='ocr_line' id='line_1_111' title="bbox 1218 2419 2187 2459; baseline 0.003 -10"><span class='ocrx_word' id='word_1_762' title='bbox 1218 2430 1279 2459; x_wconf 89' lang='lat' dir='ltr'>que</span> <span class='ocrx_word' id='word_1_763' title='bbox 1292 2424 1401 2449; x_wconf 89' lang='lat' dir='ltr'>tamen</span> <span class='ocrx_word' id='word_1_764' title='bbox 1422 2419 1473 2450; x_wconf 90' lang='lat' dir='ltr'>hic</span> <span class='ocrx_word' id='word_1_765' title='bbox 1493 2420 1649 2451; x_wconf 86' lang='lat' dir='ltr'>curiosius</span> <span class='ocrx_word' id='word_1_766' title='bbox 1670 2419 1975 2459; x_wconf 88' lang='lat' dir='ltr'>philosophandum.</span> <span class='ocrx_word' id='word_1_767' title='bbox 2003 2420 2187 2452; x_wconf 90' lang='lat' dir='ltr'>Multorum</span> 
     </span>
     <span class='ocr_line' id='line_1_112' title="bbox 1218 2461 2188 2504; baseline 0.002 -12"><span class='ocrx_word' id='word_1_768' title='bbox 1218 2462 1349 2493; x_wconf 81' lang='lat' dir='ltr'>auribus</span> <span class='ocrx_word' id='word_1_769' title='bbox 1373 2462 1511 2501; x_wconf 84' lang='lat' dir='ltr'>placebit</span> <span class='ocrx_word' id='word_1_770' title='bbox 1540 2462 1711 2502; x_wconf 83' lang='lat' dir='ltr'>allegoria,</span> <span class='ocrx_word' id='word_1_771' title='bbox 1741 2473 1797 2501; x_wconf 88' lang='lat' dir='ltr'>per</span> <span class='ocrx_word' id='word_1_772' title='bbox 1828 2461 1906 2493; x_wconf 87' lang='lat' dir='ltr'>duas</span> <span class='ocrx_word' id='word_1_773' title='bbox 1933 2463 2023 2494; x_wconf 86' lang='lat' dir='ltr'>bases</span> <span class='ocrx_word' id='word_1_774' title='bbox 2048 2463 2188 2504; x_wconf 87' lang='lat' dir='ltr'>intelligi</span> 
     </span>
     <span class='ocr_line' id='line_1_113' title="bbox 1219 2505 2188 2541; baseline 0.001 -5"><span class='ocrx_word' id='word_1_775' title='bbox 1219 2511 1312 2536; x_wconf 85' lang='lat' dir='ltr'>vetus</span> <span class='ocrx_word' id='word_1_776' title='bbox 1347 2510 1379 2535; x_wconf 87' lang='lat' dir='ltr'>et</span> <span class='ocrx_word' id='word_1_777' title='bbox 1414 2516 1532 2536; x_wconf 87' lang='lat' dir='ltr'>novum</span> <span class='ocrx_word' id='word_1_778' title='bbox 1574 2510 1822 2541; x_wconf 86' lang='lat' dir='ltr'>testamentum,</span> <span class='ocrx_word' id='word_1_779' title='bbox 1863 2506 1912 2536; x_wconf 88' lang='lat' dir='ltr'>vel</span> <span class='ocrx_word' id='word_1_780' title='bbox 1949 2505 2028 2537; x_wconf 87' lang='lat' dir='ltr'>duas</span> <span class='ocrx_word' id='word_1_781' title='bbox 2063 2506 2188 2538; x_wconf 85' lang='lat' dir='ltr'>Christi</span> 
     </span>
    </p>
   </div>
   <div class='ocr_carea' id='block_1_10' title="bbox 1218 2606 2188 2668">
    <p class='ocr_par' dir='ltr' id='par_1_10' title="bbox 1218 2606 2188 2668">
     <span class='ocr_line' id='line_1_114' title="bbox 1306 2606 2188 2642; baseline 0.003 -11"><span class='ocrx_word' id='word_1_782' title='bbox 1306 2607 1334 2637; x_wconf 93' lang='lat'>1)</span> <span class='ocrx_word' id='word_1_783' title='bbox 1346 2606 1436 2640; x_wconf 72' lang='lat' dir='ltr'>Satyr.</span> <span class='ocrx_word' id='word_1_784' title='bbox 1457 2608 1536 2632; x_wconf 86' lang='lat' dir='ltr'>XIV.</span> <span class='ocrx_word' id='word_1_785' title='bbox 1556 2606 1598 2634; x_wconf 82' lang='lat'>97.</span> <span class='ocrx_word' id='word_1_786' title='bbox 1618 2607 1653 2632; x_wconf 79' lang='lat' dir='ltr'>ln</span> <span class='ocrx_word' id='word_1_787' title='bbox 1671 2607 1835 2633; x_wconf 77' lang='lat' dir='ltr'>edztz&#39;onz&#39;bus</span> <span class='ocrx_word' id='word_1_788' title='bbox 1848 2607 1987 2633; x_wconf 74' lang='lat' dir='ltr'>luvenalis</span> <span class='ocrx_word' id='word_1_789' title='bbox 2005 2608 2087 2635; x_wconf 83' lang='lat' dir='ltr'>verba</span> <span class='ocrx_word' id='word_1_790' title='bbox 2102 2609 2188 2642; x_wconf 72' lang='lat' dir='ltr'>paulo</span> 
     </span>
     <span class='ocr_line' id='line_1_115' title="bbox 1218 2641 1419 2668; baseline 0 -2"><span class='ocrx_word' id='word_1_791' title='bbox 1218 2641 1296 2667; x_wconf 61' lang='grc' dir='ltr'>αἰτίαν</span> <span class='ocrx_word' id='word_1_792' title='bbox 1314 2644 1419 2668; x_wconf 80' lang='lat' dir='ltr'>sonant.</span> 
     </span>
    </p>
   </div>
  </div>
 </body>
</html>
