2304 3034
193 152 234 183 79
779 147 1147 181 COMMENTARIUS
1172 150 1220 181 IN
1244 149 1391 181 EXODI
1416 148 1514 179 GAP.
1536 148 1594 180 VI.
2147 152 2190 183 80

194 251 243 276 ter
266 244 480 276 sustinuerint
506 243 647 282 hospites
675 252 744 272 esse
774 246 805 272 et
829 242 991 282 peregrini
1017 243 1047 273 in
1073 249 1159 274 terra

195 288 362 323 Chanamiu
386 297 438 325 ([0.
431 296 467 316 ae
492 292 599 315 tamen
623 296 663 315 ex
687 284 814 315 foedere
842 285 900 315 Dei
924 285 1069 324 legitima
1092 292 1161 317 erat

194 332 338 377 ipsorum
364 328 556 358 tii-icioditas
608 328 685 358 Fuit
716 328 802 357 enim
835 337 926 358 rarae
950 329 1081 359 virtutis
1104 340 1161 359 va-

194 384 264 414 gari
299 378 364 402 toti
401 371 480 402 xita.
522 381 580 401 nec
609 370 766 410 angulum
811 369 929 400 habere
963 370 1016 401 ubi
1047 371 1160 410 pedem

194 418 345 455 tie-erent
381 414 442 444 nisi
475 413 561 461 quod
592 413 737 460 precario
769 413 847 452 ipsis
878 423 1067 444 concessum
1101 415 1162 445 tuit

194 456 403 488 tabernacula
436 456 576 496 erigere,
614 456 726 486 vicinis
761 461 868 485 tamen
904 456 970 486 suis
1003 467 1072 487 esse
1106 458 1160 487 oh-

195 500 322 531 noxios:
354 504 389 529 ut
417 499 522 529 solent
552 498 725 538 indigenae
755 508 834 537 prae
864 509 897 528 se
921 498 1083 538 despicere
1107 510 1161 530 ex-

195 550 289 573 teros.
336 543 443 581 Atque
472 542 531 572 hac
561 541 800 580 comparatione
831 541 962 581 gravius
989 542 1163 573 damnatur

194 588 226 617 in
252 584 391 625 posteris
414 584 559 615 socordia
583 589 614 614 et
636 583 854 624 ingratitudo,
879 584 905 614 si
930 586 1163 623 possessionem

194 629 282 659 adire
306 629 374 658 eius
397 634 500 658 terrae
521 627 702 657 detrectent
725 637 805 665 quae
830 632 999 666 tantopere
1022 629 1164 667 expetita
1188 638 1190 655 z

194 672 255 702 fuit
279 682 297 701 a
319 671 440 701 sanctis
463 671 617 709 patribus,
642 674 674 700 et
697 670 787 700 euius
810 669 877 699 solo
901 676 1031 709 aspectu
1057 671 1164 701 beatos

195 725 228 746 se
253 719 419 754 putarunt,
444 713 592 752 quamvis
615 713 649 742 in
669 723 706 743 ea
726 717 852 742 tantum
873 712 937 742 sint
956 713 1162 753 peregrinati.

280 757 308 787 Ξ).
356 756 484 794 Ideoque
525 766 575 796 eye
615 755 722 786 audiri
768 755 921 794 yemitum.
992 756 1164 787 Rationem

195 851 297 874 stare:
329 842 402 882 quia
428 841 550 872 scilicet
580 841 708 871 volebat
732 850 808 871 suos
833 840 950 871 misere
980 842 1096 882 affligi,
1130 848 1164 872 ut

196 886 339 925 apertius
374 889 577 915 succurreret
611 882 848 914 laborantibus:
889 883 1003 915 deinde
1038 884 1165 915 volebat

195 929 316 959 iniuste
341 928 442 967 premi
468 928 506 958 ab
533 927 710 967 Aegyptiis,
732 937 792 966 quo
816 927 932 957 iustius
956 938 973 957 a
993 927 1165 967 tyrannide

196 972 284 1011 ipsos
309 971 456 1010 eriperet.
511 969 613 1001 Sicuti
640 969 791 999 Abrahae
815 969 957 1000 dixerat:
990 970 1164 1010 Postquam

195 1014 280 1044 male
305 1013 433 1044 tractati
459 1014 586 1049 fuerint,
611 1023 670 1053 ego
696 1011 814 1042 vindex
839 1022 902 1043 ero.
938 1012 1164 1052 Opportunum

195 1067 273 1098 ergo
308 1055 430 1087 ferendi
462 1056 574 1086 auxilii
608 1062 734 1094 teinpus
764 1055 891 1086 venisse
926 1055 1076 1086 admonet
1107 1056 1166 1086 hac

194 1099 457 1131 circumstantia:
494 1099 569 1139 quia
604 1098 629 1128 si
663 1098 847 1128 humaniter
882 1098 1017 1129 fuissent
1040 1109 1166 1139 semper

196 1143 337 1182 excepti,
373 1149 403 1172 et
438 1143 509 1172 iura
541 1141 670 1181 hospitii
700 1151 777 1181 erga
805 1152 858 1171 005
890 1148 1020 1172 servata
1050 1147 1165 1180 essent,

197 1186 286 1216 nulla
315 1185 428 1216 fuisset
451 1184 663 1216 excutiendae
693 1183 922 1215 dominat-ionis
953 1185 1048 1215 ratio:
1080 1195 1166 1215 110110

198 1239 273 1259 vero
293 1234 460 1267 postquam
482 1227 635 1267 Aegyptii
656 1227 826 1266 aequitatis
846 1227 1050 1258 immemores
1069 1227 1164 1258 fidem

199 1271 379 1308 violarunt,
411 1281 548 1310 aequum
582 1270 644 1300 fuit
675 1270 779 1300 audiri
819 1281 836 1300 a
865 1270 934 1300 Deo
965 1271 1104 1310 gemitus
1133 1278 1165 1300 et

199 1315 356 1346 clamores
392 1314 500 1353 populi
536 1313 585 1343 sui
620 1312 753 1353 indigne
783 1313 903 1343 afflicti.
958 1313 1026 1344 Hoc
1056 1318 1165 1344 tamen

198 1367 325 1396 semper
349 1357 467 1387 diserte
492 1356 633 1386 affirmat
656 1367 695 1385 ex
720 1355 847 1386 foedere
871 1355 1019 1395 pendere,
1043 1362 1109 1386 tum
1131 1362 1165 1386 ut

199 1407 378 1440 agnoscant
401 1399 513 1430 Iudaei
545 1410 609 1429 non
642 1399 703 1429 alio
727 1409 823 1438 quam
847 1399 1006 1438 gratuitae
1029 1399 1164 1438 promis-

199 1443 298 1474 sionis
321 1447 470 1482 respectu
495 1442 555 1472 sibi
586 1441 776 1472 obstrictum
803 1452 887 1479 esse,
920 1448 989 1472 tum
1019 1442 1165 1482 persuasi

198 1496 347 1516 veracem
371 1496 440 1516 esse
464 1485 496 1515 in
517 1486 584 1516 suis
604 1485 781 1524 promissis,
806 1485 925 1516 certius
944 1484 1166 1516 liberationem

200 1533 397 1568 exspectent.
442 1526 714 1558 Recordationem
738 1527 876 1559 foederis
900 1527 975 1558 alibi
1001 1527 1066 1558 dixi
1096 1538 1166 1558 esse

200 1571 508 1602 demonstrationem
540 1571 680 1601 effectus.

201 1625 311 1645 versu:
342 1613 403 1644 Dic
426 1614 501 1644 filiis
527 1613 644 1644 Israel:
678 1613 749 1653 Ego
774 1613 904 1649 Iehova,
929 1614 968 1644 ad
992 1613 1165 1644 tollendam

200 1657 433 1687 dubitationem
457 1662 589 1696 spectat.
619 1657 683 1687 Res
707 1656 794 1687 euim
819 1662 887 1687 erat
912 1657 1052 1688 humano
1072 1667 1167 1688 sensu

199 1699 422 1739 impossibilis,
465 1699 628 1730 imbellem
670 1699 797 1730 turbam
831 1704 1023 1739 extorquere
1063 1699 1168 1730 saevis

200 1744 360 1783 tyrannis,
393 1754 455 1773 0011
485 1753 576 1774 500115
601 1748 695 1782 atque
725 1752 801 1774 oves
825 1753 937 1774 eruere
960 1753 1001 1773 ex
1023 1742 1168 1774 faucibus

200 1786 367 1826 luporum,
391 1790 423 1815 et
446 1785 624 1817 incolumes
650 1796 793 1820 servare,
826 1790 995 1826 postquam
1019 1785 1168 1817 dentibus

200 1830 329 1859 attritae
353 1834 386 1859 et
408 1828 568 1859 laceratae
597 1829 727 1860 fuerint.
782 1829 952 1860 Praefatur
982 1839 1058 1869 ergo
1082 1829 1168 1859 Deus

200 1871 239 1902 de
267 1882 324 1902 sua
353 1872 599 1911 incomparabili
629 1872 764 1909 virtute,
795 1878 830 1902 ut
858 1872 970 1903 doceat
1000 1871 1079 1902 nihil
1109 1871 1169 1902 sibi

202 1916 269 1945 fore
294 1915 413 1954 negotii
437 1915 469 1945 in
494 1926 527 1945 re
547 1915 754 1954 quantumvis
774 1915 953 1946 incredibili
977 1913 1167 1955 peragenda.

201 1957 278 1988 Ideo
302 1957 450 1997 adiungit
472 1968 505 1988 sc
529 1957 765 1997 redemptorem
796 1958 863 1988 fore
891 1959 925 1988 in
950 1957 1081 1989 brachio
1112 1968 1168 1988 ex—

201 2006 289 2031 tento
312 2007 342 2031 et
372 2000 500 2031 iudiciis
527 2001 670 2040 magnis:
703 2001 794 2040 quasi
819 2001 953 2032 diceret:
984 2001 1055 2041 Ego
1077 2000 1170 2030 docu—

201 2049 311 2074 menta
330 2043 422 2074 edani
443 2043 579 2074 mirifica
599 2043 744 2074 excelsae
764 2045 937 2083 potentiae⁷
957 2054 1038 2083 quae
1057 2053 1169 2073 5005115

201 2096 313 2117 omnes
348 2087 509 2117 humanos
543 2094 705 2126 superent.
765 2087 827 2117 Per
867 2087 986 2117 iudicia
1017 2085 1169 2125 iutelligit

202 2129 318 2169 agendi
350 2130 508 2166 rationes,
544 2140 624 2168 quae
659 2136 766 2159 tamen
801 2129 899 2160 simul
932 2130 1044 2160 futura
1076 2132 1170 2159 erant

202 2172 387 2202 testimonia
411 2183 486 2203 51100
512 2173 660 2203 iustitiae.
696 2172 779 2202 Nam
795 2172 954 2203 Hebraeis
973 2182 1089 2203 nomen
1111 2171 1170 2201 hoc

201 2215 376 2254 quamlibet
403 2215 660 2254 dispositionem,
692 2215 840 2253 modum,
872 2215 1017 2246 ordinem
1041 2219 1073 2245 et
1095 2224 1168 2245 con-

202 2258 426 2294 suetudinem,
457 2258 619 2288 iuterdum
645 2268 831 2288 mensuram
856 2258 1031 2298 significat,
1056 2256 1170 2298 gallice

202 2300 337 2332 dicimus
358 2302 467 2339 fageus
490 2300 623 2331 nctables
645 2311 683 2331 oio
707 2304 870 2340 estranqes.

290 2344 316 2374 7.
342 2343 385 2374 Et
407 2354 567 2375 asswnam
590 2354 642 2374 vos
664 2344 751 2375 milii.
786 2344 850 2375 Hic
874 2344 947 2375 finis
971 2341 1170 2373 liberationis

203 2385 397 2418 describitur
418 2387 450 2416 in
470 2387 624 2417 continuo
644 2387 767 2426 gratiae
787 2393 907 2418 tenore.
944 2387 1064 2417 Parum
1085 2385 1169 2415 enim

204 2429 332 2466 fuisset,
368 2429 522 2469 populum
558 2430 657 2460 semel
692 2440 731 2460 ex
762 2431 913 2469 Aegypto
947 2428 1075 2464 redimi,
1109 2427 1169 2457 nisi

204 2471 390 2512 redemptus
424 2473 482 2503 sub
515 2472 616 2503 tutela
654 2478 684 2502 et
718 2472 886 2520 ,praesidio
924 2472 985 2503 Dei
1026 2471 1168 2502 vixisset.

206 2514 295 2545 Sicut
320 2525 396 2555 ergo
421 2515 545 2555 prid‹m
575 2515 817 2546 circumcisione
848 2522 996 2546 sanetum
1021 2513 1170 2545 Abrahae

205 2568 313 2588 semen
345 2568 461 2598 scere<
463 2564 574 2589 ‘iverit
604 2568 621 2588 a
651 2558 781 2597 reliquis
810 2558 977 2598 gentibus,
1012 2558 1055 2587 ita
1086 2566 1169 2586 nunc

205 2599 309 2638 ipsum
333 2611 446 2631 rursus
470 2601 663 2632 sanctificat:
695 2611 794 2641 seque
826 2601 888 2632 illis
912 2601 944 2631 in
970 2600 1076 2631 Deum
1101 2599 1168 2629 sore

1187 453 1188 492 l
1213 457 1322 497 poi-alc
1347 457 1411 487 fore
1436 456 1626 487 beneficium
1651 455 1758 492 docet

1189 720 1350 753 ‘piterno
1385 723 1492 743 a·moie
1534 718 1757 759 prosequatur

1189 785 1191 793 ‚
1217 767 1270 796 piu*
1275 767 1335 785 nus
1356 756 1504 795 adiungit
1528 756 1763 794 possessionem
1788 761 1892 786 terrae
1916 755 2090 793 Chauaan,
2121 768 2184 796 qua

195 800 341 840 assignat
377 809 434 829 cnr
470 798 593 829 tamdiu
618 797 783 829 distulerit
812 797 909 828 fidem
934 798 1041 829 datam
1072 810 1163 839 prae-
1189 795 1191 803 ¹

728 1570 823 1609 Quod
850 1571 996 1610 sequitur
1020 1570 1166 1611 proximo
1192 1581 1194 1584 ’

1212 244 1381 283 promittit.
1435 243 1497 273 His
1526 252 1602 281 ergo
1630 243 1736 273 verbis
1768 249 1833 274 tam
1864 244 2035 292 peculiaris
2066 246 2183 278 electio

1213 297 1307 326 quain
1332 287 1401 317 eius
1433 285 1631 325 peipetuitas
1662 286 1831 316 asseritur:
1867 287 1941 326 quia
1970 289 2095 319 censeri
2119 289 2182 321 Dei

1213 329 1383 368 populum,
1408 327 1601 359 tintundem
1634 327 1723 359 valet
1752 338 1789 358 ac
1819 329 1979 368 singulari
2011 331 2181 372 privilegio

1212 372 1312 411 recipi
1346 371 1379 401 in
1415 378 1572 407 πνοι-001,
1613 374 1645 400 et
1678 369 1848 410 adoptione
1884 373 1987 403 vocari
2023 373 2056 403 in
2091 384 2181 413 spem

1214 421 1363 445 ¹laternae
1393 414 1516 444 salutis.
1565 412 1726 443 Futurum
1758 424 1833 444 vero
1857 418 1987 454 tempus
2011 426 2076 446 non
2100 423 2182 448 tem-

1794 467 1894 496 quum
1919 458 2008 488 Deus
2032 464 2182 507 porrecta

1214 510 1312 530 manu
1336 498 1448 529 educet
1472 498 1627 538 populum
1647 508 1686 528 ox
1702 499 1867 540 Aegypt-o:
1893 499 1948 530 sed
1969 500 2028 531 hoc
2053 501 2182 532 initium

1215 543 1374 572 duntaxat
1407 543 1474 572 fore
1508 547 1659 572 aeternae
1694 542 1910 580 protectionis.
1964 543 2066 573 Porro
2096 543 2182 574 inter

1214 596 1273 616 nos
1292 591 1321 615 et
1336 584 1502 615 Israelitas
1523 583 1663 614 tenenda
1682 589 1730 614 est
1749 594 1903 625 anagoge,
1923 585 1973 616 vel
1987 585 2180 618 similitudo:

1214 628 1289 667 quia
1313 627 1410 657 semel
1436 626 1526 657 Deus
1555 636 1612 666 per
1642 626 1800 662 unigeniti
1826 628 1882 658 filii
1906 638 2039 659 manum
2063 629 2182 669 eripuit

1215 682 1233 701 a
1257 671 1398 701 Saminae
1422 669 1604 710 tyrmuide,
1630 670 1659 699 in
1686 669 1773 700 hunc
1796 671 1892 701 finem
1918 678 1952 701 ut
1976 682 2032 702 nos
2056 681 2183 711 semper

1814 713 1929 744 Postea
1963 713 2095 744 arrham
2129 713 2182 745 vel

1217 799 1325 829 don-iti
1361 781 1494 828 fuerunt
1528 797 1709 833 Israelitae,
1746 802 1781 828 ut
1816 798 1905 829 Deus
1939 809 2066 839 semper
2099 799 2184 830 inter

1216 842 1300 881 ipsos
1321 840 1483 879 resideret,
1505 845 1688 880 protegeret
1706 841 1791 880 ipsos
1811 852 1868 871 suo
1893 841 2022 878 auxilio,
2048 842 2185 873 virtute·

1217 896 1278 924 quc
1304 890 1457 914 tueretur.
1507 884 1583 914 Dixi
1605 883 1687 914 hanc
1711 884 1808 914 fuisse
1832 883 1961 914 arrham
1986 884 2182 924 adoptionis:

1217 927 1291 967 quia.
1321 932 1449 966 patrum
1479 926 1559 957 fides
1589 926 1687 957 affixa
1716 936 1785 956 esse
1814 938 1877 957 non
1907 926 2017 957 debuit
2047 927 2185 958 terrenis

1219 970 1388 1006 beneficiis,
1412 968 1467 1000 sed
1492 969 1623 999 tendere
1647 969 1686 999 ad
1707 969 1854 1000 altiorem
1876 979 2018 1009 scopum.
2053 970 2185 1001 Interea

1217 1019 1352 1043 externo
1376 1012 1429 1042 illo
1454 1011 1598 1053 symbolo
1622 1012 1711 1042 Deus
1734 1011 1874 1043 ostendit
1903 1013 2101 1052 peculiarem
2124 1013 2185 1044 sibi

1217 1066 1287 1086 0550
1311 1055 1479 1094 populum,
1514 1055 1606 1086 cuius
1630 1055 1822 1085 habitationi
1852 1060 1972 1085 terram
2005 1054 2124 1096 delegit
2152 1056 2185 1086 in

1217 1109 1279 1138 qna
1302 1098 1470 1129 coleretur.
1517 1097 1612 1136 Quod
1644 1097 1720 1128 dicit
1749 1109 1782 1128 se
1812 1098 1937 1129 levasse
1969 1108 2118 1135 manum,
2145 1097 2186 1129 ad

1218 1141 1494 1172 confirmationem
1518 1141 1621 1171 valet:
1651 1141 1726 1180 quia
1756 1140 1964 1171 iureiurando
1994 1141 2185 1181 interposito

1219 1184 1342 1214 sancita
1366 1183 1536 1223 promissio
1560 1184 1628 1214 fuit.
1665 1184 1801 1214 Certum
1825 1183 1954 1223 quidem
1979 1189 2028 1214 est
2051 1185 2085 1214 in
2108 1184 2186 1215 sim-

1220 1227 1292 1266 plici
1318 1226 1378 1256 Dci
1410 1227 1506 1257 verbo
1531 1227 1607 1257 satis
1637 1236 1796 1266 superque
1826 1236 1895 1257 esse
1921 1227 2098 1258 firmitatis:
2129 1225 2186 1258 sed

1221 1270 1279 1300 hoc
1298 1270 1453 1300 concessit
1473 1269 1639 1300 homiuum
1652 1269 1873 1305 imbecillitati,
1892 1274 1927 1300 ut
1943 1279 2070 1300 sacrum
2090 1279 2186 1300 suum

1219 1323 1352 1347 nomen,
1384 1312 1473 1351 quasi
1499 1312 1680 1352 sponsionis
1702 1312 1786 1350 loco,
1816 1312 1850 1342 in
1881 1312 1986 1343 medio
2010 1316 2183 1343 statueret:

1219 1366 1281 1395 quo
1305 1356 1437 1385 certiore
1458 1355 1573 1385 fiducia
1592 1355 1737 1395 persuasi
1758 1360 1865 1385 essent
1886 1354 1966 1385 nihil
1986 1355 2045 1386 sibi
2065 1354 2187 1386 frustra

1220 1398 1373 1438 promitti.
1419 1398 1548 1428 Levare
1571 1408 1702 1428 manum
1728 1398 1835 1428 iurare
1865 1398 2041 1437 signifieat,
2072 1397 2187 1429 simili-

1220 1441 1329 1471 tudine
1349 1441 1387 1471 ab
1406 1439 1590 1471 hominibus
1609 1445 1747 1480 sumpta,
1767 1441 1820 1480 qui
1841 1441 1901 1471 hoc
1920 1444 2011 1481 gestu
2026 1443 2187 1471 testantur

1219 1494 1253 1515 se
1284 1494 1390 1514 eoram
1421 1484 1490 1514 Deo
1519 1484 1620 1523 loqui,
1651 1495 1686 1514 ae
1717 1483 1743 1514 si
1774 1488 1887 1514 testem
1918 1494 1934 1514 e
1966 1483 2052 1514 coelo
2081 1483 2186 1523 ipsum

1220 1532 1430 1558 accerserent.
1476 1527 1548 1558 1100
1572 1528 1604 1556 10
1629 1527 1737 1557 Deum
1762 1537 1827 1556 non
1851 1527 2023 1567 competit,
2053 1527 2107 1566 qui
2131 1536 2188 1566 per

1220 1580 1253 1600 se
1277 1570 1381 1609 ipsum
1406 1570 1499 1607 iurat,
1523 1570 1597 1610 quia
1622 1569 1729 1600 nullus
1748 1569 1843 1600 altior
1862 1573 1911 1600 est
1929 1569 1969 1600 ad
1988 1579 2083 1609 quem
2097 1569 2189 1600 tollat

1220 1622 1367 1643 manum:
1409 1612 1505 1654 (Heb.
1540 1613 1570 1651 5,
1604 1613 1636 1655 3)
1655 1612 1677 1654 ¹)
1710 1612 1765 1644 sed
1799 1612 1975 1653 improprie
2008 1612 2048 1643 ad
2081 1612 2188 1653 ipsum

1220 1656 1413 1687 transfertur
1436 1656 1518 1695 quod
1542 1656 1698 1687 usitatum
1718 1661 1766 1687 est
1796 1656 1880 1686 inter
1899 1656 2057 1687 homines.
2092 1655 2188 1694 Quod

1220 1698 1383 1735 inseritur,
1408 1699 1544 1730 scituros
1564 1699 1728 1730 Israelitas
1751 1699 1858 1738 ipsum
1882 1709 1952 1730 esse
1973 1698 2079 1729 Deum
2102 1702 2189 1738 post-

1220 1752 1315 1781 quam
1328 1741 1433 1773 educti
1454 1743 1582 1779 fuerint,
1604 1742 1767 1781 obliquam
1787 1741 2068 1782 exprobrationem
2087 1741 2189 1772 conti-

1220 1790 1289 1815 net:
1331 1785 1406 1824 quia
1445 1785 1567 1816 scilicet
1599 1786 1696 1816 nimis
1730 1785 1818 1815 lenta
1852 1790 1900 1816 est
1933 1784 2073 1825 cognitio
2106 1794 2187 1824 quae

1221 1827 1369 1858 effectum
1410 1829 1624 1868 subsequitur.
1682 1827 1787 1859 Simul
1821 1832 1929 1858 tamen
1964 1827 2186 1868 experimento

1221 1870 1326 1910 pal-ani
1361 1881 1394 1901 se
1428 1872 1588 1902 facturum
1623 1870 1785 1910 promittit
1817 1881 1912 1910 quam
1949 1880 2048 1901 verax
2082 1870 2123 1901 sit
2152 1870 2186 1900 in

1220 1913 1368 1944 omnibus
1382 1914 1447 1944 suis
1467 1914 1569 1951 dictis,
1590 1920 1625 1944 ut
1644 1913 1845 1945 constantius
1858 1913 2026 1944 Israelitae
2039 1912 2187 1952 redemp-

1221 1956 1341 1986 tionem
1381 1967 1471 1987 suam
1514 1961 1712 1996 exspectent.
1766 1956 1806 1987 In
1855 1956 1999 1988 clausula
2038 1960 2187 1995 repetens

1221 2009 1254 2029 se
1283 2010 1352 2029 0550
1386 1999 1556 2037 1011011001,
1587 2000 1739 2031 invictam
1770 2010 1863 2030 suam
1897 1999 2069 2035 virtutem,
2105 2008 2187 2038 quae

1222 2041 1312 2071 facile
1332 2048 1462 2081 superat
1480 2043 1588 2073 omnia
1607 2042 1838 2082 impedimenta
1858 2041 1967 2083 (sicuti
1989 2041 2083 2081 paulo
2099 2040 2187 2082 ante)

1221 2085 1434 2115 commendat.
1491 2085 1685 2125 Quanquam
1720 2085 1816 2116 simul
1857 2085 2005 2115 veritatis
2047 2084 2187 2125 elogium

1221 2127 1363 2157 continet
1388 2128 1464 2159 haee
1489 2128 1647 2168 loquuti0:
1678 2129 1767 2168 quasi
1792 2127 1912 2159 diceret
1936 2138 1969 2158 se
1992 2137 2095 2158 unum
2118 2137 2188 2158 esse

1221 2169 1272 2199 cui
1307 2176 1375 2200 tuto
1406 2171 1562 2208 ereditur,
1593 2171 1668 2211 quia
1697 2177 1728 2201 et
1759 2169 1861 2201 fidelis
1885 2176 1932 2202 est
1962 2170 1995 2200 in
2020 2170 2187 2210 promissis

1221 2211 1298 2248 suis,
1322 2220 1353 2243 et
1376 2214 1533 2245 immensa
1556 2214 1699 2254 potentia
1722 2213 1897 2253 praeditus.

1309 2298 1337 2328 9.
1363 2298 1405 2328 Et
1427 2299 1471 2329 ita
1494 2299 1636 2338 loquutus
1658 2302 1701 2330 est
1718 2299 1820 2330 Moses
1843 2299 1884 2329 ad
1904 2299 1987 2337 filios
2000 2297 2119 2329 Israel.-
2135 2298 2189 2330 sed

1223 2351 1282 2371 non
1305 2342 1470 2372 audierunt
1495 2342 1602 2373 Mosen
1619 2353 1699 2382 prae
1722 2342 1869 2381 anyustia
1892 2341 2040 2380 spiritus,
2065 2343 2091 2372 et
2107 2350 2188 2380 prae

1222 2383 1303 2414 dura
1333 2384 1483 2415 servitute.
1531 2386 1579 2416 10.
1610 2385 1769 2424 Loquutus
1804 2387 1906 2415 autem
1933 2387 1976 2415 est
2005 2383 2118 2415 Ielzova
2147 2383 2189 2414 ad

1225 2425 1342 2461 11103011,
1366 2426 1481 2458 dicens:
1529 2429 1575 2459 11.
1601 2428 1766 2468 Inyredere
1788 2430 1814 2457 et
1843 2427 1963 2466 loquere
1984 2427 2025 2458 ad
2051 2426 2189 2458 Pharao-

1223 2479 1291 2499 nem
1319 2479 1417 2508 regyem
1438 2470 1583 2510 Aeqypti,
1613 2474 1646 2501 ut
1675 2471 1809 2502 dimittat
1833 2470 1917 2509 filios
1940 2469 2044 2501 Israel
2065 2479 2080 2500 e
2105 2471 2189 2500 terra

1222 2521 1290 2542 sua.
1344 2512 1391 2542 12.
1428 2513 1513 2544 Tunc
1546 2514 1688 2554 loquutus
1721 2515 1764 2545 est
1793 2512 1898 2544 Moses
1930 2522 2036 2545 coram
2064 2511 2188 2549 Iehova,

1292 2605 1319 2637 1)
1339 2603 1398 2631 Imo
1416 2606 1439 2635 6,
1462 2606 1498 2631 13.
