2304 3034
205 197 268 228 563

502 287 567 319 EX
590 287 723 319 DEUT.
747 286 882 320 XXIII.

297 376 333 405 21
352 374 381 415 ¹).
420 374 456 404 Si
490 376 591 404 volum
621 374 738 404 voveris
770 372 900 404 Iehovae
928 372 995 404 Deo
1024 376 1089 409 tuo,
1119 385 1178 406 non

211 418 353 450 tardabis
395 416 475 447 illud
510 416 639 447 solvere:
678 415 798 455 alioqui
827 416 1009 455 requirendo
1044 417 1179 455 requiret

214 461 290 491 illud
315 460 425 490 [clm-a
449 459 524 489 deus
547 461 620 489 tuus
643 458 697 489 abs
720 461 760 495 te,
786 461 813 489 et
835 459 892 491 erit
916 459 992 489 inte
1010 461 1176 497 peccatum.

210 504 260 534 22.
289 503 373 541 Quod
396 502 424 531 si
443 501 630 532 abstinueris
648 511 668 531 a
689 502 827 539 vovendo,
850 511 909 532 non
932 502 989 532 erit
1008 502 1041 532 in
1063 504 1090 533 te
1107 513 1177 541 pec-

209 549 325 576 catum:
347 544 426 584 quod
448 554 603 584 eyressum
629 543 727 582 fuerit
756 554 771 575 e
797 544 891 576 labiis
913 545 976 576 tuis
998 545 1178 584 observabis,

208 591 235 619 et
254 588 352 627 facies
373 588 450 618 sicut
482 587 591 618 vovisti
620 586 750 617 Ioliovae
772 586 839 618 Deo
869 589 920 618 tuo
942 587 1123 626 liberaliter,
1152 590 1179 619 et

206 631 285 662 sicut
308 631 452 669 loquutus
475 640 505 660 es
528 639 579 660 ore
598 632 657 659 tuo.

294 716 344 746 21.
376 715 411 745 Si
435 717 534 745 votum
555 715 672 745 voveris
694 714 832 746 Ielzovae.
867 715 1015 746 Pertinet
1039 716 1177 747 vovendi

209 769 336 798 quoque
356 757 436 788 ratio
456 757 494 788 ad
514 757 772 788 observationem
793 758 879 789 tertii
900 759 1079 798 praecepti:
1103 760 1177 798 quia

211 801 356 832 vovendo
387 800 535 831 homines
565 800 599 830 in
630 800 861 831 sanctificando
892 800 953 832 Dei
982 802 1112 832 nomine
1143 813 1176 833 se

210 851 379 880 exercent,
410 848 440 873 et
470 843 592 883 species
623 848 671 874 est
702 843 928 880 iurisiurandi,
961 844 1081 883 aliquid
1106 844 1176 876 Deo

208 887 411 927 promittere:
448 887 522 926 quia
555 886 680 917 solenni
708 886 773 916 ritu
797 886 1017 926 interponitur
1048 898 1176 918 sacrum

209 930 279 961 eius
309 939 436 959 nomen.
483 928 567 959 Nam
591 928 674 969 quod
696 929 779 960 inter
803 929 951 960 homines
973 936 1104 969 pactum
1128 930 1176 961 di-

211 973 294 1003 citur
319 971 366 1002 vel
392 972 572 1008 conventio,
600 972 662 1002 Dei
687 978 835 1012 respectu
860 978 970 1004 votum
991 977 1055 1004 est:
1091 972 1176 1004 ideo-

209 1025 269 1054 que
295 1021 368 1054 aptc
393 1014 453 1046 dici
477 1019 582 1054 potest
605 1024 695 1045 saera
718 1015 831 1055 pactio,
855 1025 935 1054 quae
959 1026 1023 1046 non
1048 1020 1175 1047 tantum

207 1059 243 1088 fit
275 1058 343 1088 Deo
367 1063 456 1094 teste,
481 1057 536 1088 sed
561 1068 633 1088 cum
658 1058 727 1097 ipso
752 1059 950 1098 transigitur.
996 1058 1085 1089 Alibi
1109 1059 1177 1098 qui-

208 1100 280 1130 dem
311 1101 414 1131 obiter
444 1107 520 1131 vota
550 1100 708 1140 quaedam
739 1101 917 1141 attigimus,
948 1106 984 1131 ut
1013 1101 1175 1133 Nazarae-

207 1153 315 1173 orum:
337 1142 392 1173 sed
413 1143 487 1182 quia
503 1143 701 1174 consecratio
717 1143 773 1174 illa
797 1154 871 1183 pars
894 1149 963 1175 erat
986 1144 1092 1175 cultus
1105 1144 1176 1183 Dei,

207 1197 276 1216 eam
308 1187 340 1216 in
370 1186 473 1225 primo
502 1192 673 1226 praecepto
701 1186 803 1226 posui.
850 1186 917 1218 Nee
947 1197 1025 1218 sane
1047 1187 1112 1218 illic
1136 1186 1175 1218 de

206 1229 273 1268 ipsa
295 1230 358 1258 voti
379 1228 576 1269 obligatione
599 1230 728 1269 proprie
752 1228 903 1260 disseruit
915 1230 1033 1267 Moses,
1056 1229 1111 1261 sed
1136 1230 1174 1261 de

205 1271 260 1301 illo
291 1272 420 1311 pietatis
450 1272 606 1302 exercitio
644 1271 729 1311 quod
760 1272 912 1312 populum
942 1272 980 1303 ad
1012 1273 1172 1313 puritatis,

205 1315 437 1345 sanctimoniae
455 1321 487 1345 et
510 1314 694 1345 sobrietatis
717 1314 860 1345 studium
877 1315 1046 1347 excitabat.
1081 1315 1173 1347 Idem

205 1363 361 1397 sequutus
384 1367 455 1388 sum
480 1358 511 1388 in
537 1357 727 1388 voluntariis
753 1358 933 1396 sacrificiis,
957 1369 1037 1398 quae
1061 1359 1172 1389 maiori

206 1412 246 1430 ex
271 1405 360 1439 parte
385 1400 493 1431 votiva
512 1399 611 1431 fuisse
630 1404 756 1431 certum
776 1406 842 1431 est:
864 1401 919 1432 sed
942 1401 1026 1441 quod
1050 1402 1173 1441 praeci-

206 1453 306 1483 puum
336 1448 406 1473 erat
433 1442 652 1481 consideravi,
683 1443 722 1474 de
746 1444 927 1475 accessione
950 1455 1015 1475 non
1040 1443 1173 1485 perinde

205 1485 370 1516 sollicitus.
422 1485 519 1516 Nunc
553 1496 629 1517 vero
663 1486 696 1517 in
731 1486 833 1517 altera
866 1487 971 1526 specie
1004 1488 1174 1518 confirmat

206 1528 316 1559 Moses
346 1527 430 1568 quod
460 1529 549 1568 prius
581 1528 706 1567 docuit,
737 1539 855 1560 nomen
880 1530 943 1561 Dei
967 1541 1029 1561 non
1052 1529 1175 1562 frustra.

207 1582 278 1603 esse
306 1570 510 1602 sumendum.
557 1572 670 1611 Itaque
699 1571 788 1603 iubet
817 1577 891 1604 vota
920 1572 1061 1611 solvere,
1093 1584 1174 1613 quae

206 1615 269 1646 nisi
293 1619 363 1645 rata
385 1614 459 1651 sint,
484 1615 690 1646 imminuitur
713 1615 854 1646 nominis
875 1616 937 1646 Dei
960 1616 1072 1656 gloria,
1096 1616 1174 1647 dum

207 1658 277 1689 iure
306 1667 362 1688 suo
391 1657 544 1688 faudatur
573 1658 655 1697 ipse,
686 1664 717 1688 et
747 1668 804 1698 pro
828 1658 929 1689 nihilo
953 1658 1082 1690 ducitur
1103 1669 1176 1699 pro-

209 1701 318 1731 missio
358 1711 464 1731 coram
501 1701 569 1740 ipso
594 1701 726 1732 sancita.
781 1701 882 1732 Porro
908 1701 1085 1733 notandum
1119 1707 1176 1738 est,

210 1747 285 1774 vota
303 1744 410 1773 onmia
430 1754 512 1782 quae
533 1754 675 1783 unquam
695 1744 764 1775 Deo
789 1748 883 1784 grata
906 1745 1055 1784 fuerunt,
1078 1745 1176 1776 fuisse

209 1786 393 1816 testimonia
417 1786 636 1826 gratitudinis,
660 1798 699 1818 ne
719 1787 947 1818 beneficiorum
969 1788 1036 1819 eius
1056 1798 1177 1818 memo—

208 1829 256 1859 ria
285 1828 509 1866 intercideret,
541 1839 677 1869 quorum
706 1830 802 1860 nimis
833 1830 925 1862 facile
952 1831 1070 1862 oblivio
1093 1831 1178 1861 inter

209 1882 266 1903 nos
295 1872 428 1912 obrepit.
476 1871 587 1910 Quum
619 1883 694 1913 ergo
724 1874 828 1904 sancti
860 1873 911 1903 vel
936 1873 1097 1905 tarditatis
1128 1873 1176 1904 vel

208 1915 358 1955 ignaviae
382 1914 443 1945 sibi
467 1915 587 1946 conscii
611 1920 719 1946 essent
742 1917 774 1946 in
798 1916 1015 1956 praedicanda
1038 1916 1100 1947 Dei
1124 1917 1178 1947 bo—

209 1958 325 1995 nitate,
350 1957 410 1988 hoc
434 1957 621 1989 adiumento
645 1964 675 1989 ct
699 1958 789 1998 quasi
812 1958 944 1990 stimulo
968 1959 1017 1990 usi
1040 1963 1117 1991 sunt
1139 1958 1179 1990 ad

208 2000 432 2040 corrigendam
479 2011 570 2031 suam
607 2001 789 2041 segnitiem.
831 2001 883 2032 Ita
919 2013 1017 2042 quum
1056 2003 1178 2033 serium

209 2043 329 2083 aliquid
349 2054 367 2074 a
392 2044 460 2074 Deo
484 2044 695 2083 postularent,
719 2055 813 2084 saepe
837 2045 943 2084 aliqua
967 2045 1179 2085 promissione

209 2097 242 2116 se
256 2086 459 2125 obstringere
472 2086 617 2117 solebant
631 2086 670 2117 ad
685 2087 865 2118 testandam
883 2089 1060 2127 gratiarum
1082 2087 1178 2119 actio—

210 2140 293 2159 nem.
340 2128 509 2160 Eiusmodi
536 2135 613 2160 vota
633 2136 744 2161 sancte
768 2136 799 2160 et
824 2131 960 2161 fideliter
984 2131 1107 2161 servari
1130 2130 1179 2161 iu-

211 2171 261 2201 bet
291 2172 416 2205 Moses,
448 2183 489 2203 ne
519 2172 590 2203 Deo
614 2173 752 2203 illudant
774 2175 828 2213 qui
852 2184 891 2203 cx
916 2174 1057 2213 periculo
1079 2172 1179 2213 elapsi

209 2220 302 2252 sunt,
335 2214 384 2245 vel
405 2215 502 2245 rebus
524 2216 643 2255 optatis
667 2216 777 2256 potiti,
809 2227 908 2256 quum
932 2217 964 2246 in
989 2226 1046 2247 sua
1069 2216 1178 2247 anxie-

209 2257 280 2288 rlatc
314 2257 476 2297 supplices
500 2258 628 2289 fuerint.
675 2258 802 2290 Scimus
826 2259 912 2290 enim
937 2264 1058 2299 quanta
1080 2258 1179 2290 facili-

209 2306 287 2337 tate,
318 2301 366 2331 vel
398 2301 504 2340 potius
528 2301 669 2339 levitate,
693 2302 862 2341 rapiantur
885 2302 976 2332 multi
1001 2302 1040 2332 ad
1061 2311 1180 2332 voven-

210 2343 295 2377 dum,
317 2344 369 2382 qui
391 2354 464 2374 mox
483 2343 593 2374 cadem
612 2345 829 2375 inconstantia
846 2355 903 2384 pro
926 2344 1028 2375 nihilo
1053 2343 1175 2375 ducunt

211 2386 319 2415 «latum
345 2386 441 2416 tidem
474 2386 602 2417 violare.
648 2387 719 2418 Hac
751 2388 784 2417 in
816 2396 906 2428 parte
938 2388 1027 2418 Deus
1062 2387 1178 2418 merito

214 2439 327 2458 nonu—n
356 2439 450 2459 >uum
475 2439 492 2459 a
517 2436 703 2469 contemptu
729 2430 887 2467 vindicat,
919 2436 1015 2469 atque
1038 2430 1072 2460 in
1096 2429 1181 2460 hunc

213 2473 308 2501 tim-ni
341 2472 481 2511 postulat
515 2472 574 2502 sibi
610 2473 690 2503 solvi
725 2472 808 2512 quod
843 2473 1039 2513 promissum
1075 2472 1180 2503 fuerit.

213 2513 276 2543 Sed
303 2515 452 2552 quoniam
478 2516 694 2555 superstitiosi
720 2516 779 2546 hoc
803 2516 946 2551 trahunt,
966 2515 1018 2546 vel
1033 2521 1183 2554 torquent

213 2557 392 2594 momiscw·
421 2557 459 2587 ad
491 2559 651 2597 quaelibet
682 2567 763 2595 vota,
795 2569 855 2598 quo
880 2559 1057 2598 genuinum
1083 2557 1183 2588 Mosis
1208 2576 1209 2599 ;

301 2651 325 2676 11
346 2651 427 2676 Hclr.
447 2651 479 2676 '2¹2
489 2651 555 2676 -Ξ4,

930 195 1138 228 TERTIUM
1159 196 1480 229 PRAECEPTUM.

2131 199 2195 230 564

1230 302 1361 323 sensum
1398 296 1581 329 teneamus,
1615 291 1809 323 refutandus
1844 296 1892 322 est
1924 291 2054 322 illorum
2095 303 2194 324 error.

1232 334 1353 365 Volunt
1380 335 1524 375 papistae
1553 341 1626 365 vota
1656 335 1764 365 omnia
1793 334 1951 374 praestari
1979 335 2050 365 sine
2079 345 2194 375 excep-

1228 377 1324 414 tione,
1349 377 1424 417 quia
1448 378 1603 417 scriptum
1627 378 1676 413 sit,
1702 377 1775 408 Non
1799 376 1940 408 tardabis
1964 376 2089 408 solvere
2110 377 2194 418 quod

1229 430 1394 460 egressum
1418 421 1479 451 erit
1502 430 1544 450 ex
1567 431 1621 451 ore
1644 426 1707 451 tuo.
1743 419 1808 450 Sed
1821 419 1963 460 primum
1987 420 2126 451 tenenda
2148 425 2197 452 est

1229 467 1377 493 votorum
1409 463 1569 499 definitio,
1606 470 1659 493 aut
1690 462 1805 493 saltem
1836 461 2013 493 videndum
2037 473 2194 503 quaenam

1228 505 1372 546 legitima
1404 505 1476 536 sind
1502 510 1577 536 vota
1607 510 1638 536 et
1660 505 1730 536 Deo
1752 506 1938 545 probentur.
1982 505 2068 536 Nam
2090 506 2116 536 si
2140 516 2195 537 vo-

1229 548 1272 579 tis
1295 548 1462 586 omnibus,
1496 548 1674 588 quamlibet
1704 554 1824 578 temere
1852 548 2047 588 nuncupatis
2070 552 2196 580 constet

1229 590 1377 629 effectus,
1408 591 1483 621 olim
1515 591 1574 622 sub
1605 591 1675 630 lege
1713 590 1760 621 fas
1791 590 1903 621 fuisset
1932 590 2014 622 filios
2047 598 2079 622 et
2112 591 2194 623 filias

1229 638 1386 670 mactare,
1413 634 1536 674 erigere
1558 633 1651 664 idolis
1674 633 1802 670 altaria,
1831 638 1928 673 atque
1951 634 1996 664 ita
2018 633 2078 667 hoc
2101 644 2193 674 prae-

1230 681 1321 707 textu
1353 682 1421 707 tota
1449 676 1502 707 lex
1530 675 1592 706 Dci
1617 686 1732 707 eversa
1758 686 1891 715 prorsus
1918 676 2038 708 fuisset.
2085 676 2195 716 Quare

1229 719 1435 750 statuendum
1468 724 1515 750 est
1543 718 1715 749 discrimen
1739 718 1826 749 inter
1849 723 1939 758 vota,
1969 720 2033 750 nisi
2057 719 2193 751 velimus

1229 762 1276 792 sas
1307 769 1337 792 et
1368 762 1458 792 nefas
1488 761 1693 793 confundere.
1739 761 1810 792 Hoc
1838 767 1944 792 autem
1978 762 2121 802 primum
2144 765 2194 793 est

1227 811 1338 844 caput,
1371 804 1451 835 nihil
1475 805 1536 835 rite
1560 805 1667 835 voveri
1691 804 1781 842 Deo,
1812 805 1872 835 nisi
1897 804 1981 844 quod
2004 805 2192 845 cognoveri-

1228 858 1299 878 mus
1328 847 1357 877 ei
1387 847 1522 887 plaeere.
1567 847 1650 878 Nam
1675 847 1700 877 si
1723 846 1905 878 obedientia
1928 847 2033 887 potior
2056 852 2105 878 est
2125 858 2193 879 om-

1228 890 1323 921 nibus
1346 890 1510 921 sacrificiis
1533 889 1574 931 (1.
1598 889 1685 921 Sam.
1712 890 1760 927 15,
1785 889 1847 931 22),
1871 889 1954 921 nihil
1979 895 2065 921 certe
2088 890 2192 931 magis

1227 931 1402 964 absurdum
1421 940 1469 963 est
1487 943 1582 972 quam
1606 932 1770 964 licentiam
1794 932 1878 964 hanc
1901 933 2051 973 grassari,
2074 938 2111 964 ut
2133 943 2192 964 suo

1228 975 1363 1015 quisque
1386 976 1516 1006 arbitrio
1540 975 1646 1006 Deum
1667 975 1758 1006 colat.
1804 975 1841 1006 Si
1865 976 2009 1007 vovisset
2032 976 2191 1016 quispiam

1227 1029 1267 1049 ex
1286 1017 1412 1049 Iudaeis
1436 1029 1470 1049 se
1492 1029 1603 1049 canem
1628 1018 1887 1056 immolaturum,
1910 1019 1985 1058 quia
2008 1018 2039 1049 id
2063 1019 2192 1050 vetabat

1227 1061 1279 1092 lex
1303 1061 1374 1098 Dei,
1397 1061 1600 1101 sacrilegium
1626 1061 1737 1092 fuisset
1762 1066 1872 1092 votum
1897 1061 2031 1093 solvere.
2078 1061 2192 1093 Caete-

1227 1115 1299 1135 rum
1323 1104 1397 1143 quia
1425 1105 1510 1134 inter
1533 1104 1563 1134 id
1588 1104 1670 1143 quod
1696 1103 1815 1135 diserte
1837 1104 1999 1144 praecepit
2022 1104 2112 1135 Deus
2136 1109 2192 1135 aut

1227 1146 1345 1183 vetuit,
1375 1146 1499 1177 medius
1523 1153 1570 1177 est
1589 1146 1703 1186 aliquis
1728 1146 1863 1187 gradus,
1895 1146 1987 1178 obiici
2011 1151 2132 1187 posset,
2156 1147 2190 1178 in

1226 1189 1321 1220 rebus
1345 1199 1423 1228 quas
1445 1188 1666 1220 indifferentes
1679 1194 1810 1227 vocant,
1831 1190 1925 1221 licere
1951 1194 2061 1221 votum
2084 1190 2190 1222 conci-

1225 1242 1311 1272 pere.
1350 1232 1477 1263 Rursus
1502 1232 1554 1262 hic
1577 1232 1771 1272 respondeo,
1793 1233 1867 1272 quia
1891 1233 2084 1273 principium
2110 1232 2190 1264 illud

1226 1285 1354 1315 semper
1373 1275 1481 1315 vigere
1505 1275 1599 1305 debet
1621 1275 1707 1306 inter
1730 1275 1810 1315 pios,
1834 1275 1916 1306 nihil
1940 1276 2010 1307 sine
2032 1276 2096 1306 fine
2118 1280 2190 1307 ten·

1227 1317 1361 1348 tandum
1385 1327 1469 1353 esse,
1493 1327 1620 1358 semper
1642 1318 1911 1349 considerandum
1934 1329 2004 1349 esse
2027 1317 2104 1358 quid
2128 1318 2189 1350 Dei

1225 1360 1324 1391 verbo
1346 1364 1596 1391 consentaneum
1621 1361 1676 1398 sit,
1711 1361 1828 1401 alioqui
1850 1366 2094 1401 praeposterum
2120 1371 2189 1393 esse

1225 1403 1338 1434 zelum.
1371 1402 1445 1433 Non
1469 1403 1600 1434 vetabat
1623 1403 1712 1434 Deus
1735 1403 1813 1434 olim
1836 1404 2012 1444 permulta,
2036 1414 2118 1443 quae
2142 1409 2189 1435 ta-

1224 1456 1300 1477 men
1318 1444 1377 1477 sibi
1395 1445 1427 1476 in
1446 1445 1568 1477 cultum
1587 1446 1695 1477 offerri
1716 1446 1846 1478 nolebat
1857 1446 1965 1488 (Rom.
1980 1446 2028 1485 14,
2051 1446 2116 1489 23).
2138 1446 2191 1478 Ita

1226 1493 1258 1520 et
1274 1488 1370 1519 hodie
1392 1498 1574 1528 quanquam
1600 1494 1666 1519 tota
1690 1490 1754 1520 vita
1778 1489 1886 1521 licebit
1898 1500 2013 1521 carnes
2030 1500 2094 1520 non
2110 1500 2189 1530 gus-

1226 1536 1310 1569 tare,
1340 1531 1454 1571 siquis
1478 1536 1587 1562 tamen
1612 1538 1800 1572 perpetuam
1825 1543 1936 1564 earum
1960 1532 2189 1564 abstinentiam

1228 1578 1359 1612 voveat,
1389 1574 1612 1613 superstitiose
1641 1575 1750 1606 faciet:
1781 1576 1933 1615 quoniam
1956 1574 2027 1606 Deo
2050 1575 2189 1607 inconsi-

1227 1616 1336 1648 derate
1365 1616 1528 1653 obtrudet,
1559 1616 1643 1656 quod
1672 1628 1743 1648 eum
1775 1629 1839 1649 non
1867 1617 2004 1658 probare
2026 1618 2190 1658 exipsius

1227 1659 1327 1691 verbo
1343 1659 1533 1699 colligimus.
1569 1659 1678 1698 Quare
1698 1661 1759 1691 nisi
1783 1661 1822 1692 ad
1846 1661 1931 1692 hanc
1953 1660 2099 1702 regulam
2122 1661 2190 1692 exi-

1228 1710 1345 1744 gantur
1373 1707 1449 1733 vota
1479 1702 1602 1739 omnia,
1632 1702 1714 1733 nihil
1745 1704 1806 1734 erit
1833 1704 1885 1735 vel
1915 1709 2040 1736 rectum
2063 1704 2115 1735 vel
2138 1704 2191 1735 fir-

1228 1756 1325 1776 mum.
1370 1744 1463 1776 Alter
1487 1755 1562 1775 vero
1586 1745 1681 1776 nimis
1704 1756 1831 1777 crassus
1855 1757 1944 1778 error
1973 1747 2104 1787 coargui
2133 1757 2189 1787 po-

1229 1793 1290 1820 test
1320 1788 1352 1818 in
1384 1787 1533 1828 papistis‚
1564 1787 1647 1827 quod
1676 1789 1774 1819 stulte
1805 1789 1876 1829 plus
1900 1789 1971 1820 Deo
1994 1790 2191 1829 promittunt

1228 1841 1324 1871 quam
1346 1830 1412 1861 sint
1433 1829 1596 1861 solvendo.
1632 1831 1726 1862 Certe
1751 1832 1821 1871 plus
1842 1842 1938 1872 quam
1961 1842 2056 1864 caeca
2078 1842 2190 1872 super-

1229 1874 1281 1905 bia
1310 1878 1373 1907 est,
1408 1874 1470 1903 imo
1498 1872 1673 1904 diabolicus
1700 1874 1804 1905 furor:
1833 1875 2001 1906 mortalem
2026 1875 2191 1906 hominem

1203 1944 1205 1950 .
1230 1916 1313 1947 velle
1341 1915 1460 1955 aliquid
1485 1916 1523 1946 de
1547 1926 1603 1946 suo
1627 1916 1741 1947 afferre
1764 1917 1849 1956 quod
1872 1928 1936 1948 non
1960 1918 2131 1958 acceperit:
2155 1921 2192 1949 ut

1230 1959 1257 1990 si
1289 1959 1360 1999 quis
1391 1963 1505 1989 voveat
1536 1958 1676 1989 inediam
1708 1964 1774 1990 toto
1806 1960 1890 1990 vitae
1920 1971 2031 1999 cursu,
2061 1961 2088 1991 si
2121 1961 2192 2000 quis

1230 2012 1342 2034 somno
1365 2006 1396 2032 et
1416 2001 1604 2032 necessariis
1627 2001 1714 2031 vitae
1737 2002 1887 2034 subsidiis
1902 2003 2083 2041 renunciet,
2106 2003 2191 2034 insa-

1231 2045 1284 2075 nia
1323 2044 1401 2075 haee
1437 2045 1580 2074 omnium
1610 2054 1769 2075 consensu
1799 2045 2013 2076 damnabitur.
2060 2045 2195 2076 Nullum

1231 2098 1306 2128 ergo
1333 2087 1458 2127 plaeere
1487 2090 1589 2126 potest
1621 2086 1690 2117 Deo
1713 2097 1841 2123 munus,
1865 2088 1926 2118 nisi
1949 2088 2032 2127 quod
2055 2098 2113 2128 pro
2137 2099 2196 2119 sua

1231 2131 1264 2161 in
1288 2140 1345 2161 nos
1368 2129 1561 2160 liberalitate
1584 2129 1730 2160 contulit.
1777 2129 1865 2168 Quid
1888 2135 1997 2161 autem
2019 2131 2051 2161 in
2076 2135 2195 2171 papatu

1232 2171 1366 2213 agitur?
1411 2171 1581 2207 Monachi,
1611 2171 1768 2203 moniales
1799 2178 1830 2203 ct
1857 2173 1992 2204 sacrifici
2023 2173 2062 2203 ad
2085 2184 2196 2214 perpe-

1232 2220 1324 2246 tuum
1344 2214 1534 2246 caelibatum
1552 2225 1585 2245 se
1604 2214 1821 2255 obstringunt.
1845 2226 1903 2246 nec
1926 2215 2117 2255 expendunt
2139 2227 2195 2256 pe-

1234 2258 1353 2290 culiare
1384 2268 1453 2288 csse
1491 2257 1710 2288 continentiae
1745 2257 1874 2288 donum.
1920 2258 1971 2289 Ita
2000 2258 2074 2289 dum
2101 2269 2196 2290 nemo

1233 2300 1271 2331 ad
1302 2300 1464 2331 facultatis
1492 2310 1569 2330 suae
1592 2300 1722 2330 modum
1742 2300 1885 2340 respicit,
1907 2301 2024 2332 misere
2047 2312 2081 2333 se
2104 2312 2196 2342 prae-

1232 2344 1376 2383 cipitant,
1401 2342 1451 2373 vel
1475 2342 1623 2373 exitiales
1646 2343 1787 2373 induunt
1810 2343 1949 2383 laqueos.
1974 2343 2107 2375 Adhaec
2130 2345 2195 2375 sin-

1233 2386 1317 2426 gulis
1352 2384 1499 2416 habenda
1529 2391 1575 2415 cst
1606 2386 1781 2416 vocationis
1809 2396 1885 2417 suae
1916 2387 2006 2418 ratio.
2059 2387 2197 2419 Addicet

1233 2440 1266 2460 se
1297 2428 1455 2468 quispiam
1485 2427 1664 2458 monachus
1694 2427 1801 2459 abbati
1826 2434 1861 2459 ut
1884 2430 1985 2469 patris
2009 2430 2120 2470 iugum
2144 2441 2197 2461 ex-

1232 2471 1350 2503 cutiat:
1375 2471 1427 2510 qui
1448 2470 1486 2501 ad
1506 2470 1647 2510 gerenda
1666 2471 1793 2510 publica
1813 2473 1939 2512 negotia
1959 2473 2092 2504 idoneus
2118 2477 2196 2511 erat,

1234 2513 1342 2544 liberis
1372 2513 1478 2544 valere
1510 2514 1618 2548 iussis.
1643 2514 1855 2545 monachatus
1879 2521 2060 2554 praetextu,
2084 2515 2199 2546 immu—

1234 2558 1367 2587 nitatem
1396 2556 1545 2595 captabit.
1591 2555 1678 2586 IIinc
1707 2563 1851 2596 apparet,
1882 2569 1922 2587 ex
1954 2558 2102 2589 voventis
2126 2569 2197 2598 per-

1235 2609 1312 2630 sona
1346 2597 1581 2629 aestimandum
1606 2610 1675 2629 esso
1701 2606 1824 2636 votum,
1859 2609 1965 2631 ratum
1990 2611 2060 2631 esse
2084 2601 2198 2632 debeat

1237 2652 1345 2672 necne.
1391 2641 1455 2672 ‚Sed
1487 2641 1518 2671 in
1551 2642 1614 2671 fine
1644 2642 1711 2681 ipso
1735 2643 1925 2681 gravissime
1949 2649 1980 2674 ct
2001 2644 2104 2684 magis
2127 2643 2197 2675 vul-
