2304 3034
197 186 260 217 339

485 275 549 307 Ex
572 275 705 307 DEU'r.
730 275 835 307 xxn
851 276 881 316 1).

286 364 314 394 9.
341 362 412 393 Non
434 371 516 392 seres
539 361 660 392 vineam
683 363 770 392 tuam
793 362 926 392 diversis
949 362 1102 401 speciebus
1125 373 1169 394 se-

201 408 328 441 minum,
352 415 387 435 ne
404 405 481 443 forte
497 404 661 442 polluatur
680 404 802 443 fructus
813 404 941 436 seminis
959 405 1038 443 quod
1056 406 1171 442 sevisti,

201 453 227 481 et
247 449 369 488 fructus
390 447 506 478 vineae.
554 447 602 477 10.
630 446 701 478 Non
723 447 832 478 arabis
854 457 921 478 cum
944 447 1013 478 bove
1035 450 1060 478 et
1083 449 1171 479 asino

195 492 326 532 pariter.
375 491 423 521 11.
457 489 526 521 Non
557 490 669 522 indues
699 492 724 520 te
757 490 880 522 diversa
904 490 1017 529 specie,
1047 491 1123 522 tana
1146 494 1172 523 et

200 535 261 565 tino
277 534 410 573 pariter.

505 703 569 735 EX
589 703 740 735 LEVIT.
765 703 862 735 XIX.

288 789 336 820 19.
364 788 486 819 Statuta
508 799 575 820 mea
598 789 803 821 observabitis.
850 789 982 820 Animal
1004 792 1091 821 tuum
1113 800 1171 821 non

199 833 297 871 facies
320 832 398 863 coire
417 842 486 863 cum
510 832 603 863 altero
626 834 749 864 semine.

201 886 251 906 res
279 875 398 906 diverso
424 875 553 913 semine,
585 878 613 906 et
637 876 727 907 vestis
748 878 884 907 contemta
907 885 944 906 ex
965 875 1039 907 tana
1061 879 1087 907 et
1109 876 1171 908 lino

203 928 262 949 non
285 918 425 949 ascendet
448 928 542 957 super
564 920 598 949 te.

459 1088 523 1120 EX
548 1088 711 1120 EODEM
735 1088 911 1119 OAPITE.

286 1174 335 1205 23.
364 1174 464 1214 Quum
495 1174 626 1213 inpressi
654 1174 779 1212 fueritis
808 1176 937 1212 terram,
969 1176 995 1204 et
1011 1173 1171 1212 plantave-

200 1217 273 1248 ritis
295 1218 393 1248 omnis
415 1217 538 1257 yenerz's
561 1217 699 1248 arborem
720 1217 924 1256 fructiferum,
949 1220 1020 1248 tunc
1036 1227 1171 1256 praepu-

200 1261 311 1292 tiatum
334 1260 449 1291 (lucetis
466 1261 669 1300 praeputium
691 1260 773 1296 eius,
804 1260 941 1299 fructum
963 1261 1045 1291 eius.-
1074 1260 1171 1291 tribus

201 1304 295 1335 annis
313 1303 370 1334 crit
391 1303 472 1334 robis
490 1303 726 1334 incircumcisa:
750 1313 808 1333 >zon
827 1303 985 1334 comedetis
1004 1303 1072 1333 eius
1088 1303 1170 1342 fruc-

200 1349 259 1377 tus.
305 1346 354 1377 24.
390 1346 504 1385 Quarto
534 1348 637 1376 autem
659 1356 738 1377 anno
762 1347 820 1376 erit
842 1346 941 1377 omnis
962 1346 1083 1385 fructus
1105 1346 1171 1377 eius

200 1390 350 1421 sanctitas
373 1389 502 1419 tutulum
524 1389 662 1420 Ieliovae.
716 1389 765 1420 25.
792 1389 884 1419 Auno
908 1399 976 1420 vero
999 1389 1102 1428 quinto
1124 1399 1170 1419 co-

200 1433 327 1463 medetis
358 1432 495 1471 fructum
529 1432 609 1469 cius,
643 1434 677 1462 ut
709 1431 890 1471 multiplicet
923 1432 1006 1463 vobis
1037 1432 1172 1471 fructum

200 1486 301 1506 suum.
349 1475 416 1515 Eyo
441 1475 553 1506 Ielzovu
578 1474 667 1507 Deus
690 1478 793 1506 vester.

460 1646 525 1677 EX
548 1645 714 1678 EODEM
738 1645 915 1677 GAPITE.

290 1733 340 1763 27.
367 1733 435 1764 Non
456 1733 651 1764 attondebitis
674 1742 790 1763 comum
813 1732 925 1770 capitis
946 1731 1037 1762 vestri
1060 1731 1093 1762 iu
1116 1731 1174 1762 cir·
1197 1763 1199 1767 ,

205 1776 297 1812 cuitu,
319 1786 368 1807 nec
387 1776 505 1807 radetis
524 1778 659 1806 extrema
677 1775 796 1807 barbae.
834 1775 883 1806 28.
910 1774 1096 1805 Inoz‘sz'onem
1112 1784 1173 1813 pro

205 1822 322 1850 mortuo
346 1829 402 1849 non
426 1819 548 1857 facietis
570 1819 601 1849 in
621 1828 714 1850 carne
735 1821 845 1855 vestra,
870 1827 964 1857 neque
986 1818 1173 1857 sculpturam

206 1864 293 1893 notae
314 1862 436 1901 societis
461 1862 493 1892 in
515 1862 608 1893 vobis.
654 1861 721 1902 Eyo
746 1861 867 1893 Ielcova.

520 2032 583 2063 EX
608 2032 740 2064 DEUT.
765 2031 860 2063 XIV.

290 2119 317 2148 1.
343 2117 423 2149 Fila·
445 2119 517 2148 estis
540 2117 671 2149 Ielaovae
696 2117 757 2148 Dez·
783 2119 880 2149 vestri.

204 2161 290 2193 «lctis,
315 2171 366 2191 nec
382 2161 504 2200 facietis
526 2160 684 2192 calvitium
706 2171 800 2199 super
819 2164 943 2192 mortuo.
979 2160 1005 2191 2.
1022 2160 1171 2199 Quoniam

199 2204 336 2243 populus
365 2206 488 2234 sanctus
519 2214 550 2234 es
574 2203 703 2234 Isthmum
726 2203 793 2235 Deo
815 2207 880 2241 tuo,
907 2204 959 2243 qui
985 2206 1012 2234 te
1034 2203 1119 2242 eteyt't
1140 2204 1172 2232 ut

205 2248 250 2277 sis
271 2248 298 2276 ei
321 2247 351 2277 in
371 2247 520 2285 populum
540 2247 729 2286 peculiarem
751 2257 766 2277 e
795 2247 909 2279 cunctis
937 2246 1074 2287 yentibus
1095 2254 1172 2284 quae

204 2292 274 2320 sunt
300 2290 331 2320 in
354 2290 515 2328 superficie
537 2293 641 2321 terrae⁴

292 2376 387 2406 Deut.
413 2375 462 2411 22,
486 2375 514 2406 9.
564 2375 634 2406 Nou
657 2385 739 2406 srres
760 2376 887 2407 vineam.
924 2375 1014 2406 Haec
1033 2377 1172 2414 quatuor

206 2424 377 2458 praecepta
402 2429 485 2458 quae
509 2428 621 2448 omncs
644 2418 839 2449 adventitias
860 2418 1057 2457 corruptelas
1082 2416 1171 2447 dam-

206 2468 294 2497 nant,
321 2462 414 2500 primi
436 2461 631 2502 appendices
651 2472 721 2492 esse
745 2472 809 2492 non
834 2460 953 2497 dubito,
979 2465 1010 2490 et
1034 2459 1115 2490 ratio
1139 2459 1171 2489 in

208 2503 460 2535 Deuteronomio
485 2504 593 2534 addita
618 2515 653 2535 eo
671 2515 728 2535 nos
749 2504 868 2544 dirigit,
894 2504 948 2535 ubi
965 2503 1053 2534 Deus
1073 2502 1172 2541 pollm

294 2606 320 2637 1)
340 2608 422 2631 Autrc
452 2606 623 2638 dcpendcuce
652 2606 684 2630 dc
713 2606 764 2631 fuir
793 2609 880 2631 tontes
909 2604 1079 2637 corruptions
1104 2611 1171 2628 mes-

206 2639 290 2671 lingcs
310 2645 335 2664 ct
356 2641 563 2673 (lesgniscmcns.

796 832 918 872 Aprum
941 835 1027 863 tuum
1050 843 1107 864 uon
1126 844 1171 865 se·
1195 867 1196 870 ,

924 182 1111 214 PRIMUM
1135 183 1457 215 PRAECEPTUM.

1198 1533 1199 1555 1
1225 1516 1346 1547 alienas
1387 1516 1564 1553 doctrinas,

1197 2233 1198 2249 1

1196 2289 1198 2320 ι

1197 2322 1198 2339 l

1196 2342 1198 2389 l

1196 2447 1198 2532 l

1197 2077 1199 2097 ¹.
1224 2084 1258 2104 se
1282 2073 1478 2105 addicerent.

930 2118 1001 2149 Non
1022 2127 1076 2148 vos
1098 2116 1172 2147 inci·
1197 2152 1199 2157 .

2126 183 2189 215 340

1222 277 1356 307 seminis
1379 280 1574 316 proventum
1599 285 1636 306 ac
1659 276 1776 307 vineae
1805 277 2017 315 pronunciat,
2042 277 2066 307 si
2099 277 2188 308 varia

1221 320 1262 351 sit
1285 321 1437 350 mixtura.
1484 318 1578 350 Unde
1602 323 1738 358 apparet
1761 329 1825 350 non
1845 318 1932 349 aliud
1955 319 2040 359 exigi
2065 319 2128 350 nisi
2152 323 2189 350 ut

1222 362 1415 393 munditiem
1441 361 1556 392 colant.
1592 360 1737 392 Verbum
1762 360 1889 400 quidem
1903 367 1972 405 {tl-lp
1986 361 2067 401 quod
2093 373 2187 393 usur-

1222 412 1276 445 pat
1297 405 1414 441 Moses,
1439 410 1486 434 est
1510 404 1722 441 sanctificare,
1747 403 1801 434 sed
1825 414 1881 443 per
1904 404 2107 444 antiphrasin
2131 415 2187 444 pro

1222 447 1445 478 contaminare
1475 447 1642 486 accipitur.
1697 446 1821 477 Eodem
1854 447 1996 487 pertinet
2024 447 2107 486 quod
2139 458 2186 478 se-

1222 490 1342 530 quitur,
1366 500 1406 520 ne
1430 495 1523 520 arent
1546 499 1618 520 cum
1643 488 1724 519 bove
1748 495 1781 519 et
1794 489 1892 520 asino.
1934 489 2026 528 Quae
2050 490 2188 521 varietas

1223 543 1287 563 non
1312 533 1374 564 alia
1398 532 1436 563 de
1460 542 1558 562 causa
1582 531 1763 571 improbata
1788 532 1856 568 fuit,
1881 533 1942 563 nisi
1968 532 2051 571 quod
2082 532 2187 572 inqui-

1223 576 1367 606 namenti
1393 575 1513 614 aliquid
1544 574 1742 605 contrahunt
1773 574 1921 605 homines
1952 575 2147 615 simulatque
2170 586 2189 606 a

1222 618 1428 658 simplicitate
1451 618 1660 657 degenerant.
1707 616 1743 648 Si
1767 618 1837 657 quis
1861 623 1970 648 tamen
1995 618 2088 648 aliter
2118 628 2188 648 sen-

1223 661 1291 699 tiat,
1316 672 1378 691 non
1409 660 1603 692 contendam
1634 659 1868 692 vehementius.
1915 661 2029 691 Posset
2059 660 2187 700 quidem

1222 704 1325 741 obiici,
1349 703 1434 743 quod
1455 704 1543 734 Deus
1567 702 1695 733 admitti
1719 707 1810 734 vetat
1822 703 2002 743 promiscue
2025 703 2187 742 animalia,

1222 751 1256 777 ut
1281 747 1364 777 inter
1395 757 1428 777 sc
1459 746 1654 776 misceantur
1685 755 1767 785 quae
1797 751 1875 777 sunt
1902 746 2023 777 diversi
2052 746 2188 787 generis,

1223 789 1262 820 ad
1293 791 1473 820 castitatem
1506 792 1668 828 spectare,
1706 788 1788 828 quod
1820 794 1928 820 autem
1957 799 2072 829 agrum
2102 793 2189 820 vetat

1222 833 1348 863 conseri
1382 831 1519 862 diversis
1549 831 1744 867 seminibus,
1783 836 1813 862 et
1848 837 2011 862 texturam
2045 832 2115 863 fieri
2150 843 2189 863 ex

1223 874 1359 905 diversis
1393 874 1554 912 materiis,
1601 874 1660 905 hoc
1704 874 1798 905 modo
1840 874 2008 906 fraudibus
2053 875 2186 906 occurri.

1223 917 1346 948 Verum
1371 916 1550 957 simplicius
1574 922 1623 948 est
1646 917 1801 957 populum
1826 917 1959 948 retineri
1982 917 2015 948 in
2040 918 2187 957 puritate,

1224 971 1263 990 ne
1287 965 1452 991 assuescat
1475 960 1635 1000 corruptis
1659 960 1811 998 moribus,
1835 965 1867 991 et
1890 971 1929 991 ne
1944 960 2113 992 hincinde
2137 970 2188 992 ac-

1222 1009 1327 1034 cersat
1351 1003 1433 1033 ritus
1458 1003 1587 1039 alienos,
1613 1003 1662 1033 vel
1685 1003 1845 1034 mixturas
1863 1008 1994 1043 appetat-
2016 1013 2116 1043 prava
2138 1014 2190 1034 cu-

1223 1046 1380 1081 riositate,
1410 1056 1491 1085 quae
1525 1045 1656 1076 tandem
1688 1046 1880 1085 perveniant
1911 1045 1950 1077 ad
1974 1046 2095 1077 cultum
2117 1046 2187 1077 Dei.

1222 1089 1306 1119 Nam
1330 1089 1354 1119 si
1380 1088 1464 1119 inter
1487 1099 1520 1119 se
1551 1094 1666 1119 coeant
1695 1088 1823 1120 diversa
1855 1089 2023 1125 animalia,
2054 1089 2189 1120 vitiatur

1223 1137 1359 1162 naturae
1383 1131 1563 1171 integritas,
1588 1136 1619 1162 et.
1642 1131 1717 1162 inde
1735 1132 1880 1163 nascitur
1892 1131 2075 1163 adulterina
2098 1132 2188 1163 sobo—

1223 1174 1285 1211 les,
1318 1185 1399 1214 quae
1435 1185 1453 1205 a
1487 1174 1547 1204 Dei
1583 1174 1787 1205 institutione
1821 1174 2010 1215 degenerat:
2052 1175 2077 1206 si
2113 1185 2189 1206 vero

1223 1217 1333 1257 plures
1366 1217 1526 1248 seminum
1558 1217 1680 1257 species
1718 1216 1813 1248 simul
1846 1222 1955 1248 essent
1984 1217 2187 1255 commixtae,

1224 1260 1274 1291 vel
1306 1271 1345 1290 ex
1376 1260 1441 1290 lino
1470 1265 1501 1290 et
1531 1259 1606 1291 lana
1636 1264 1786 1291 contexta
1817 1260 1930 1291 fuisset
1964 1261 2079 1299 vestis,
2108 1259 2187 1291 nihil

1225 1308 1295 1333 erat
1325 1314 1343 1333 a
1371 1303 1518 1342 captione
1550 1308 1582 1333 et
1611 1302 1682 1333 dolo
1713 1303 1846 1342 periculi
1877 1304 1909 1334 in
1940 1314 1974 1334 re
2003 1304 2186 1343 conspicua.

1225 1346 1313 1385 Ergo
1338 1345 1498 1385 probabile
1518 1351 1574 1383 est,
1599 1346 1800 1385 propositum
1813 1346 1910 1377 fuisse
1923 1346 1994 1377 Deo
2007 1356 2102 1386 quem
2122 1345 2189 1377 dixi

1225 1389 1340 1425 finem,
1365 1394 1398 1418 ut
1423 1389 1564 1419 nativam
1590 1388 1830 1428 simplieitatem
1861 1394 1927 1419 tota
1949 1389 2017 1419 vita
2048 1388 2188 1428 colendo,

1225 1442 1322 1471 puros
1346 1442 1379 1461 se
1403 1438 1433 1461 et
1457 1431 1601 1471 integros
1625 1431 1664 1462 ab
1688 1432 1775 1462 omni
1804 1436 1940 1463 externo
1971 1431 2049 1463 vitio
2079 1442 2189 1463 serva-

1225 1480 1306 1504 rent.
1364 1473 1434 1504 Hac
1468 1475 1593 1505 ratione
1628 1474 1787 1505 fermento
1824 1474 1985 1515 scriptura
2025 1479 2190 1514 comparat

1611 1527 1691 1557 quae
1732 1517 1909 1548 minuendo
1950 1517 2001 1548 vel
2041 1516 2189 1548 addendo

1226 1559 1341 1590 vitiant
1364 1560 1525 1590 sincerum
1550 1560 1610 1590 Dei
1636 1560 1771 1591 verbum
1796 1560 1887 1601 (Mat.
1908 1560 1956 1597 16,
1983 1559 2044 1602 11).
2082 1561 2190 1600 Atque

1226 1602 1306 1633 haec
1330 1612 1395 1633 non
1419 1613 1533 1642 parum
1559 1603 1647 1634 utilis
1672 1603 1731 1633 fuit
1754 1604 1958 1634 exercitatio:
1982 1603 2058 1634 dum
2082 1604 2116 1634 in
2140 1613 2188 1634 re-

1225 1645 1284 1676 bus
1297 1645 1441 1675 minimis
1454 1651 1485 1675 et-
1498 1656 1596 1685 prope
1617 1646 1709 1676 nihili
1723 1645 1871 1677 fraenum
1892 1646 1956 1677 illis
1974 1645 2188 1682 iniiciebatur,

1226 1698 1266 1718 ne
1287 1688 1338 1718 vel
1358 1688 1522 1719 tantillum
1541 1700 1559 1719 a
1578 1689 1721 1728 puritate
1741 1689 1958 1720 deflecterent.
1993 1689 2123 1729 Exigua
2138 1699 2189 1720 res

1225 1735 1293 1761 erat
1314 1731 1403 1761 filum
1423 1733 1527 1772 magis
1547 1732 1663 1762 subtile
1683 1732 1855 1763 subtexere
1875 1732 2036 1763 crassiori:
2058 1738 2090 1762 et
2107 1732 2189 1762 forte

1225 1773 1304 1804 haec
1327 1773 1487 1804 industria
1511 1774 1550 1805 ad
1574 1785 1776 1806 communem
1808 1785 1902 1805 usum
1934 1774 2124 1815 profuisset:
2155 1774 2188 1805 in

1225 1816 1418 1856 quibusdam
1447 1817 1545 1848 etiam
1576 1818 1661 1856 agris
1684 1817 1813 1848 uberior
1843 1828 1935 1858 seges
1964 1818 2132 1857 provenit,
2163 1817 2189 1848 si

1225 1869 1333 1889 semen
1366 1870 1404 1890 ex
1436 1870 1516 1900 puro
1542 1861 1647 1892 tritico
1677 1866 1709 1891 et
1735 1860 1864 1901 siligine
1895 1861 1936 1891 sit
1965 1860 2188 1901 compositum.

1225 1902 1353 1933 Placuit
1375 1903 1472 1933 etiam
1497 1903 1679 1934 admissura
1702 1904 1774 1943 equi
1798 1908 1829 1934 et
1852 1904 1975 1934 asinae:
2009 1904 2083 1943 quia
2114 1902 2190 1934 inde

1225 1945 1304 1975 muli
1329 1951 1548 1984 procreantur.
1595 1946 1707 1977 Noluit
1737 1952 1846 1976 tamen
1879 1946 1968 1977 Deus
1998 1945 2103 1976 veteri
2133 1955 2190 1986 po-

1224 1987 1299 2027 pulo
1321 1988 1351 2018 id
1376 1989 1571 2027 permittere,
1593 2000 1632 2019 ne
1656 1988 1810 2028 paulatim
1841 1989 1880 2019 ad
1905 1989 2059 2020 maiorem
2091 1988 2188 2019 licen-

1226 2031 1301 2060 tiam
1327 2030 1450 2070 delapsi
1474 2032 1621 2071 gentium
1646 2031 1790 2062 moribus
1814 2037 1845 2062 et
1868 2031 2027 2062 institutis
2057 2031 2188 2062 tandem

1525 2074 1601 2105 Ideo
1623 2074 1786 2114 praefatur
1817 2074 1868 2104 his
1899 2073 2020 2105 verbis:
2057 2073 2189 2105 Statuta

1225 2126 1295 2146 mea
1319 2117 1492 2147 custodite:
1530 2128 1569 2147 ex
1604 2116 1720 2156 quibus
1744 2116 1942 2156 colligimus,
1973 2116 2189 2148 circumdatos

1224 2158 1325 2189 fuisse
1349 2159 1466 2198 populo
1490 2159 1661 2195 cancellos,
1692 2159 1739 2190 vel
1766 2160 1925 2198 praefixas
1949 2164 2068 2195 metas,
2092 2170 2132 2190 ne
2155 2171 2189 2191 se

1224 2201 1411 2240 profanaret
1435 2202 1579 2233 externis
1604 2202 1701 2239 vitiis,
1726 2206 1757 2232 et
1781 2207 1893 2241 gentes
1918 2213 1933 2231 a
1959 2202 2074 2241 quibus
2097 2213 2188 2242 sepa-

1225 2250 1314 2274 ratus
1338 2244 1460 2280 fuerat,
1484 2245 1678 2275 imitaretur.
1733 2244 1842 2283 Quare
1867 2244 1946 2276 haec
1975 2255 2103 2276 summa
2130 2250 2188 2284 est,

1223 2292 1261 2317 ut
1285 2287 1315 2316 in
1343 2287 1401 2317 Dei
1426 2288 1557 2318 statutis
1581 2294 1742 2317 maneant.

1310 2330 1413 2360 Levit.
1446 2330 1494 2363 19,
1523 2330 1572 2360 23.
1621 2331 1721 2369 Quum
1751 2330 1884 2370 'inyresst'
1912 2330 2046 2369 fueritis.
2100 2330 2188 2369 Quin

1224 2372 1374 2403 arborum
1409 2372 1501 2403 sicuti
1538 2373 1704 2403 hominum
1739 2372 1938 2403 circumcisio
1975 2372 2014 2403 ad
2045 2374 2188 2412 primum

1224 2420 1428 2454 praeceptum
1464 2415 1640 2454 pertineat,
1682 2415 1760 2445 mihi
1795 2415 1983 2456 ambiguum
2021 2426 2090 2447 esse
2124 2427 2187 2447 non

1224 2458 1368 2488 videtur:
1401 2468 1465 2487 11011
1497 2458 1599 2488 solum
1629 2462 1664 2488 ut
1695 2458 1873 2497 symbolum
1904 2458 2086 2498 adoptionis
2112 2470 2188 2490 suae

1224 2501 1446 2540 conspicerent
1470 2500 1581 2531 Iudaei
1605 2501 1637 2530 in
1658 2501 1736 2540 ipsis
1750 2500 1926 2539 arboribus,
1950 2500 2006 2532 sed
2028 2507 2064 2532 ut
2087 2501 2187 2533 disce-

1224 2550 1296 2574 rent
1321 2554 1383 2574 non
1411 2543 1519 2580 licere,
1552 2543 1612 2574 nisi
1645 2544 1719 2574 solis
1744 2544 1804 2574 Dei
1829 2544 1913 2581 filiis,
1939 2554 2051 2575 earum
2082 2544 2188 2576 fructu

1197 2586 1326 2617 lvesci:
1363 2585 1492 2623 deinde⁷
1527 2586 1681 2626 quidquid
1718 2591 1803 2617 terra
1838 2586 1958 2627 gignit,
1993 2587 2097 2626 prima
2130 2599 2189 2619 sua.

1197 2641 1199 2654 τ
1225 2629 1350 2669 origine
1375 2629 1609 2669 quodammodo
1641 2640 1710 2660 esso
1734 2630 1922 2669 profanum,
1949 2629 2048 2661 donec
2070 2640 2186 2671 purge-
