2304 3034
143 171 203 202 133

140 265 212 296 fuit.
256 264 351 295 Unde
381 268 513 304 apparet
543 272 637 302 quam
659 259 816 300 intrepide
839 259 1003 298 exceperit
1026 257 1096 288 Mo—

140 317 191 338 ses
221 307 352 346 tyranni
382 307 484 336 minas
515 305 592 336 dum
623 304 706 334 ultro
729 302 877 338 occurrit,
901 307 933 331 et
956 300 1096 331 absentis

140 360 175 380 se
198 349 351 380 victorem
376 348 523 388 proxima
546 351 637 377 nocte
655 346 722 376 fore
741 345 897 385 gloriatur
916 343 1012 374 caede
1031 342 1096 382 pri-

140 391 295 432 mogeniti
319 391 387 421 filii.
426 390 493 421 Nee
517 389 647 420 dubium
671 393 719 418 est
741 386 818 426 quin
842 390 964 416 terrore
987 385 1096 416 obstu-

139 433 283 474 pefactus
309 433 406 464 fuerit
424 432 557 467 Pharao,
581 436 618 461 ut
641 435 705 460 tam
730 439 841 468 aspere
864 427 1011 474 repulsus
1035 426 1096 457 sal-

139 487 217 507 vum
242 476 398 506 dimiserit
420 474 615 514 prophetam.
661 472 757 503 Certe
790 476 826 501 ut
853 469 1095 501 acerbissimum

140 518 259 550 doloris
288 518 407 549 vulnus
435 516 552 547 inflixit
587 520 652 545 tam
685 514 785 544 libera
818 512 1022 543 comminatio
1050 511 1096 541 ita

139 561 250 592 furiosi
285 559 417 600 tyranni
446 557 667 589 crudelitatem
698 555 872 586 accendere
903 555 1004 594 potuit
1034 554 1095 584 nisi

138 603 224 634 idem
248 603 337 633 Deus
360 603 412 641 qui
435 610 564 632 servum
588 609 658 630 sum
689 598 887 628 instruxerat
912 596 1094 627 admirabili

138 645 329 681 constantia,
353 644 506 682 impetum
530 651 644 672 saevae
668 640 787 672 bestiae
812 640 968 680 fregisset.
1014 640 1094 669 Cae-

138 693 244 719 terum
273 698 328 718 cur
357 686 444 716 Deus
472 694 606 724 poenam
635 683 673 714 dc
704 683 778 713 filiis
798 683 946 722 exigens,
977 687 1093 721 patres,

138 740 272 770 quorum
296 728 424 769 gravior
447 732 515 758 erat
536 726 638 766 culpa,
673 726 706 756 in
731 725 816 756 aliud
842 730 968 764 tempus
993 723 1091 754 distu-

138 772 227 803 lerit:
262 782 319 803 cur
348 770 442 801 etiam
474 769 646 799 vindictam
675 778 828 798 exercens
851 768 883 797 in
909 767 1002 797 bruta
1025 766 1093 796 ani-

139 815 235 845 malia
249 812 426 854 pepercerit
450 811 639 849 hominibus,
665 815 810 841 nostrum
830 820 893 840 non
919 815 965 839 est
989 809 1094 840 eurio-

138 858 204 888 sius
228 856 405 895 disputare:
437 854 510 893 quia
533 853 611 889 Deo,
646 853 736 883 cuius
760 851 1094 892 incomprehensibilis

137 899 294 939 sapientia
323 907 435 928 sensus
465 906 576 926 omnes
614 896 771 926 humanos
806 895 971 930 absorbet,
1003 905 1093 933 prae·

136 942 273 973 scribere
304 940 392 970 nefas
421 944 469 970 est
497 949 589 977 quem
613 940 644 968 in
669 937 793 969 iudiciis
817 937 884 967 suis
908 942 1016 967 tenere
1040 936 1092 966 de-

136 985 210 1015 beat
239 983 377 1014 modum.
429 981 525 1011 Certe
555 991 670 1021 pueros
700 986 730 1011 et
761 980 876 1011 bestias
908 979 946 1009 ad
970 979 1092 1019 suppli-

135 1027 218 1058 cium
244 1024 412 1059 trahendo,
443 1023 548 1063 palam
579 1023 835 1063 repraesentavit
865 1022 1008 1053 scelestis
1038 1032 1093 1061 po-

135 1069 254 1099 tentiae
266 1077 342 1099 suae
353 1065 626 1106 contemptoribus
639 1065 714 1105 quid
728 1066 788 1105 ipsi
800 1072 904 1096 essent
920 1064 1037 1095 meriti.
1052 1064 1093 1094 Iu

134 1111 238 1151 primo
251 1109 352 1150 gradu
366 1119 484 1149 poenae
498 1109 649 1139 statuitur
658 1108 837 1139 Pharaonis
850 1107 1092 1147 primogenitus,

133 1154 186 1193 qui
209 1153 334 1183 futurus
357 1156 426 1182 erat
450 1152 540 1191 regni
565 1160 742 1182 successor:
767 1150 882 1181 deiude
906 1150 1094 1190 adiungitur
1119 1170 1120 1181 1

134 1199 200 1226 tota
224 1195 311 1234 plebs
335 1194 495 1234 ignobilis.
532 1194 615 1224 Nam
640 1193 774 1224 ancillae
798 1203 878 1233 quae
904 1193 1002 1223 molas
1027 1198 1091 1223 tru-
1120 1226 1121 1229 Ἴ

133 1237 239 1269 saule<
269 1238 438 1268 versabant
472 1237 619 1266 infimum
649 1236 801 1267 tenebant
829 1236 932 1266 locuni
964 1240 994 1265 ct
1018 1246 1092 1265 con-

132 1281 400 1320 temptissimum:
427 1279 519 1310 sicuti
544 1284 677 1318 apparet
700 1290 763 1309 non
787 1278 890 1309 solutu
913 1289 951 1308 cx
978 1278 1092 1309 veteri—

131 1322 191 1353 bus
215 1323 324 1363 poetis,
349 1322 402 1352 sed
426 1322 526 1361 ipsius
550 1322 728 1360 scripturae
748 1321 930 1351 testimonio
956 1321 982 1351 1.
1005 1320 1091 1350 Sam.

132 1366 160 1402 8,
181 1366 229 1396 16.
265 1364 299 1396 Si
319 1365 432 1404 quibus
450 1364 574 1404 placeat
592 1364 741 1403 analogia
760 1365 844 1394 inter
865 1363 946 1393 hanc
965 1363 1091 1403 plagam

131 1414 164 1440 et
186 1408 339 1439 iniustam
363 1406 578 1448 tyrannidem,
612 1418 673 1446 qua
693 1407 794 1437 filium
816 1407 875 1437 Dei
896 1406 1092 1445 primogeni-

131 1456 200 1482 tum
213 1451 397 1481 afflixerant
408 1449 571 1490 Aegyptii,
588 1460 648 1479 non
664 1459 817 1489 repugno.
843 1449 970 1479 Rursus
984 1453 1091 1479 autem

130 1494 216 1524 inter
245 1493 422 1533 Aegyptios
450 1497 480 1522 et
503 1492 660 1532 populum
691 1502 784 1523 suum
816 1491 970 1522 discernit
991 1490 1091 1527 Deus,

130 1537 185 1567 ubi
216 1536 249 1566 in
274 1536 413 1566 maximo
440 1535 566 1565 illorum
598 1534 737 1565 tumultu
770 1534 856 1565 hunc
885 1534 1029 1573 quietum
1061 1539 1092 1564 ct
1118 1554 1120 1563 1

131 1578 341 1618 tranquillum
365 1578 430 1608 fore
454 1578 577 1608 asserit.
607 1577 680 1609 Huc
704 1577 790 1608 enim
814 1578 953 1617 pertinet
976 1577 1090 1617 figura,

130 1621 203 1652 Non
226 1621 368 1652 movebit
396 1620 484 1650 canis
517 1620 663 1660 linguam
698 1630 804 1650 suam:
836 1620 909 1659 quia
940 1619 1090 1650 minimos

131 1674 272 1704 quosque
314 1669 482 1694 nocturnos
523 1670 628 1693 motus
668 1663 771 1693 solent
813 1663 960 1702 excipere
997 1669 1118 1693 canes}

131 1717 189 1738 suo
212 1706 339 1737 latratu.
383 1706 485 1736 Porro
519 1706 578 1736 etsi
610 1715 673 1736 non
705 1716 832 1745 semper
861 1710 995 1745 apparet
1020 1705 1091 1735 talis

131 1749 281 1780 diseretio
315 1749 398 1779 inter
432 1747 542 1779 fideles
577 1753 606 1778 et
638 1748 836 1785 incredulos,
875 1749 948 1787 quin
985 1748 1091 1787 potius

131 1798 281 1831 utrosque
304 1791 399 1821 simul
424 1801 515 1831 pares
539 1791 707 1821 involvunt
731 1801 860 1830 poenae,
890 1791 959 1830 ipso
984 1797 1089 1820 tamen

131 1836 220 1865 exitu
256 1834 351 1874 longa
381 1833 534 1864 distantia
564 1841 691 1872 separat
715 1834 804 1864 Deus
835 1833 912 1863 alios
943 1833 981 1863 ab
1010 1833 1089 1864 aliis.

130 1876 244 1917 Itaque
267 1877 346 1907 haec
368 1876 503 1907 felicitas
517 1876 663 1907 excidere
683 1876 774 1907 nobis
789 1887 954 1916 nunquam
976 1881 1089 1915 potest,

130 1919 213 1960 quod
243 1919 361 1950 scimus
397 1919 541 1949 miserias
575 1918 731 1958 quaslibet
765 1918 855 1949 nobis
889 1919 921 1948 in
952 1919 1089 1949 salutem

128 1962 255 1999 cedere,
286 1972 363 2001 quos
393 1962 491 1992 semel
521 1961 719 2001 beneplacito
742 1972 798 1992 suo
822 1961 1007 2001 complexus
1031 1969 1087 1992 est.

216 2005 244 2035 8.
286 2004 531 2043 Descendentque
569 2014 669 2035 ornnes
703 2004 735 2034 Izi
774 2005 864 2034 seri-i.
920 2004 1088 2035 Hactenus

131 2047 227 2078 verba
251 2047 311 2078 Dei
335 2047 446 2077 retulit
468 2047 585 2084 Moses,
608 2058 693 2077 nunc
717 2047 747 2077 in
773 2058 907 2086 persona
926 2057 985 2077 sua
1005 2047 1088 2086 loqui

131 2089 242 2130 incipit
266 2100 302 2120 ac
325 2089 512 2126 denunciat,
543 2090 634 2120 iussu
658 2090 838 2120 Pharaonis
871 2096 1026 2119 venturos
1049 2101 1087 2120 ex

131 2132 204 2163 aula
218 2133 359 2171 nuncios,
383 2132 435 2172 qui
459 2133 543 2162 ultro
562 2137 594 2162 et
609 2132 796 2172 suppliciter
820 2132 983 2171 postulent
1006 2132 1087 2171 quod

132 2175 271 2214 negabat
293 2175 344 2205 ille
374 2175 412 2205 de
436 2175 534 2206 exitu.
579 2175 670 2205 Haec
700 2180 790 2205 tanta
809 2175 979 2205 verborum
1000 2186 1089 2214 aspe-

133 2217 211 2247 ritas
234 2228 295 2248 non
319 2217 435 2248 leviter
458 2217 614 2248 sauciavit
645 2218 776 2257 tyranni
807 2218 960 2248 animuin.
1007 2218 1089 2248 Tan-

133 2259 264 2289 tundem
288 2260 371 2290 enim
391 2260 451 2290 fuit
469 2271 505 2290 ac
518 2261 542 2291 si
557 2259 699 2297 dixisset,
724 2260 881 2291 haetenus
899 2260 955 2291 tibi
969 2261 1089 2291 frustra

134 2301 313 2340 supplicavi
346 2308 381 2332 ut
414 2303 563 2342 populum
597 2303 657 2333 Dei
692 2302 779 2333 abire
813 2303 951 2340 sineres,
993 2314 1088 2340 nunc,

133 2344 213 2374 velis
233 2344 321 2380 nolis,
344 2344 441 2375 libere
465 2345 567 2381 exibo,
592 2356 694 2384 neque
717 2351 824 2375 tamen
848 2346 908 2375 nisi
933 2346 988 2376 abs
1009 2353 1039 2376 te
1059 2352 1090 2376 et

133 2386 197 2416 tuis
217 2391 355 2425 rogatus.
391 2386 514 2417 Summi
533 2388 619 2418 enim
639 2389 784 2419 beneficii
803 2388 871 2418 loco
892 2388 988 2419 duces
1007 2389 1090 2428 quod

133 2439 222 2459 nunc
256 2428 312 2458 tibi
347 2434 393 2458 est
427 2430 634 2461 intolerabile.
691 2430 784 2469 Quod
820 2430 934 2461 deinde
969 2436 1089 2468 narrat,

133 2482 167 2502 se
191 2471 294 2501 exisse
316 2471 349 2500 in
372 2472 637 2503 excandescentia
656 2474 731 2509 irae,
757 2473 806 2504 vel
828 2474 876 2504 ira
895 2474 1089 2511 vehementi⁷

134 2514 210 2545 hinc
240 2513 419 2553 colligimus
449 2514 506 2544 Dei
537 2525 646 2545 servos
675 2517 772 2546 etiam
804 2526 900 2555 quum
932 2515 1029 2556 probe
1060 2522 1090 2547 et

134 2556 271 2587 fideliter
294 2555 434 2585 officium
458 2567 549 2586 suum
573 2565 737 2595 exercent,
768 2558 924 2589 scelerum
949 2559 1089 2599 indigni-

134 2602 200 2629 tate
219 2598 264 2629 sic
282 2597 400 2628 offendi
421 2605 456 2628 ut
479 2599 609 2630 minime
633 2601 725 2631 vacui
749 2601 813 2631 sint
837 2601 1020 2632 iracundiae
1045 2602 1089 2632 af-

712 165 1076 199 COMMENTARIUS
1100 164 1147 195 IN
1172 164 1320 196 EXODI
1342 165 1440 198 CAP.
1463 167 1541 198 XII.

2052 168 2116 200 134

1148 257 1244 289 fectu.
1290 258 1357 289 Nec
1381 270 1456 290 vero
1485 259 1619 290 dubium
1642 264 1690 291 est
1713 260 1790 300 quin
1814 261 1945 300 spiritus
1968 261 2113 301 impulsu

1149 300 1194 330 ita
1217 301 1402 332 efferbuerit
1425 303 1540 334 Moses.
1566 302 1698 340 Verum,
1730 307 1765 333 ut
1788 309 1904 334 natura
1926 314 2040 335 sumus
2058 305 2112 335 ni-

1148 343 1248 373 mium
1273 345 1463 384 praecipites
1487 345 1526 376 ad
1550 345 1745 385 impetuosos
1768 346 1910 383 affectus,
1935 346 2109 387 diligenter

1148 385 1326 416 cavendum
1357 391 1405 417 est
1434 398 1473 417 ne
1503 387 1683 428 indignatio
1707 387 1836 418 modum
1860 388 2002 420 excedat.
2048 389 2109 420 Ze-

1148 427 1213 457 lum
1249 428 1334 460 hune
1367 429 1457 460 cuius
1488 430 1525 460 fit
1559 430 1696 467 mentio,
1732 430 1878 461 accendit
1912 431 2043 470 spiritus
2072 432 2108 463 in

1147 469 1242 501 corde
1263 471 1372 507 Mosis,
1397 471 1451 502 sed
1475 472 1570 503 simul
1594 472 1778 504 moderatus
1801 478 1865 509 est,
1897 484 1937 504 ne
1967 484 2029 513 qua
2052 473 2106 505 ad-

1147 513 1249 543 mixta
1272 519 1356 544 esset
1380 515 1483 553 passio
1507 514 1699 545 turbulenta.
1755 515 1915 554 Quoniam
1940 527 2014 547 vero
2037 517 2108 548 fieri

1147 559 1252 593 potest
1275 565 1310 586 ac
1333 566 1426 596 saepe
1450 557 1609 597 contingit
1632 562 1667 588 ut
1696 557 1822 595 fideles,
1851 558 1927 588 dum
1958 559 2108 590 feruntur

1147 598 1197 636 pio
1228 597 1310 635 zelo,
1339 609 1403 628 non
1432 600 1508 630 satis
1539 603 1648 630 tamen
1679 600 1738 631 sibi
1769 604 1950 640 temperent
1984 612 2042 632 nec
2072 613 2106 633 se

1146 640 1333 671 contineant
1354 641 1439 671 intra
1463 642 1550 678 fines,
1575 641 1733 682 petendus
1756 648 1804 673 est
1827 653 1845 673 a
1862 642 1931 673 Deo
1955 654 2105 675 mansue-

1147 681 1267 713 tudinis
1291 688 1322 713 et
1345 683 1547 715 rectitudinis
1569 685 1709 724 spiritus,
1733 685 1787 725 qui
1810 696 1922 716 omnes
1953 696 2105 718 excessus

1146 724 1279 755 fraenet.
1327 725 1528 757 Documento
1563 730 1671 758 tamen
1695 732 1744 758 est
1778 728 1824 758 ira
1849 728 1961 759 Mosis:
1998 729 2104 760 Deum

1146 766 1230 797 nolle
1256 778 1313 798 nos
1333 769 1473 808 seguiter
1496 774 1550 799 aut
1573 769 1689 809 frigide
1713 770 1846 809 exsequi
1870 781 1948 810 quas
1972 771 2105 802 mandat

1146 816 1268 848 partes:
1303 809 1436 850 ideoque
1466 811 1547 841 nihil
1579 812 1679 851 magis
1707 816 1947 852 praeposterum
1972 813 2104 854 Cynicis

1146 851 1351 891 quibusdam,
1383 854 1435 892 qui
1465 853 1539 884 dum
1569 854 1669 885 iocose
1700 859 1729 884 et
1757 865 1814 894 per
1837 855 1942 886 lusum
1964 855 2103 895 philoso-

1146 894 1287 933 phantur
1310 895 1348 925 de
1373 896 1498 934 pietatis
1522 896 1679 933 doctrina⁷
1714 901 1746 927 et
1768 898 1835 928 suis
1860 897 2008 929 ludibriis
2030 909 2103 938 pro-

1146 937 1309 976 tervisque
1334 937 1474 969 dicteriis
1499 944 1649 979 pungunt
1671 950 1781 970 servos
1805 940 1883 976 Dei,
1914 951 2023 971 eorum
2050 951 2104 972 ve-

1146 979 1342 1010 hementiam
1378 980 1525 1011 derident
1550 992 1630 1020 quae
1656 992 1815 1012 summam
1842 983 1949 1022 potius
1975 983 2104 1015 laudem

1145 1028 1297 1052 meretur.

1231 1064 1259 1095 9.
1291 1064 1424 1096 Differat
1453 1068 1554 1096 autem
1585 1066 1696 1097 Iasiona
1726 1067 1767 1097 ad
1794 1066 1910 1098 Mosen.
1967 1068 2107 1099 Videtur

1146 1117 1215 1137 esse
1239 1118 1353 1138 causae
1378 1108 1512 1138 redditio
1536 1119 1592 1139 cur
1614 1113 1779 1148 tantopere
1810 1110 1967 1141 exarserit
1988 1111 2105 1150 Moses,

1146 1160 1262 1189 nempe
1287 1150 1360 1190 quia
1383 1151 1601 1190 praemonitus
1625 1152 1727 1182 fuerat
1759 1152 1922 1191 negotium
1947 1153 2005 1183 sibi
2037 1164 2106 1185 esse

1146 1203 1218 1222 eum
1243 1192 1372 1223 homine
1399 1193 1524 1233 perdito
1544 1204 1579 1224 ac
1599 1194 1774 1233 desperato.
1798 1194 1886 1234 Ergo
1899 1195 1952 1225 ubi
1971 1200 2043 1235 post
2058 1200 2108 1227 tot

1147 1235 1315 1265 conflictus
1344 1235 1432 1266 videt
1466 1236 1597 1276 tyranni
1627 1236 1758 1266 audacia
1789 1241 1820 1267 et
1855 1237 1961 1268 furore
1997 1239 2107 1277 sperni

1149 1277 1208 1307 Dei
1253 1278 1443 1317 imperium,
1489 1280 1521 1308 in
1564 1279 1677 1309 ultima
1722 1279 1925 1310 dimicatione
1966 1281 2107 1321 erumpit

1146 1320 1277 1360 gravior
1296 1320 1490 1360 indignatio:
1515 1322 1702 1360 praesertim
1722 1322 1795 1361 quia
1814 1329 1889 1352 ante
1908 1323 2014 1354 oculos
2033 1334 2105 1355 ver-

1147 1368 1237 1393 satur
1268 1368 1445 1394 monstrum
1475 1363 1555 1393 illud
1589 1363 1796 1401 detestabile,
1826 1368 1952 1395 tantum
1987 1365 2106 1397 audere

1119 1405 1204 1436 *vas
1243 1405 1340 1436 fictile
1380 1411 1411 1437 ct
1452 1410 1626 1437 testaceum
1669 1412 1703 1437 ut
1735 1405 1890 1437 indomita
1925 1408 2107 1447 pervicacia

1146 1447 1254 1478 Deum
1278 1448 1422 1479 lacessat.
1447 1449 1560 1479 Finem
1586 1459 1659 1479 vero
1680 1454 1745 1479 tam
1765 1449 1863 1480 durae
1883 1449 2105 1483 obstinationis

1146 1490 1353 1529 praedixerat
1383 1491 1471 1522 Deus
1500 1491 1584 1522 Mosi
1611 1491 1892 1532 (quemadmodum
1924 1497 1998 1523 ante
2022 1493 2104 1524 vidi-

1146 1532 1230 1574 mus)
1251 1544 1290 1564 ne
1314 1534 1409 1565 toties
1434 1534 1594 1574 repulsam
1618 1544 1747 1574 passus,
1772 1545 1913 1574 unquam
1934 1535 2104 1568 fatisceret.

1146 1576 1277 1606 Poterat
1306 1577 1390 1606 enini
1423 1576 1539 1616 alioqui
1571 1576 1722 1616 obrepere
1755 1588 1815 1607 11011
1847 1577 1927 1607 levis
1958 1580 2100 1617 tentatio,

1145 1629 1202 1649 cur
1223 1618 1291 1649 Deo
1318 1619 1454 1658 placeret
1480 1630 1550 1649 cum
1576 1620 1704 1649 homine
1729 1619 1855 1649 mortali
1886 1619 2007 1650 frustra
2029 1631 2104 1651 eon-

1145 1661 1265 1701 fligere.
1293 1662 1332 1691 Et
1357 1662 1531 1692 absurdum
1555 1668 1622 1692 erat
1647 1673 1710 1692 non
1731 1672 1820 1701 posse
1840 1661 1967 1692 coelesti
1986 1664 2104 1695 virtute

1144 1704 1192 1734 vol
1216 1704 1347 1737 domari,
1370 1705 1415 1734 vel
1438 1705 1541 1744 t'rangi
1562 1704 1693 1734 humani
1715 1705 1816 1734 cordis
1837 1704 1997 1736 duritiem.
2021 1706 2102 1736 Pro-

1144 1748 1273 1777 nunciat
1298 1747 1404 1786 itaque
1424 1748 1512 1777 Deus
1542 1757 1574 1777 se
1601 1747 1659 1778 hoc
1680 1747 1771 1777 modo
1797 1747 1962 1777 consulere
1982 1748 2102 1788 gloriae

1143 1800 1218 1819 suae
1243 1800 1336 1829 quani
1363 1790 1524 1820 illustrare
1548 1790 1623 1819 velit
1649 1789 1792 1828 pluribus
1816 1790 1986 1821 miraculis.
2027 1791 2104 1822 Ideo

1142 1832 1289 1871 proximo
1315 1842 1409 1863 versu
1436 1842 1562 1862 rursum
1587 1831 1724 1867 subiicit,
1758 1832 1940 1862 roboratum
1966 1833 2004 1863 ab
2034 1834 2104 1873 ipso

1142 1874 1212 1904 Deo
1245 1875 1341 1905 fuisse
1381 1886 1434 1905 cor
1476 1875 1669 1905 Pharaonis:
1711 1885 1771 1914 quo
1812 1875 1986 1914 siguificat,
2023 1886 2101 1906 non—

1142 1918 1202 1947 nisi
1252 1918 1319 1948 Deo
1365 1918 1483 1948 sciente
1535 1923 1566 1947 et
1612 1918 1737 1947 volente
1789 1922 1878 1947 tauta
1922 1918 2102 1956 pervicacia

1142 1960 1299 1990 restit-isse
1334 1966 1508 2001 tyranuum
1544 1970 1604 1999 quo
1646 1960 1746 1999 magis
1788 1964 1870 1990 essct.
1903 1959 2102 1992 admirabilis

1140 2003 1296 2033 liberatio.

1386 2172 1449 2203 EX
1473 2172 1568 2203 CAP.
1596 2172 1664 2203 XII
1695 2170 1852 2202 EXODI.

1226 2260 1275 2290 21.
1310 2258 1432 2289 Vocavit
1455 2268 1523 2297 erqo
1547 2257 1649 2287 Illoses
1671 2266 1771 2286 critices
1791 2255 1925 2286 seniores
1940 2256 2050 2293 Israel,
2074 2260 2100 2288 et

1141 2302 1223 2332 dizit
1253 2302 1295 2333 ad
1323 2311 1387 2331 eos:
1417 2300 1579 2330 Ertrahite
1605 2302 1630 2329 el
1658 2299 1749 2330 tollite
1776 2298 1858 2328 vobis
1877 2299 2022 2336 pecudem
2037 2309 2099 2337 pro

1139 2345 1276 2384 familiis
1308 2343 1425 2377 vestris,
1460 2346 1485 2372 et
1517 2345 1643 2373 mactate
1677 2340 1786 2371 l’esale.
1846 2340 1895 2370 22.
1931 2341 2099 2379 Accipietis

1141 2397 1257 2426 quoque
1278 2386 1459 2426 fasciculum
1489 2385 1629 2425 hyssopi,
1658 2386 1684 2413 et
1712 2383 1865 2422 meingaetis
1893 2383 1925 2412 in
1947 2384 2098 2422 sanquine

1141 2431 1194 2469 qui
1224 2430 1280 2460 erit
1309 2430 1343 2460 in
1365 2429 1457 2467 pelvi,
1490 2431 1516 2457 et
1541 2426 1713 2466 proiz'cietis
1742 2426 1776 2456 in
1802 2425 2043 2463 superliminare
2071 2429 2098 2457 et

1141 2474 1174 2502 in
1197 2475 1360 2511 utrumque
1391 2473 1503 2509 postem
1536 2470 1571 2500 de
1603 2469 1752 2508 sanquine
1784 2468 1838 2507 qui
1868 2467 1925 2497 erit
1952 2468 1986 2498 in
2016 2479 2095 2500 vase.

1149 2515 1210 2545 Vos
1232 2518 1332 2546 autem
1355 2523 1414 2544 non
1436 2512 1631 2553 egyrediemini
1660 2511 1786 2550 quisque
1812 2520 1849 2540 ex
1871 2509 1968 2540 hostio
1989 2510 2098 2542 domus

1141 2568 1216 2588 suae
1237 2567 1334 2597 usquc
1356 2566 1451 2586 mane.
1497 2555 1546 2585 23.
1571 2554 1613 2584 Et
1634 2553 1779 2583 transibit
1797 2552 1909 2583 Ieleova
1927 2553 1968 2582 ad
1985 2562 2096 2591 percu-

1141 2601 1276 2631 tiendam
1304 2599 1490 2639 Aeyyptum:
1520 2597 1570 2627 uhi
1600 2599 1698 2627 autem
1727 2595 1840 2626 viderit
1860 2595 2041 2635 sanquinem
2063 2596 2101 2627 in.

1860 2643 1892 2669 9*
