2304 3034
141 168 200 199 143

138 264 339 296 adiuraverat
359 261 442 299 filios
466 259 584 297 Israel,
608 260 748 291 dicendo:
783 260 944 292 Visitando
967 263 1102 295 visitabit

138 317 190 338 vos
234 305 336 342 Deus,
378 306 404 333 et
448 302 555 333 tolletis
600 312 670 333 ossa
712 312 780 333 mea
825 302 896 334 hinc
939 305 1101 338 vobiscum.

138 349 189 380 20.
220 349 329 386 Itaque
352 345 482 385 profecti
512 347 584 375 semt
612 356 627 376 e
659 344 806 382 Suchoth,
840 348 867 376 et
893 350 1103 381 castrametati

140 394 211 422 sunt
236 391 265 420 in
289 388 421 424 Etlzam,
454 388 487 418 in
518 388 706 419 extremitate
736 388 857 419 deserti.
911 389 960 421 21.
994 390 1107 423 Iehova

137 437 238 465 antem
257 431 453 471 praecedebat
475 441 524 461 eos
547 431 682 461 interdiu
704 431 738 461 in
766 431 906 462 columna
933 433 1039 471 nubis,
1067 437 1102 465 ut

137 476 292 508 deduceret
315 484 363 505 eos
379 483 439 512 per
461 473 560 504 viam:
582 476 672 504 noctu
694 483 762 504 vero
788 474 819 504 in
845 474 986 506 columna
1010 477 1100 516 iynis,

136 521 169 549 ut
191 518 298 549 luceret
325 517 384 551 eis,
416 519 448 546 ut
476 516 668 547 ambularent
691 516 739 547 die
763 519 788 546 et
810 519 908 548 noctu.
954 518 1004 549 22.
1031 519 1102 551 Non

136 560 259 592 abstulit
292 559 464 590 columnam
497 559 587 589 nubis
623 558 771 595 interdiu,
807 570 901 598 neque
930 561 1101 593 columnam

135 604 217 644 tynis
239 605 325 633 nocta
348 613 365 632 a
389 602 470 641 faeie
488 602 607 641 populi.

221 688 270 718 17.
306 687 434 718 Factum
474 689 517 717 cst
556 689 656 718 autem
696 697 790 726 qaum
830 688 980 719 emitteret.
1039 689 1101 721 Hic

135 731 242 762 Moses
265 740 394 761 causam
416 730 558 769 assignat
583 740 640 760 cur
660 729 750 760 Deus
774 741 837 760 non
863 731 1006 761 rectioris
1030 732 1100 762 viae

134 773 323 814 compendio
365 772 517 813 populum
559 772 666 803 statim
706 772 877 804 adduxerit
912 774 945 804 in
979 779 1099 805 terram

135 816 309 850 Chanaan,
341 814 423 855 quod
448 817 475 845 ei
500 814 632 855 perinde
657 815 749 846 facile
773 820 854 847 erat:
887 816 941 847 sed
965 827 1022 856 per
1046 817 1099 848 de-

133 865 265 894 sertum,
286 860 400 889 itinere
423 859 525 898 longo,
547 858 835 898 difficilietaspero
856 859 1098 891 circumducere

133 902 299 935 maluerit,
335 912 373 931 ne
407 901 530 932 scilicet
561 901 631 932 viae
663 901 800 933 facilitas
831 912 943 932 eorum
974 903 1098 934 animos

133 945 312 976 retraheret
348 945 380 974 in
416 945 624 985 Aegyptum,
666 945 690 975 si
731 945 812 974 forte
845 955 916 976 cum
953 944 1098 977 hostibus

132 987 342 1027 pugnandum
376 986 466 1017 foret.
524 986 653 1018 Scimus
694 993 815 1026 quanta
855 987 953 1018 fuerit
990 988 1097 1027 populi

132 1030 218 1060 illius
251 1031 367 1061 inertia
391 1038 422 1060 et
446 1030 611 1069 mollities,
646 1030 741 1061 simul
773 1041 808 1061 ac
839 1030 999 1062 obiectum
1030 1036 1099 1062 erat

133 1073 262 1113 aliquod
293 1073 481 1103 discrimen:
517 1079 637 1112 quanta
666 1073 797 1103 levitate
828 1073 964 1104 subinde
995 1085 1013 1104 a
1036 1074 1097 1104 Dei

131 1117 264 1156 imperio
289 1115 501 1153 desciverint,
533 1117 657 1154 quoties
681 1116 752 1155 plus
781 1117 887 1147 oneris
911 1117 1096 1156 impositum

132 1166 199 1189 erat
231 1169 326 1198 quam
357 1158 486 1189 vellent.
534 1157 663 1189 Scimus
697 1169 791 1198 quam
823 1168 918 1198 saepe
948 1170 1000 1190 eos
1024 1170 1096 1199 poe-

133 1202 265 1232 nituerit
298 1201 380 1241 quod
406 1202 513 1232 Deum
542 1202 669 1241 sequuti
699 1207 807 1232 essent
837 1201 968 1233 ducem:
1000 1210 1095 1242 atquc

132 1245 185 1275 ita*
200 1256 257 1275 sna
280 1244 516 1284 ingratitudine
540 1244 680 1274 oblatam
705 1244 765 1275 sibi
790 1245 928 1285 gratiam
959 1245 1095 1276 abiicere

131 1288 235 1327 parati
257 1288 386 1318 fuerint.
421 1286 530 1325 Quum
551 1298 626 1327 ergo
646 1287 735 1317 nullo
756 1288 914 1327 pollerent.
932 1297 1094 1318 armorum

131 1341 202 1368 usn,
225 1330 278 1361 sed
303 1341 434 1369 prorsus
457 1335 605 1369 expertes
629 1335 736 1361 essent
759 1330 910 1361 militaris
933 1331 1094 1368 scientiae,

131 1374 247 1413 quibus
272 1373 387 1403 animis
414 1373 577 1413 congressi
608 1372 745 1404 fuissent
775 1384 846 1404 eum
877 1373 1039 1412 hostibus,
1069 1374 1094 1405 si

131 1417 184 1455 qui
210 1416 318 1455 paneis
342 1415 455 1446 dicbus
480 1423 547 1455 post
579 1416 702 1447 exitum
730 1416 858 1447 obviam
879 1416 1093 1456 prodiissent?

131 1459 227 1490 Certe
269 1469 432 1499 nunquam
466 1469 672 1499 congressum
708 1470 807 1489 unum
846 1459 1093 1490 sustinuissent:

132 1502 209 1541 quin
244 1502 349 1541 potius
377 1501 545 1542 Aegyptiis
573 1513 606 1532 se
638 1501 785 1533 addicere
816 1502 918 1541 parati
949 1502 1093 1538 fuissent,
1119 1526 1121 1541 ἶ

131 1545 233 1585 petita
263 1545 452 1584 suppliciter
489 1545 593 1576 venia.
650 1545 736 1585 Ergo
771 1556 811 1575 ne
845 1556 907 1585 qua
941 1545 1095 1576 redeundi

130 1587 290 1627 cupiditas
325 1598 435 1618 corum
471 1587 619 1619 cordibus
654 1588 834 1627 obreperet,
870 1588 973 1618 voluit
1004 1588 1093 1619 Deus

130 1632 302 1669 asperitate
328 1631 397 1661 viae
421 1630 563 1661 claustra
586 1630 649 1661 illis
673 1641 835 1670 opponere
860 1637 930 1670 post
955 1636 1091 1671 tergum.

130 1672 222 1703 Adde
257 1672 354 1713 quod,
391 1673 417 1704 si
451 1684 490 1703 ex
525 1675 673 1714 Aegypto
708 1674 827 1713 egressi
862 1684 937 1704 mox
973 1674 1093 1705 incolas

130 1722 235 1746 terrac
250 1716 406 1750 Chanaan
426 1716 509 1747 bello
529 1717 672 1756 aggressi
686 1722 801 1755 essent,
815 1716 974 1747 difficilior
993 1717 1092 1748 insta-

129 1759 183 1790 bat
214 1759 328 1790 moles:
357 1760 431 1799 quia
460 1759 593 1789 minime
625 1764 804 1790 vessassent
834 1760 1006 1800 Aegyptii,
1039 1759 1093 1790 sed

130 1801 229 1832 adiuti
255 1806 300 1832 tot
325 1802 515 1842 populorum
545 1801 695 1833 subsidiis
719 1810 749 1833 et
781 1803 894 1842 copiis,
926 1803 1034 1834 ulcisci
1060 1814 1092 1833 se

129 1849 319 1881 tentassent,
344 1845 507 1884 pactisque
532 1845 606 1876 hinc
625 1846 699 1875 inde
720 1845 909 1883 foederibus,
929 1846 1092 1886 illaqueati

128 1887 264 1918 fuissent
287 1888 395 1918 miseri
419 1887 595 1918 Israelitae.
638 1888 768 1927 Optime
792 1898 867 1928 ergo
890 1889 954 1919 illis
977 1899 1091 1920 consu-

131 1930 185 1960 ,υἷι
202 1930 300 1963 Deus,
321 1930 403 1970 qnod
428 1942 484 1970 per
508 1932 595 1961 invia
619 1942 671 1962 eos
695 1931 836 1969 trahens,
859 1931 956 1972 longa
977 1931 1092 1973 fatiga-

127 1973 212 2003 tione
236 1974 367 2003 ianuam
392 1973 455 2003 illis
479 1974 603 2010 clausit,
629 1985 668 2005 ne
689 1984 829 2013 unquam
851 1980 1040 2014 appeterent
1059 1975 1089 2005 in

124 2016 311 2056 Aegyptum
347 2015 467 2047 redire:
500 2016 616 2047 deinde
651 2017 807 2056 paulatim
842 2018 991 2048 fiduciam
1027 2018 1090 2048 illis

124 2058 245 2088 addidit
287 2068 459 2098 antequam
496 2059 535 2090 ad
571 2071 712 2099 pugnam
748 2065 880 2090 ventum
915 2066 1014 2098 esset,
1055 2071 1089 2091 ac

125 2101 284 2132 subeundi
317 2102 456 2132 hostium
489 2103 636 2141 impetus.
685 2103 816 2133 Poterat
847 2103 976 2143 quidem
1000 2104 1090 2134 Deus

127 2144 174 2174 liisv
192 2146 286 2174 etiam
308 2145 454 2175 omnibus
475 2146 567 2175 malis
587 2146 680 2176 aliter
699 2156 877 2183 occurrere,
898 2147 1013 2177 fatcor:
1034 2146 1089 2177 sed

125 2187 197 2226 qnia
213 2187 401 2218 humanitus
415 2198 508 2227 saepe
528 2198 598 2218 cum
620 2189 686 2219 suis
706 2199 801 2229 agere
821 2189 910 2227 solet,
933 2190 1088 2220 rationem

124 2231 212 2269 sequi
232 2231 330 2260 v01uit
349 2241 429 2269 quae
450 2231 559 2270 populi
579 2231 761 2262 infirmitati
781 2237 864 2263 essct
883 2232 1087 2264 commodior.

125 2272 195 2303 Hoc
230 2273 418 2303 admirabile
453 2274 522 2304 cius
557 2274 727 2305 eonsilium
767 2286 851 2306 nnnc
885 2275 1090 2306 commendat

127 2315 244 2351 Moses,
271 2321 304 2346 ut
327 2316 465 2347 sciamus
490 2317 569 2347 nihil
595 2317 633 2347 ab
657 2328 694 2347 eo
718 2319 980 2357 praetermissum
1005 2319 1087 2358 qnod

125 2367 206 2387 ‹·:·s‹:t
242 2371 280 2388 cx
316 2359 418 2389 salute
454 2360 503 2390 vel
541 2360 679 2390 utilitate
714 2361 834 2400 populi.
888 2361 971 2391 Nam
1002 2361 1087 2392 istud

126 2400 241 2431 Dic-ere
257 2401 326 2438 Dei,
339 2402 429 2432 cuins
447 2403 603 2440 meminit,
623 2402 661 2432 ad
683 2403 920 2443 providentiam
934 2404 1087 2435 refertur:

125 2444 213 2481 quasi
244 2444 360 2475 diceret
393 2445 563 2475 transitum
595 2445 769 2477 faciliorem
795 2453 825 2477 ct
849 2447 952 2485 magis
976 2447 1087 2478 tritum

126 2497 188 2515 non
210 2492 327 2518 temere
348 2487 443 2517 fuisse
464 2488 698 2527 posthabitum,
719 2489 773 2520 sed
795 2490 941 2520 consulto
959 2490 1087 2521 obviam

126 2528 203 2558 itum
218 2530 315 2560 faisse
331 2531 509 2567 tentationi,
524 2533 597 2571 quia
612 2532 699 2562 Deus
720 2533 765 2563 sic
779 2532 929 2572 expedire
943 2538 1086 2564 noverat.

214 2572 258 2602 18.
294 2571 336 2603 Et
368 2573 510 2612 dispositi
550 2575 760 2606 ascenderunt.
818 2575 889 2606 Vox
924 2582 1035 2608 [³th
1070 2587 1088 2607 a

125 2614 264 2653 quinque
299 2615 483 2647 deducitur:
520 2617 603 2648 unde
638 2617 768 2657 quidam
803 2620 976 2650 commenti
1011 2624 1088 2649 sunt

702 164 1071 201 COMMENTARIUS
1096 170 1143 201 IN
1168 171 1316 203 EXODI
1338 171 1435 203 CAP.
1460 171 1557 204 XIII.

2061 178 2121 209 144

1154 267 1295 306 quinque
1319 276 1483 297 armorum
1508 266 1680 307 generibus
1713 268 1810 299 fuisse
1841 269 2030 303 instructos:
2062 272 2118 304 sed

1154 309 1250 339 nimis
1274 308 1419 340 absurde.
1455 309 1605 347 Hebraei,
1630 310 1703 349 quia
1728 310 1806 342 nihil
1830 312 1945 343 melius
1969 314 2021 344 vel
2044 325 2117 354 pro-

1154 351 1290 382 babilius
1304 352 1487 391 excogitare
1502 357 1660 391 poterant,
1679 364 1741 384 uno
1755 354 1820 384 fere
1833 364 1991 387 consensu
2005 357 2117 388 volunt

1154 394 1289 434 intelligi
1314 399 1454 425 armatos
1479 394 1577 426 fnisse
1600 395 1659 426 sub
1683 396 1797 435 quinta
1815 405 1910 429 costa.
1947 397 2011 430 Sed
2031 400 2117 431 unde

1153 437 1311 468 Israelitis
1324 437 1357 467 in
1371 443 1522 477 promptu
1544 442 1591 468 tot
1608 438 1725 469 loricae
1744 439 1923 471 militares?
1948 441 2019 481 Ego
2040 452 2117 474 vero

1153 480 1322 520 repudiato
1346 484 1410 510 tam
1435 485 1544 511 coacto
1568 484 1600 511 et
1623 486 1745 512 remoto
1769 492 1878 519 sensu,
1911 493 1975 514 non
2005 483 2116 516 dubito

1155 522 1320 554 numerale
1344 534 1413 553 esse
1434 532 1566 553 nomen:
1591 534 1627 554 ac
1651 524 1677 554 si
1700 524 1835 555 dixisset
1860 526 1979 561 Moses,
2004 528 2116 566 quinos

1153 565 1306 604 disposita
1328 566 1410 596 serie
1432 565 1531 596 fuisse
1560 566 1730 605 profectos:
1765 568 1840 607 quia
1869 568 1895 599 si
1924 569 2059 609 quisque
2082 570 2116 600 in

1153 608 1247 639 turba
1265 618 1471 648 perrumpere
1492 612 1658 647 tentasset,
1678 610 1810 650 quisque
1830 611 1984 642 fratribus
2003 612 2116 644 fuisset

1152 651 1325 682 obstaculo.
1372 651 1449 681 Ideo
1480 657 1606 682 vertere
1637 652 1758 691 placuit
1787 653 1969 694 dispositos.
2020 654 2114 694 Quod

1153 694 1191 725 de
1228 694 1339 733 quinta
1367 694 1577 734 generatione
1615 695 1783 734 imaginati
1821 701 1899 727 sunt
1930 697 2064 735 Graeci,
2097 709 2116 730 a

1152 736 1315 776 praesenti
1340 737 1523 767 narratione
1554 737 1648 777 longe
1680 738 1821 769 alienum
1845 743 1901 770 est.
1945 740 1986 770 In
2016 751 2114 772 sensu

1152 785 1260 810 autem
1285 790 1377 819 qucm
1409 779 1517 818 attuli,
1553 780 1634 810 nihil
1665 780 1851 817 obscurum,
1884 783 1932 813 vel
1963 782 2113 814 dubium:

1151 822 1226 862 quia
1251 822 1341 853 facile
1364 828 1498 862 apparet
1523 822 1581 853 Dei
1616 823 1753 862 gratiam
1787 824 1845 855 hac
1875 835 1999 865 quoque
2023 831 2114 866 parte

1151 865 1323 899 celebrari,
1362 864 1447 904 quod
1478 865 1633 904 populum
1670 877 1763 896 suum
1798 867 1943 898 ordinate
1975 868 2112 900 duxerit.

1151 908 1233 938 Nam
1255 908 1313 938 etsi
1333 907 1544 938 tumultuarie
1563 909 1682 949 egressi
1703 915 1780 940 sunt
1799 920 1834 941 ac
1854 910 1992 950 trepide.
2025 911 2114 943 Deus

1150 955 1257 981 tamen
1279 950 1369 990 quasi
1388 951 1446 981 sub
1468 951 1586 981 vexillo
1606 952 1656 982 vel
1677 952 1850 992 manipulis
1870 963 1922 984 eos
1945 954 2113 993 continuit,

1150 1004 1190 1024 ne
1215 1004 1276 1033 qua
1300 993 1459 1024 accideret
1483 993 1690 1033 perturbatio.

1236 1036 1283 1067 19.
1318 1036 1360 1067 Et.
1387 1036 1456 1067 tulit
1486 1035 1590 1068 Ilffoses
1618 1047 1688 1068 ossa
1720 1036 1829 1076 Ioseph
1862 1048 1973 1070 seeum.
2028 1039 2114 1071 Hinc

1149 1084 1297 1118 apparet,
1329 1080 1362 1109 in
1395 1079 1487 1109 rebus
1511 1079 1654 1110 adversis
1681 1080 1789 1120 populi
1814 1091 1978 1121 nunquam
2003 1086 2112 1114 tamen

1149 1121 1305 1153 excidisse
1330 1122 1516 1152 memoriam
1550 1124 1726 1162 promissae
1757 1122 1995 1163 redemptionis.
2042 1125 2111 1156 Nisi

1148 1165 1234 1195 enim
1268 1164 1430 1195 communi
1464 1165 1610 1195 omnium
1645 1176 1791 1196 sermone
1825 1166 1959 1198 celebris
1998 1168 2111 1199 fuisset

1148 1208 1318 1238 obtestatio
1354 1207 1484 1247 Ioseph,
1527 1207 1605 1238 nihil
1641 1208 1679 1239 de
1713 1219 1750 1239 ea
1791 1210 1947 1240 coniicere
1988 1216 2112 1250 poterat

1150 1250 1265 1281 Moses.
1323 1251 1419 1289 Atqui
1461 1250 1580 1282 diserte
1613 1252 1782 1291 exprimit,
1825 1252 1975 1284 mandato
2009 1253 2111 1285 sancti

1148 1293 1350 1333 patriarchae
1380 1304 1413 1323 se
1442 1304 1563 1323 morem
1595 1295 1732 1333 gessisse
1756 1295 1787 1324 in
1816 1297 2019 1334 asportandis
2042 1297 2112 1327 eius

1147 1336 1279 1367 ossibus.
1327 1335 1496 1366 Probabile
1526 1337 1626 1376 igitur
1656 1342 1704 1368 est
1734 1337 1778 1368 sic
1809 1338 1907 1369 fuisse
1937 1339 2110 1376 recondita,

1148 1384 1183 1409 ut
1207 1383 1315 1409 tamen
1346 1379 1494 1418 capsulae
1526 1380 1574 1410 vel
1607 1390 1706 1410 urnae
1737 1385 1868 1420 aspectu
1899 1391 1972 1420 spes
2002 1382 2111 1422 populi

1147 1421 1286 1461 quotidie
1312 1427 1530 1458 renovaretur,
1555 1433 1590 1453 ac
1614 1423 1639 1453 si
1663 1428 1794 1454 sanctus
1814 1424 1863 1454 vir
1882 1429 1954 1463 post
1973 1429 2111 1456 mortem

1147 1474 1237 1495 suam
1275 1475 1290 1495 e
1325 1464 1470 1504 sepulcro
1519 1465 1717 1496 liberationis
1765 1466 1893 1506 signum
1943 1468 2109 1506 proferret.

1147 1506 1306 1546 Quamvis
1335 1508 1419 1537 enim
1455 1508 1511 1538 hoc
1540 1509 1684 1548 symbolo
1712 1508 1806 1539 fidem
1837 1520 1927 1540 suam
1958 1510 1992 1540 in
2016 1510 2110 1542 corde

1147 1550 1271 1586 aluerit,
1292 1560 1389 1589 quum
1411 1550 1511 1581 voluit
1531 1552 1625 1581 etiam
1646 1556 1792 1582 mortuus
1813 1556 1916 1583 terrae
1937 1553 2109 1592 possessio-

1146 1603 1220 1623 nem
1255 1592 1358 1629 adire,
1401 1603 1464 1623 non
1498 1593 1631 1624 dubium
1673 1599 1781 1625 tamen
1816 1599 1865 1625 est
1896 1596 1972 1635 quin
2006 1597 2109 1637 magis

1145 1636 1324 1675 respexerit
1346 1635 1462 1666 fratres
1486 1646 1559 1667 suos
1583 1643 1612 1667 et
1638 1642 1738 1668 totam
1762 1638 1984 1677 posteritatem
2006 1639 2108 1670 sancti

1145 1679 1282 1718 generis.
1330 1678 1411 1709 Nam
1436 1686 1587 1718 expertus
1617 1690 1727 1710 eorum
1759 1681 1929 1720 segnitiem
1953 1686 1985 1712 et
2008 1682 2108 1713 imbe-

1145 1721 1233 1752 cillas
1258 1721 1329 1752 fidei
1354 1722 1453 1755 Vires.
1486 1723 1601 1752 merito
1634 1722 1766 1754 timebat
1798 1735 1837 1754 ne
1861 1723 2004 1764 longiore
2029 1729 2105 1755 tem·

1144 1764 1230 1803 poris
1249 1769 1353 1795 tractu
1371 1765 1474 1804 magis
1494 1775 1528 1795 ac
1549 1767 1649 1805 magis
1668 1767 1901 1804 flaccescercnt,
1922 1777 1957 1797 ac
1977 1767 2106 1798 tandem

1144 1807 1355 1846 promissione
1374 1812 1565 1847 contempta,
1585 1813 1667 1839 totos
1688 1819 1721 1839 se
1741 1810 1855 1840 darent
1874 1809 1912 1840 ad
1937 1815 2106 1850 torporem.

1144 1850 1187 1880 Et
1208 1856 1293 1880 certe
1318 1850 1395 1880 hace
1419 1850 1599 1881 diffidentia
1628 1862 1701 1881 cum
1732 1853 1888 1892 compulit
1912 1858 1947 1882 ut
1970 1854 2106 1893 simplici

1143 1896 1311 1932 praecepto
1347 1903 1407 1922 non
1439 1898 1622 1931 contentus,
1650 1895 1857 1925 iureiurando
1891 1896 2107 1936 obstringeret

1143 1945 1250 1965 eorum
1276 1935 1408 1965 animos.
1446 1936 1600 1975 Reliquos
1624 1938 1719 1967 etiam
1746 1938 1893 1969 undecim
1915 1938 1997 1969 filios
2011 1938 2106 1970 Iacob

1143 1977 1271 2008 videtur
1305 1977 1490 2017 Stephanus
1526 1981 1678 2010 Actorum
1715 1980 1742 2010 7.
1776 1991 1920 2011 asserere
1961 1981 2104 2021 sepultos

1142 2021 1238 2052 fuisse
1258 2020 1378 2060 pariter
1398 2021 1428 2051 in
1444 2020 1584 2057 Sichem,
1604 2028 1635 2052 et.
1647 2024 1830 2054 coniectura
1845 2024 2027 2055 verisimilis
2046 2030 2102 2062 est,

1142 2064 1289 2103 exemplo
1312 2063 1422 2094 fratris
1446 2066 1495 2094 sui
1520 2064 1634 2104 Ioseph
1660 2065 1809 2097 inductos
1833 2066 1931 2096 fnisse
1954 2067 1992 2097 ad
2017 2068 2103 2107 piam

1142 2106 1396 2137 aemulationem.
1441 2107 1536 2137 Certe
1560 2108 1592 2138 in
1615 2108 1712 2138 aridis
1736 2108 1860 2139 ossibus
1883 2109 1962 2140 fides
1985 2111 2102 2141 mortui

1141 2149 1256 2188 Ioseph
1281 2159 1397 2179 sonore
1427 2148 1465 2179 ad
1496 2157 1640 2189 posteros
1668 2151 1856 2181 concionata
1887 2156 1936 2182 est
1964 2152 2002 2182 de
2026 2153 2104 2184 libe-

1141 2193 1263 2222 ratione
1287 2193 1451 2231 promissa‚
1474 2203 1514 2223 ne
1539 2193 1693 2223 diuturno
1717 2193 1820 2223 taedio
1845 2194 2101 2233 languescerent:

1140 2242 1173 2265 et
1195 2245 1292 2274 quum
1323 2234 1428 2265 educti
1459 2234 1589 2266 tandem
1621 2240 1695 2266 sunt
1719 2236 1899 2273 Israelitae,
1934 2237 2102 2270 duodecim

1141 2276 1404 2308 Pati-iarcharum
1417 2288 1487 2308 ossa
1505 2278 1553 2308 vel
1567 2279 1689 2309 cineres
1710 2278 1841 2309 totidem
1863 2280 1993 2311 fuerunt
2012 2282 2102 2321 quasi

1142 2319 1321 2355 vexilliferi,
1341 2322 1392 2359 qui
1413 2320 1556 2359 singulas
1577 2321 1677 2351 tribus
1697 2321 1735 2351 ad
1750 2322 1935 2360 erigendam
1954 2323 2102 2355 fiduciam

1141 2363 1311 2403 praeirent.
1348 2362 1420 2401 Quo
1441 2363 1541 2403 magis
1563 2363 1761 2394 detestabilis
1786 2364 1847 2395 fuit
1870 2366 1969 2396 totius
1993 2367 2103 2406 populi

1140 2405 1298 2441 socordia,
1329 2405 1382 2445 qui
1408 2406 1501 2436 toties
1525 2407 1555 2435 in
1582 2407 1694 2437 itinere
1718 2408 1856 2446 turpiter
1879 2413 1972 2449 terga
1997 2411 2102 2448 vertit,

1139 2458 1237 2488 quum
1262 2448 1294 2478 in
1319 2454 1490 2488 conspectu
1523 2455 1607 2479 essetv
1631 2455 1693 2479 tam
1719 2450 1854 2490 insignis
1878 2451 2013 2483 fiduciae
2037 2463 2104 2484 ma—

1139 2491 1228 2521 teria.
1281 2490 1373 2529 Quae
1409 2491 1514 2521 Moses
1550 2492 1645 2521 refert
1678 2493 1745 2522 cius
1781 2494 1893 2524 verba:
1930 2494 2101 2526 Visitando

1139 2533 1285 2564 visitabit
1306 2544 1367 2569 vos,
1393 2539 1450 2564 etc.
1472 2533 1591 2565 dictum
1612 2534 1689 2564 illud
1710 2536 1843 2574 apostoli
1862 2536 1957 2577 (Heb.
1980 2537 2028 2575 11,
2048 2538 2102 2580 22)

1139 2576 1340 2613 confirmant,
1361 2577 1549 2607 morientem
1573 2577 1632 2607 fido
1653 2578 1821 2609 mandasse
1842 2579 1879 2610 dc
1892 2580 2017 2612 ossibus
2033 2581 2102 2612 suis

1139 2618 1385 2650 transferendis:
1416 2619 1507 2659 quia,
1537 2625 1572 2650 nt
1602 2626 1729 2660 gentem
1764 2632 1854 2652 suam
1887 2622 2032 2654 hortetur
2061 2623 2103 2655 ad
