2304 3034
166 169 224 199 141

166 266 293 294 tantum
327 270 363 289 ex
396 257 558 296 sepulcro,
590 255 645 286 sed
677 265 693 285 e
717 253 981 294 profundissimis
1009 253 1134 294 abyssis

167 315 266 336 manu
291 302 351 332 Dei
376 311 408 331 50
432 300 528 330 fuisse
551 302 668 329 erutos.
714 297 858 337 Apparet
883 303 1007 333 autem,
1037 307 1135 336 quum

169 358 187 379 a
212 347 300 378 Mose
324 343 400 374 iussi
425 346 501 372 sunt
525 352 558 372 se
581 341 740 372 conjicere
764 345 793 370 et
818 339 908 379 quasi
936 339 1136 379 ingurgitare

170 431 339 465 attonitos,
374 432 406 458 et
436 426 674 458 somniantibus
704 425 841 462 similes,
878 424 1136 464 quandoquidem

168 474 288 512 absque
308 470 498 502 difficultate
518 473 710 509 paruerunt:
733 478 832 507 quum
848 472 956 498 tamen
971 467 1135 498 horrorem

168 517 327 547 incuteret
351 514 419 554 ipsa
445 513 503 543 loci
528 512 633 543 facies.
668 511 783 551 Neque
803 510 889 541 enim
914 511 939 540 si
963 509 1136 543 discrimen

169 557 468 599 apprehendissent,
497 562 561 585 tam
586 562 736 594 prompta
759 554 869 584 fuisset
895 553 933 583 ad
958 553 1136 592 patendun]

168 601 326 636 alacritas,
351 605 385 630 ut
411 609 486 629 mox
512 597 702 628 videbimus.
740 596 849 635 Quare
874 595 937 626 tion
963 602 1027 625 tam
1052 597 1138 635 ipsos

171 643 317 678 laudare,
343 652 436 682 quam
462 640 524 671 Dei
550 639 806 681 providentiam,
828 639 912 669 Mosi
937 639 1136 678 propositum

169 687 240 717 fuit.
276 686 419 725 Apparet
440 690 559 718 tamen,
582 683 642 713 nisi
667 682 706 713 ob
730 683 800 713 visa
824 686 870 711 tot-
894 681 1049 712 miracula
1074 682 1138 711 fere

170 729 311 760 ecstatiei
338 728 489 763 fuissent,
521 727 576 756 vix
607 726 748 765 potuisse
780 724 896 755 adduci
926 730 959 754 ut
991 734 1024 754 50
1055 724 1138 754 ultro

169 772 391 812 impingerent
424 771 455 800 in
486 769 656 809 speluncas
684 768 772 799 unde
796 768 904 798 nullus
929 772 998 797 crat
1023 767 1137 797 exitus.
1164 770 1165 783 ³

169 815 222 846 Ex
249 824 325 845 voce
350 815 427 845 ‘77:1⁸2
452 812 609 843 coniiccre
635 811 709 842 licet
733 822 837 841 arcem
864 810 934 849 rupi
959 810 1056 840 fuisse
1078 809 1134 839 im*

169 858 305 898 positam
332 856 369 887 ad
403 855 621 896 prohibendos
651 864 807 885 accessus.

170 906 273 934 ΓΠἮΓ.
299 899 377 929 011111
402 909 464 928 non
490 898 568 928 satis
592 902 732 928 constat:
758 907 815 927 nec
840 895 933 926 video
953 906 1008 926 cur
1022 894 1138 926 Gracci

171 942 398 974 transtulerint
433 940 479 972 Os
514 941 618 971 vallis.
676 940 719 970 Et,
756 940 820 970 oris
862 944 970 969 tamen
1012 938 1140 968 nomine

170 985 346 1026 probabilis
369 985 554 1015 coniectura
579 983 706 1014 elicitur
738 983 798 1012 iter
830 982 927 1012 fuisse
959 981 1041 1020 pylis
1065 991 1138 1012 con-

170 1029 328 1059 strictum.
360 1026 446 1066 Quia
466 1033 520 1057 ἾῚΠ
540 1026 726 1065 speluncam
748 1025 909 1065 significat
923 1024 971 1054 vcl
986 1024 1140 1060 foramen,

171 1071 280 1102 nescio
305 1081 345 1100 an
371 1071 458 1101 locus
482 1070 536 1099 illc
561 1079 678 1099 nomen
704 1067 779 1098 inde
804 1068 937 1098 sortitus
962 1067 1019 1104 sit,
1049 1066 1140 1106 quasi

170 1126 205 1145 05
230 1113 425 1144 foraminum
449 1112 495 1143 vel
517 1112 755 1152 speluncarum.
790 1111 872 1141 Nam
898 1110 1024 1140 literam
1050 1116 1058 1141 i
1079 1109 1111 1139 in
1132 1117 1140 1132 ³

171 1157 317 1188 converti
338 1156 490 1186 usitatum
516 1161 573 1191 est,
599 1160 630 1184 et
653 1154 781 1194 generis
805 1153 951 1193 enallagt¹
971 1153 1003 1182 in
1025 1152 1140 1192 plurali

171 1210 309 1230 numero
340 1198 497 1229 Hebraeis
529 1199 605 1228 trita
636 1202 692 1227 est.
744 1197 815 1227 Nisi
847 1197 896 1227 eui
929 1196 1009 1226 sorte
1038 1195 1141 1235 magis

171 1242 341 1283 probetur,
373 1252 470 1280 quum
500 1241 656 1280 seriptum
681 1244 763 1269 esset
784 1245 898 1272 ΠἹᾟΠΠ
918 1239 1045 1268 literam
1070 1238 1139 1269 Π111

170 1286 277 1316 locum
297 1292 317 1316 Π
331 1284 512 1324 obrepsisse
527 1289 657 1323 propter
670 1282 873 1313 affinitatem.
910 1281 1005 1320 Quod
1022 1281 1047 1311 si
1061 1281 1139 1312 reei-

171 1330 269 1368 pitur‚
291 1328 428 1367 positum
451 1327 511 1357 erit
536 1326 728 1356 femininum
748 1336 852 1365 genus
872 1335 930 1364 pro
953 1323 1140 1354 masculino.

171 1372 222 1402 Ita
244 1375 325 1401 esset
339 1369 385 1401 Os
405 1370 571 1400 montium.
597 1369 720 1399 Verum
741 1374 774 1398 ut
789 1367 983 1408 ct5mologia
1008 1366 1142 1397 secundi

172 1414 315 1444 nominis
340 1424 396 1444 nos
420 1413 528 1449 lateat,
557 1423 597 1442 ex
622 1411 753 1442 nomine
776 1411 840 1441 oris
864 1416 949 1441 certo
974 1409 1142 1441 conficitur

174 1457 359 1496 speluncam
392 1456 490 1486 fuisse
521 1454 655 1495 rupibus
686 1454 844 1484 inclusam
877 1459 907 1483 et
939 1453 1067 1493 angusti
1093 1452 1141 1482 in-

172 1510 312 1540 gressus.
344 1498 550 1538 Quanquam,
571 1498 598 1528 si
618 1498 651 1528 in
671 1508 705 1528 re
724 1496 819 1527 dubia
834 1496 985 1527 iudicium
1001 1496 1142 1535 proferre

173 1543 265 1579 lieet,
297 1542 403 1582 potius
431 1541 581 1572 existimo
605 1552 623 1571 a
646 1541 741 1571 verbo
766 1546 834 1572 ΠἾΓ.
860 1538 1032 1569 deductum
1058 1549 1140 1569 esse:

175 1585 258 1625 quod
283 1584 431 1624 sculpere
455 1584 629 1625 significat,
666 1584 715 1614 vel
740 1592 890 1613 exarare:
923 1582 998 1622 quia
1021 1581 1144 1612 scilicet

174 1628 337 1668 praecisae
368 1638 464 1667 rupes
495 1632 604 1665 erant,
639 1626 728 1666 quasi
762 1625 878 1656 malleo
908 1625 1061 1664 sculptae.
1114 1624 1143 1654 A

175 1676 265 1710 tergo
301 1675 409 1701 antem
444 1671 566 1701 cinctus
601 1676 668 1700 erat
704 1669 792 1700 locus
827 1669 924 1706 mari,
960 1679 995 1699 ac
1025 1668 1050 1698 si
1081 1667 1143 1698 iam

174 1713 343 1745 Israelitae
367 1714 401 1743 in
426 1713 610 1753 sepulerum
636 1711 772 1743 coniecti
796 1712 911 1742 forent.

261 1757 290 1788 3.
328 1756 415 1787 Dicet
445 1756 526 1786 enim
561 1755 697 1786 Pharao.
753 1754 815 1784 Hic
847 1754 1016 1784 consilium
1051 1763 1144 1783 suum

174 1799 259 1830 Mosi
281 1800 411 1838 exponit
436 1799 541 1829 Deus:
573 1798 720 1838 quamvis
754 1797 848 1827 toties
877 1808 948 1827 eum
974 1797 1146 1827 Pharaone

175 1853 368 1883 congressus
388 1842 535 1872 retulerit
554 1841 699 1881 insignes
720 1841 879 1875 victorias,
901 1845 1023 1870 restare
1037 1844 1145 1869 tamen

175 1886 326 1916 ultimum
352 1892 476 1923 actum,
511 1890 546 1915 nt
577 1884 609 1914 in
642 1883 723 1914 mari
753 1883 858 1922 ipsum
883 1882 1051 1923 demergat
1073 1892 1145 1912 cum

177 1928 332 1959 exercitu.
367 1928 454 1958 Dicit
478 1928 576 1964 igitur
601 1927 661 1957 hac
685 1926 836 1957 illecebra
859 1931 988 1965 captum
1010 1925 1048 1955 iri
1062 1924 1146 1955 Pha-

181 1981 324 2008 raonem,
344 1980 378 2001 ut
398 1971 538 2001 insnum
559 1970 726 2001 interitum
748 1974 830 1999 ruat.
860 1969 944 1999 Nam
965 1969 990 1999 si
1011 1967 1147 2008 populus

180 2014 276 2045 celeri
314 2014 448 2044 traiectu
483 2013 625 2044 venisset
659 2013 691 2043 in
726 2018 845 2042 terram
876 2011 1050 2047 Chanaan,
1084 2020 1147 2041 non

181 2061 271 2087 tanta
295 2057 405 2087 fuisset
430 2056 497 2087 eius
521 2055 734 2096 persequendi
767 2055 911 2086 facultas.
956 2054 1049 2085 Deus
1073 2064 1148 2094 ergo

181 2099 395 2130 illustrandae
415 2099 537 2139 gloriae
557 2110 633 2130 suae
653 2109 759 2135 causa,
780 2106 955 2138 tyranuum
981 2097 1147 2133 inescavit,

182 2149 218 2173 ut
242 2153 314 2173 eum
347 2148 491 2181 caperet,
521 2152 585 2173 non
617 2152 708 2173 secus
732 2151 767 2171 ac
791 2140 894 2171 solent
918 2140 1013 2171 hamo
1036 2140 1148 2180 pisces.

183 2185 305 2216 Vocem
319 2191 410 2217 0³:23
429 2195 509 2224 quae
529 2185 581 2216 hic
594 2185 735 2224 ponitur,
750 2183 803 2214 alii
817 2183 987 2223 perplexos
1001 2182 1149 2219 reddunt,

183 2228 236 2258 alii
254 2238 328 2259 vero
345 2228 501 2259 irretitos:
521 2227 575 2258 sed
597 2226 761 2258 commode
781 2227 877 2257 ctiam
898 2226 1015 2266 exponi
1036 2229 1150 2266 potest,

183 2271 334 2302 confusos
346 2282 414 2301 esse
428 2271 459 2300 in
478 2276 574 2307 terra,
594 2271 669 2310 quia
690 2270 815 2300 nullum
835 2269 957 2300 exitum
978 2268 1149 2309 reperient,

183 2324 299 2353 nempe
323 2314 484 2353 angustiis
507 2313 648 2353 undique
672 2312 836 2352 obseptos,
867 2317 896 2342 et
921 2312 1001 2343 mari
1027 2312 1065 2343 ab
1090 2311 1151 2342 alia

183 2363 276 2396 parte
306 2357 462 2396 opposito.
508 2356 631 2396 Atque,
664 2355 715 2386 ubi
745 2355 782 2385 de
809 2355 941 2391 consilio
969 2354 1151 2385 Pharaonis

186 2400 344 2439 loquitur,
372 2410 436 2430 non
463 2400 608 2439 sequitur
631 2398 812 2439 (hominum
838 2397 939 2439 more)
962 2397 1044 2437 quod
1069 2396 1151 2428 veri-

186 2442 289 2472 simile
314 2448 376 2479 est,
405 2442 460 2473 sed
491 2448 525 2473 ut
556 2442 721 2482 proprium
753 2441 822 2472 eius
846 2452 963 2471 munus
987 2445 1036 2471 est
1058 2438 1152 2471 corda

187 2485 338 2523 scrutari,
373 2484 411 2515 de
435 2485 622 2516 abscondito
647 2485 778 2525 tyranni
803 2484 921 2515 affectu
950 2483 1152 2523 pronunciat,

187 2532 223 2557 ut
248 2527 285 2557 de
309 2538 342 2558 rc
366 2528 423 2559 sibi
450 2527 530 2559 bene
558 2534 734 2567 perspecta.
782 2527 897 2557 Postea
931 2526 1057 2566 longius
1079 2536 1153 2566 pro-

187 2570 341 2609 greditur.
388 2571 500 2610 Neque
524 2572 609 2601 enim
634 2576 758 2601 tantum
784 2580 817 2600 se
841 2569 1030 2609 praevidere
1054 2569 1153 2608 signi-

183 2614 260 2643 ficut
281 2612 357 2652 quid
376 2614 522 2645 futurum
546 2614 602 2644 sit:
628 2613 683 2644 scd
703 2614 818 2643 iterum
840 2613 957 2652 repetit
977 2611 1059 2651 quod
1080 2616 1154 2642 ante

734 159 1104 192 COMMENTARIUS
1128 159 1175 190 IN
1201 158 1348 190 EXODI
1371 157 1468 188 OAP.
1492 157 1586 188 XIV.

856 852 941 892 Quid
973 852 1031 883 sibi
1059 852 1140 883 velit
1164 865 1166 871 ⁴

2095 158 2155 189 148

1189 253 1359 293 aliquoties
1384 251 1539 288 vidimus,
1571 261 1625 283 cor
1648 250 1830 282 Pharaonis
1856 262 1889 282 50
1913 251 2155 290 obduratur-um,

1189 303 1224 327 ut
1259 295 1412 335 populum
1447 299 1669 334 persequatur.
1727 293 1822 325 Unde
1856 295 2015 333 sequitur,
2054 295 2155 335 ipsius

1162 339 1322 370 ¹arbitrio
1364 342 1393 367 et
1431 337 1528 367 ductu
1569 336 1627 367 hoc
1663 341 1766 367 totum
1795 336 1895 367 fuisse
1930 337 2154 369 cubernatum.

169 390 203 420 in
239 386 403 427 angustias
439 394 576 424 quarum
608 384 642 414 fit
673 383 810 420 mentio,
846 382 943 412 fuisse
972 372 1164 413 0111000115ΙῚ
1929 363 1947 377 ⁰

1190 382 1363 413 Caeterum
1389 390 1451 410 non
1477 380 1535 409 soli
1560 379 1644 410 Mosi
1668 379 1819 419 privatim
1846 379 1905 409 hoc
1930 384 2067 411 testatus
2098 384 2154 419 est,

1190 424 1244 455 sed
1269 434 1380 454 omnes
1405 428 1531 453 mature
1555 423 1772 462 praemonitos
1796 432 1864 452 esse
1890 421 2005 459 voluit,
2040 433 2080 453 ne
2102 434 2156 454 su-

1190 468 1256 498 bito
1273 467 1413 497 hostium
1435 464 1576 496 advent-u
1598 464 1736 505 perculsi
1756 464 1964 504 desperarent
1985 464 2023 495 de
2043 465 2154 497 salute.

1191 510 1282 548 Quae
1307 514 1414 539 tamen
1443 508 1619 539 admonitio
1638 508 1746 538 minus
1766 507 1868 538 valuit
1887 517 1982 547 quam
2008 507 2154 539 decebat:

1192 553 1265 592 quia
1289 551 1385 592 paulo
1410 556 1479 590 post
1509 550 1719 590 deprehensi,
1748 560 1813 581 non
1843 550 1951 581 minus
1982 550 2156 582 turbantur

1190 606 1285 635 quam
1311 595 1336 625 si
1362 594 1422 625 Dei
1447 603 1558 624 errore
1586 598 1617 624 et
1641 593 1741 624 Mosis
1772 593 1899 624 inscitia
1926 593 2092 624 venissent
2122 593 2155 624 in

1191 638 1371 669 discrimen.

1275 682 1304 711 Ξ).
1333 679 1523 710 szciatum
1546 681 1588 710 est
1616 681 1717 710 autem
1745 679 1816 718 reyt'.
1863 678 1936 709 Non
1967 678 2156 718 simpliciter

1190 723 1345 763 intelligit
1376 723 1500 757 Moses,
1537 732 1643 762 regem
1676 726 1752 752 tunc
1786 721 1926 761 primum
1958 721 2087 752 audisse
2117 721 2156 753 de

1191 768 1265 806 fuga
1290 765 1417 806 populi,
1445 775 1525 804 «piae
1549 764 1683 794 minime
1707 764 1831 795 occulta
1855 764 1977 795 fuerat:
2002 764 2056 795 sed
2081 775 2154 796 nar-

1192 817 1277 840 ratas
1302 809 1400 839 fuisse
1423 807 1691 843 circumstantias,
1717 817 1797 846 quac
1821 807 1859 837 ad
1885 807 2004 846 aliquid
2031 812 2156 838 tentan-

1191 852 1265 883 dum
1291 851 1437 882 stimules
1468 850 1632 881 adderent.
1679 849 1766 890 Ergo
1798 850 1851 880 ubi
1882 850 1970 880 audit
2002 850 2155 890 populum

1192 895 1316 935 trepide
1340 895 1471 934 fugisse,
1496 893 1662 923 existimat
1680 893 1821 932 potuisse
1840 892 1973 923 minimo
1993 892 2156 924 obstaculo

1193 938 1334 969 retineri.
1370 937 1436 967 Nec
1460 937 1547 967 solus
1570 936 1638 975 ipse
1664 940 1753 965 tanta
1778 935 1917 966 amentia
1941 934 2075 973 laborat,
2101 935 2156 967 sed

1191 992 1302 1012 0111005
1326 980 1419 1010 aulici
1443 989 1589 1019 proceres
1613 978 1752 1009 desidiae
1776 988 1852 1008 suae
1881 978 2044 1018 imputant
2072 978 2157 1018 quod

1192 1024 1305 1054 exierit
1330 1023 1475 1063 populus.
1522 1021 1695 1060 Quaerunt
1723 1020 1807 1060 apud
1838 1031 1871 1051 50
1902 1031 1959 1052 cur
1981 1021 2069 1061 passi
2092 1021 2158 1052 sint

1192 1066 1274 1097 filios
1287 1066 1386 1097 Israel
1409 1066 1506 1096 abire.
1541 1064 1644 1103 Quasi
1665 1074 1740 1095 vero
1761 1074 1826 1094 non
1846 1064 1951 1095 eonati
1971 1064 2035 1094 sint
2054 1064 2158 1095 modis

1192 1109 1341 1140 omnibus
1372 1108 1508 1138 liberum
1545 1107 1721 1138 discessum
1751 1107 1936 1146 prohibere:
1971 1107 2062 1146 quasi
2092 1117 2158 1138 non

1193 1152 1318 1183 devicta
1339 1163 1354 1181 c
1373 1151 1459 1182 coelo
1481 1150 1585 1181 decies
1604 1150 1700 1181 fuerit
1721 1160 1830 1180 eorum
1852 1149 2044 1189 pertinacia:
2068 1150 2159 1189 quasi

1193 1206 1255 1225 non
1299 1194 1428 1225 tandem
1471 1193 1643 1223 extorserit
1679 1193 1767 1223 Deus
1803 1192 1955 1232 populum
1991 1203 2085 1223 suum
2119 1193 2158 1224 ab

1194 1238 1314 1268 invitis.
1362 1237 1425 1268 Sed
1457 1236 1508 1267 hic
1544 1241 1591 1266 051
1618 1236 1789 1276 impiorum
1818 1241 1929 1275 stupor
1961 1241 1996 1266 ut
2030 1241 2158 1266 tantum

1194 1281 1389 1311 exhorreant
1411 1285 1611 1319 praesentem
1634 1279 1694 1309 Dei
1715 1288 1856 1315 manum,
1881 1278 1988 1309 statim
2014 1279 2159 1309 omnium

1194 1335 1274 1363 quae
1306 1323 1454 1354 viderunt
1483 1322 1724 1353 obliviscantur.
1772 1321 1886 1351 Attriti
1917 1322 2043 1351 fuerant
2074 1326 2158 1352 atro-

1194 1367 1283 1398 cibus
1315 1372 1345 1396 01
1382 1365 1550 1396 horrendis
1584 1365 1709 1404 poenis:
1742 1373 1828 1394 nunc
1857 1369 2011 1403 tanquam
2040 1363 2159 1404 integri

1195 1409 1360 1449 disputant
1392 1420 1448 1439 cur
1477 1418 1540 1438 non
1570 1407 1608 1438 ad
1640 1413 1820 1438 extremum
1850 1417 1951 1446 usque
1982 1406 2161 1437 restiterint

1196 1453 1281 1489 Deo,
1305 1452 1359 1491 qui
1384 1462 1436 1482 eos
1460 1451 1602 1481 maxime
1623 1451 1819 1481 reluctantes
1841 1450 2005 1489 quiescere
2030 1449 2161 1480 tandem

1196 1495 1308 1535 coegit,
1331 1499 1502 1534 postquam
1528 1494 1632 1524 decies
1661 1493 1786 1533 experti
1818 1492 1948 1523 fuerant
1977 1503 2010 1523 50
2040 1492 2161 1523 frustra

1197 1538 1302 1568 reniti.
1338 1536 1402 1568 Sed
1424 1536 1479 1567 tali
1500 1536 1650 1576 superbia
1673 1536 1837 1567 excaecari
1857 1535 2008 1575 reprobos
2027 1539 2161 1575 oportet,

1196 1585 1232 1611 ut
1255 1581 1400 1611 ferantur
1424 1580 1456 1610 in
1481 1590 1570 1610 suam
1597 1579 1786 1619 perniciem,
1812 1578 1887 1609 dum
1911 1579 2057 1618 persuasi
2082 1577 2161 1609 nihil

1196 1623 1256 1655 sibi
1280 1634 1349 1654 esse
1373 1622 1519 1660 arduum,
1544 1621 1698 1653 adversus
1722 1622 1831 1652 Deum
1855 1621 2043 1661 confligunt.

1281 1666 1309 1697 6.
1335 1665 1376 1696 Et
1399 1668 1503 1705 aptato
1526 1676 1620 1696 curru
1643 1675 1707 1696 suo.
1754 1665 1872 1695 Paucis
1896 1663 2045 1695 bellicum
2067 1674 2162 1704 appa-

1195 1714 1300 1740 ratum
1323 1708 1474 1739 describit
1490 1709 1606 1744 Moses,
1628 1719 1693 1738 non
1711 1711 1838 1738 tantum
1852 1711 1889 1738 ut
1902 1706 2162 1747 magnitudinem

1197 1752 1329 1783 Virtutis
1354 1751 1414 1781 Dei
1447 1751 1651 1781 commendet
1680 1751 1712 1780 in
1744 1749 1912 1781 liberando
1942 1750 2074 1790 populo,
2106 1749 2162 1781 sed

1197 1796 1292 1826 etiam
1326 1800 1361 1824 ut
1391 1794 1502 1825 doceat
1533 1800 1653 1833 quanto
1681 1794 1802 1833 impetu
1827 1799 1856 1824 et
1882 1803 1977 1832 quam
2001 1792 2162 1824 obstinata

1198 1837 1329 1869 audacia
1353 1848 1386 1867 se
1411 1837 1577 1876 proiiciant
1602 1837 1702 1876 impii,
1729 1836 1804 1866 dun]
1829 1836 1938 1876 pravis
1963 1840 1995 1865 et
2017 1835 2161 1867 scelestis

1197 1882 1264 1912 suis
1287 1879 1515 1919 cupiditatibus
1540 1890 1661 1910 morem
1686 1886 1812 1919 gerunt.
1858 1879 1971 1918 Nuper
1997 1878 2062 1909 fere
2086 1889 2161 1909 exa-

1198 1924 1301 1955 nimes
1321 1922 1492 1962 stupebant
1507 1923 1671 1962 Aegyptii,
1691 1927 1724 1952 et
1742 1921 1923 1952 clamabant
1943 1920 1981 1951 de
2001 1932 2033 1952 se
2053 1926 2161 1952 actum

1198 1976 1281 1998 esse:
1302 1966 1359 1997 vix
1379 1965 1446 1995 dies
1466 1976 1548 1995 uuus
1568 1965 1735 2004 praeteriit
1753 1974 1853 2004 quum
1874 1963 2019 1995 validum
2039 1963 2161 1995 exerci-

1199 2014 1265 2040 tum
1297 2008 1451 2047 colligunt
1482 2014 1634 2047 tanquam
1660 2018 1699 2038 ex
1725 2008 1861 2038 florente
1885 2007 1984 2046 copia.
2032 2005 2067 2038 Si
2091 2006 2162 2046 quis

1199 2052 1338 2092 excipiat
1361 2055 1529 2081 sexcentos
1553 2061 1667 2081 currus
1691 2054 1787 2090 atque
1810 2050 1906 2079 etiam
1930 2049 2023 2087 longe
2043 2049 2160 2089 plures,

1199 2094 1410 2136 quantumvis
1434 2094 1622 2130 instructos,
1657 2093 1754 2124 fuisse
1786 2096 1896 2122 tamen
1926 2092 2068 2132 impares
2091 2102 2164 2123 sex-

1201 2138 1301 2170 centis
1344 2136 1512 2167 hominum
1559 2135 1700 2167 millibus
1745 2134 1927 2165 domandis:
1974 2134 2163 2175 respondeo,

1201 2191 1296 2221 quum
1321 2179 1443 2211 scirent
1466 2185 1627 2210 certamen
1652 2189 1722 2209 esse
1745 2188 1816 2209 cum
1842 2177 1962 2208 imbelli
1986 2178 2090 2215 turba,
2114 2177 2165 2209 eui

1201 2224 1297 2255 etiam
1322 2222 1500 2262 permixtae
1524 2225 1631 2252 essent
1655 2221 1805 2251 mulieres
1829 2224 1860 2251 et
1883 2220 1989 2260 pueri,
2014 2220 2073 2251 hac
2097 2220 2165 2261 opi-

1201 2267 1296 2297 nione
1326 2266 1439 2301 fretos,
1464 2274 1610 2304 sperasse
1640 2263 1729 2294 nullo
1761 2263 1887 2301 negotio
1922 2262 2166 2303 pessumdatum

1202 2310 1240 2341 iri
1264 2309 1430 2349 ingentem
1454 2307 1543 2337 illum
1570 2316 1757 2337 numerum:
1792 2306 1866 2346 quia
1885 2309 1916 2336 et
1936 2305 2110 2346 prudentia
2135 2309 2167 2338 et

1202 2352 1312 2384 ordine
1348 2354 1480 2382 careret.
1534 2349 1600 2380 Nec
1630 2359 1705 2380 vero
1736 2359 1809 2389 spes
1840 2358 1893 2379 eos
1926 2348 2073 2387 fallebat,
2102 2348 2166 2380 nisi

1203 2395 1329 2426 obviam
1361 2393 1473 2424 ivisset
1504 2393 1602 2423 Deus.
1656 2391 1720 2422 Sed
1753 2397 1870 2423 eventu
1903 2391 2073 2431 probatum
2103 2391 2167 2423 fuit

1203 2448 1297 2478 quam
1330 2446 1403 2467 vere
1433 2435 1623 2475 pronunciet
1647 2434 1777 2466 Salonio
1801 2434 1910 2476 (Prov.
1936 2435 1985 2473 21,
2008 2434 2072 2476 30),
2102 2445 2166 2466 non

1204 2492 1272 2512 esse
1292 2479 1490 2518 sapientiam,
1516 2488 1617 2517 neque
1638 2478 1855 2517 prudentiam,
1875 2487 1980 2517 neque
1996 2477 2166 2508 consilium

1205 2523 1359 2554 adversus
1389 2522 1510 2552 Deum:
1546 2526 1577 2550 ct
1607 2531 1702 2560 quam
1734 2532 1808 2551 vere
1839 2520 1991 2552 ecclesiae
2023 2519 2167 2552 hostibus

1205 2565 1337 2597 insultet
1352 2564 1453 2595 Isaias
1473 2564 1500 2601 8,
1522 2564 1556 2594 9:
1582 2564 1748 2603 Aecingitc
1769 2574 1833 2601 vos,
1854 2567 1886 2594 et
1904 2562 2165 2603 confringemini:

1205 2608 1361 2648 accingite
1385 2618 1455 2645 vos,
1480 2612 1511 2637 ct
1535 2606 1800 2647 confringamini:
1826 2606 1905 2637 inite
1929 2606 2111 2644 consilium,
2136 2609 2169 2637 et
