2304 3034
180 212 245 243 443

182 306 318 342 obiiciat,
343 310 466 335 rectum
492 312 554 333 non
579 302 677 332 fuisse
701 306 737 332 ut
760 301 944 341 quicunque
967 313 1006 332 ex
1020 302 1149 334 Levitis

182 347 389 390 primogeniti
413 350 519 376 essent
543 351 714 375 manerent
739 345 808 375 Deo
840 345 938 376 sacri:
970 346 1149 384 respondeo

183 392 263 424 nihil
288 391 346 420 hac
369 390 402 419 in
427 394 516 427 parte
541 387 640 418 fuisse
664 386 796 418 fraudis.
843 387 927 417 Nam
952 398 991 418 ex
1011 398 1152 427 quacun-

183 446 243 475 que
275 433 360 463 tribu
392 436 499 461 esseut
529 430 754 470 primogeniti.
785 431 850 460 iam
877 430 945 461 Deo
976 431 1150 470 mancipati

184 483 275 508 erant
299 485 372 505 cum
397 478 463 504 tota
491 483 549 504 sua
580 473 697 503 sobole.
744 473 816 503 Non
848 473 908 503 fuit
938 473 1039 512 igitur
1069 474 1151 505 facta

184 519 321 551 deterior
353 516 463 556 populi
493 515 635 547 conditio
665 516 698 546 iu
729 516 970 555 permutatione
1001 517 1151 556 capitum,

183 563 317 601 ideoque
341 559 462 600 optima
486 559 649 598 aequitate
672 559 707 589 in
732 563 897 598 posterum
923 559 1038 590 statuit
1062 559 1151 590 Deus

183 605 321 646 pretium
339 613 401 642 quo
418 612 492 632 suos
513 602 745 641 primogenitos
765 601 962 632 redimerent
975 601 1150 633 Israelitae.

184 647 279 687 Quod
307 653 413 676 autem
447 645 538 675 datos
562 645 621 675 sibi
644 644 858 684 pronunciat,
889 644 1021 684 perinde
1046 653 1093 675 est
1117 655 1152 676 ac

184 693 210 723 si
233 701 286 721 eos
310 688 369 719 sibi
395 699 433 719 ex
458 694 624 727 compacto
644 694 811 718 assereret.
849 687 920 718 Hoc
943 698 1039 718 sensu
1060 687 1151 719 dicit:

183 737 212 766 A
237 733 288 763 die
312 742 372 771 quo
396 731 554 770 percussit
578 730 796 770 primogenita
810 730 965 770 Aegypti,
988 741 1021 761 sc
1046 731 1152 770 acqui-

182 778 272 809 siisse
304 773 518 815 primogenita
541 773 683 803 Israelis.
731 772 857 803 Deinde
881 773 987 810 addit,
1017 784 1051 803 se
1074 778 1152 804 tunc

182 819 318 852 Levitas
337 816 529 856 sumpsisse:
550 826 667 855 nempe
686 821 722 846 ut
742 816 773 846 in
795 816 1003 855 praeteritum
1025 821 1152 856 tempus

183 863 344 894 duntaxat
369 859 565 898 transigeret
589 869 663 889 cum
688 858 814 899 populo.

271 904 319 935 19.
350 902 393 933 Et
415 902 486 933 dedi
511 902 645 932 Levites.
698 901 851 932 Declarat
882 912 944 941 qua
971 900 1152 933 conditione

182 949 268 989 ipsos
288 957 355 978 esse
375 956 449 976 suos
470 945 560 975 velit:
587 955 703 984 nempe
725 950 758 975 ut
780 950 936 984 regantur
955 945 994 975 ab
1010 944 1151 981 Aharon,

183 992 314 1030 eiusque
345 988 524 1028 praeceptis
559 987 718 1019 obediant.
766 987 877 1027 Neque
908 988 994 1018 enim
1023 986 1152 1018 donatio

182 1031 396 1072 intelligenda
421 1036 485 1068 est,
517 1041 579 1070 qua
602 1030 653 1060 ius
677 1041 771 1061 suum
795 1030 955 1069 quispiam
986 1030 1079 1061 alteri
1100 1041 1152 1062 re-

183 1078 289 1117 signat
313 1080 344 1106 et
367 1074 467 1105 cedit:
492 1073 547 1104 sed
572 1084 671 1113 quum
696 1084 749 1104 eos
773 1073 900 1104 addicat
926 1073 1016 1104 Deus
1039 1073 1152 1105 minis-

183 1121 263 1151 terio
287 1117 479 1153 sanctuarii,
504 1116 576 1147 vult
598 1116 670 1147 illos
695 1116 813 1147 habere
844 1115 957 1146 ducem
981 1120 1014 1147 et
1035 1117 1152 1155 magis-

183 1170 278 1194 trum.
326 1161 364 1191 In
389 1161 453 1191 fine
477 1170 592 1190 versus
617 1159 676 1189 hoc
701 1160 770 1190 fieri
795 1161 827 1189 in
860 1159 980 1190 bonum
1011 1164 1043 1189 et
1066 1159 1153 1189 utili-

183 1210 282 1237 tatem
313 1205 411 1234 totius
442 1202 551 1242 populi
587 1202 679 1233 docet
709 1202 826 1233 Moses.
880 1202 975 1233 Unde
1009 1203 1154 1242 sequitur

182 1259 247 1280 non
286 1258 356 1278 esse
389 1246 532 1276 invidiae
572 1245 694 1281 locum,
731 1245 792 1276 nisi
830 1245 912 1275 forte
944 1256 1039 1285 aegre
1073 1245 1155 1276 ferat

182 1291 330 1332 populus,
355 1290 452 1320 saluti
477 1299 552 1319 suae
577 1287 736 1318 divinitus
759 1294 965 1328 prospectum
990 1298 1068 1319 esse.
1106 1289 1153 1319 Ac

183 1334 302 1375 duplex
328 1331 510 1364 ostenditur
540 1331 679 1365 utilitas,
710 1332 814 1370 prior,
844 1330 928 1370 quod
959 1331 1060 1361 futuri
1089 1331 1155 1361 sint

184 1379 431 1413 intercessores,
473 1375 525 1405 vel
566 1374 789 1413 expiationum
832 1374 969 1405 ministri
1005 1373 1154 1415 (uterque

185 1421 271 1452 enim
296 1429 411 1450 sensus
435 1418 515 1448 bene
534 1416 699 1457 convenit)
719 1416 869 1451 secunda,
894 1416 978 1456 quod
998 1417 1073 1447 dum
1095 1417 1154 1456 ipsi

185 1469 281 1495 crunt
304 1461 481 1493 sanctuarii
504 1459 671 1497 custodes,
703 1460 883 1499 impedient
906 1471 946 1490 ne
970 1460 1026 1490 filii
1052 1460 1152 1490 Israel

184 1506 355 1538 temerario
379 1514 511 1535 accessu
535 1502 659 1534 cladem
683 1503 744 1533 sibi
768 1508 943 1533 accersant.

271 1549 321 1580 24.
348 1547 413 1578 Hoc
435 1549 477 1578 est
500 1546 580 1586 quod
604 1546 645 1576 ad
664 1546 799 1577 Levitae.
845 1546 909 1576 Hic
932 1549 1019 1576 aetas
1039 1545 1154 1585 praefi-

185 1593 273 1634 gitur
307 1602 369 1631 qua
403 1590 560 1630 incipiant
597 1589 734 1619 Levitae
775 1594 806 1619 et
847 1589 998 1619 desinant
1036 1599 1154 1619 munus

184 1646 279 1667 suum
301 1633 441 1673 exsequi.
479 1633 573 1663 Iubet
593 1639 701 1663 autem
717 1632 805 1662 Deus
828 1632 913 1672 ipsos
937 1631 1096 1671 auspicari
1116 1631 1154 1661 ab

185 1689 271 1710 anno
305 1677 458 1708 vicesimo
492 1676 620 1715 quinto,
656 1675 857 1705 vacationem
892 1674 1038 1706 concedit
1069 1684 1154 1705 auno

184 1720 469 1762 quinquagesimo:
494 1718 617 1758 optima
641 1725 816 1757 utrumque
840 1718 972 1748 ratione.
1008 1717 1044 1749 Si
1068 1717 1154 1748 enim

185 1763 417 1796 adolescentuli
443 1762 579 1792 fuissent
608 1760 759 1796 admissi,
792 1766 920 1800 poterat
947 1771 1057 1791 eorum
1082 1770 1155 1800 pro-

186 1808 290 1839 tervia
309 1815 474 1838 sacrorum
494 1804 698 1835 venerationi
718 1804 857 1834 multum
878 1803 1066 1834 detrahere:
1091 1813 1154 1834 non

185 1851 279 1882 modo
300 1849 374 1890 quia
397 1850 654 1886 intemperanter
679 1847 867 1886 plerumque
888 1846 1062 1877 lasciviunt
1086 1846 1155 1886 qui-

184 1893 245 1925 bus
269 1892 414 1924 nondum
439 1890 544 1922 virilis
567 1896 615 1921 est
639 1891 825 1920 maturitas:
851 1890 906 1920 sed
930 1890 1004 1929 quia
1028 1888 1080 1920 vel
1100 1899 1155 1919 ne-

186 1937 308 1977 glectu,
341 1935 391 1966 vel
415 1934 561 1970 levitate,
594 1933 642 1963 vel
666 1933 893 1972 incogitantia,
919 1932 968 1963 vel
993 1932 1156 1972 imperitia

186 1985 219 2011 et
241 1989 357 2015 errore,
383 1987 551 2016 perperam
576 1976 679 2006 multa
702 1975 889 2007 turbassent
911 1976 945 2005 in
969 1975 1058 2006 cultu
1084 1974 1154 2005 Dei.

187 2022 290 2053 Sicuti
311 2027 419 2052 autem
440 2020 574 2050 minime
594 2018 701 2049 idonci
722 2019 852 2049 fuerunt
872 2018 911 2049 ad
931 2029 1048 2049 munus
1067 2029 1156 2049 exer-

186 2064 341 2101 cendum,
374 2063 475 2094 donec
499 2062 705 2102 prudentiam
730 2068 761 2092 et
791 2062 984 2102 gravitatem
1009 2061 1154 2101 collegis-

186 2114 274 2143 sent,
297 2108 341 2137 ita
366 2118 405 2136 ne
428 2106 518 2136 senio
543 2105 744 2140 fatiscerent,
776 2104 969 2143 tempestive
990 2104 1055 2135 illis
1078 2104 1154 2134 mis-

186 2152 310 2182 sionem
335 2149 404 2180 dari
428 2159 567 2188 aequum
588 2148 657 2178 fnit.
693 2148 774 2178 Erat
793 2147 879 2177 enim
899 2146 949 2188 (ut
972 2152 1049 2177 ante
1073 2146 1154 2177 dixi-

186 2193 271 2234 mus)
298 2193 455 2223 laboriosa
485 2191 668 2231 provincia,
699 2196 730 2221 et
764 2201 847 2229 quae
881 2190 978 2220 robur
1012 2189 1154 2229 corporis

186 2242 340 2276 posceret.
388 2235 423 2266 si
449 2245 523 2265 vero
547 2234 651 2273 placet
676 2244 820 2273 anagoge
845 2232 884 2263 ad
909 2233 1068 2272 pastorale
1088 2243 1157 2262 mu-

187 2291 263 2316 nus,
286 2280 318 2309 in
344 2288 463 2315 genere
487 2277 663 2307 tenendum
696 2277 773 2313 erit,
809 2287 872 2306 non
903 2286 973 2306 esse
996 2275 1156 2315 quoslibet

187 2316 366 2359 eligendos,
390 2320 445 2351 sed
470 2321 524 2359 qui
548 2320 611 2350 iam
636 2319 867 2349 moderationis
890 2329 967 2349 suae
991 2317 1087 2349 fidem
1111 2318 1153 2348 fe-

187 2359 300 2401 ceriut,
325 2375 382 2395 nec
402 2363 565 2403 urgendos
586 2373 655 2393 esse
675 2362 762 2392 ultra
782 2361 913 2392 modum
933 2362 986 2401 qui
1006 2361 1156 2392 alacriter

187 2419 220 2438 se
235 2407 435 2447 impendunt,
458 2417 515 2437 nec
529 2407 601 2445 plus
615 2405 811 2445 exigendum
832 2415 926 2444 quam
947 2403 1031 2434 ferat
1044 2413 1156 2434 eorum

188 2451 332 2481 facultas.
380 2449 486 2480 Stulte
519 2449 605 2479 enim
636 2459 738 2479 anuos
768 2447 899 2487 quidam
933 2452 1155 2484 numerarunt,

188 2504 224 2523 ac
248 2494 273 2523 si
297 2500 371 2523 ante
398 2491 586 2523 vicesimum
615 2498 766 2531 quartum
797 2501 920 2521 annum
953 2490 1044 2520 nefas
1073 2494 1156 2520 esset

189 2543 349 2575 pastorem
375 2534 508 2575 eligere,
533 2535 586 2574 qui
611 2541 720 2564 tamen
745 2533 864 2573 alioqui
890 2533 1078 2564 necessariis
1101 2531 1155 2562 do

189 2579 275 2609 tibus
299 2578 441 2618 polleret.

881 207 1135 240 SECUNDUM
1159 210 1480 242 PRAECEPTUM.

1513 304 1576 334 EX
1600 304 1773 335 NUMER.
1799 304 1860 335 III.

1288 390 1316 420 5.
1340 390 1498 428 Loqaculus
1517 391 1560 419 cst
1577 391 1679 419 autem
1701 389 1813 420 Ichova
1833 389 1873 419 ad
1894 388 2010 427 ,Mosem
2032 391 2174 423 dicendo.-

1203 433 1231 463 6.
1258 432 1520 472 Appropinquare
1537 432 1588 471 fac
1606 431 1719 462 tribum
1742 432 1825 469 Levi,
1849 435 1875 463 ct
1893 432 1966 463 siste
1984 443 2052 463 eam
2072 443 2175 465 coram

1204 476 1351 506 Almrone
1372 475 1533 509 sacerdote,
1558 477 1590 505 ut
1612 475 1767 505 ministret
1788 475 1825 505 ei.
1873 475 1900 505 7.
1932 474 1975 505 Et
2001 476 2175 508 custodiant

1203 519 1372 550 custoditam
1402 519 1482 554 eius,
1517 520 1543 548 ct
1570 517 1741 548 custodiam
1769 517 1910 548 universi
1938 520 2037 548 coetus
2069 527 2174 550 coram

1204 561 1397 592 tabernaculo
1420 560 1635 596 conventionis,
1659 562 1693 590 ut
1713 563 1919 599 exsequantur
1941 560 2058 591 cultum
2076 560 2175 592 taber-

1204 604 1316 634 maruli.
1363 604 1390 634 8.
1418 602 1597 634 Custodiam
1627 613 1744 642 quoque
1772 603 1877 634 omnia
1903 603 2050 634 utensilia
2077 603 2175 635 taber-

1204 646 1310 677 naculi
1339 646 1558 681 conventionis,
1589 645 1819 684 custodiamque
1840 646 1978 685 filiorum
2001 645 2120 683 Israel,
2143 649 2178 678 ut

1204 692 1408 728 exaequantur
1419 689 1532 719 cultum
1544 688 1741 719 tabernaculi.
1776 688 1805 719 9.
1830 688 1885 720 Da
1908 689 2037 728 inquam
2050 689 2176 721 Levibus

1204 732 1268 771 ipsi
1282 732 1420 769 Aharon,
1441 734 1467 762 ct
1487 731 1565 769 filiis
1584 731 1668 761 eius.-
1689 731 1766 767 dati,
1790 731 1856 762 date
1879 741 2010 770 namque
2033 734 2105 763 sunt
2126 732 2176 764 illi

1205 785 1241 805 ex
1273 775 1353 813 filiis
1388 774 1500 805 Israel.
1561 774 1606 804 10.
1644 774 1773 804 Alimon.
1806 776 1907 805 autem
1940 777 1966 805 et
1993 774 2077 813 filios
2109 775 2177 807 eius

1200 818 1381 856 praeficies,
1406 817 1631 856 custodiaeque
1661 817 1868 848 sacerdotium
1896 827 2004 848 suum:
2032 820 2176 850 externus

1205 861 1286 891 enim
1308 862 1362 899 (lui
1386 861 1544 891 accesserit
1565 860 1721 890 mmz'ettcr.

1291 946 1319 976 5.
1344 946 1505 984 Loqzcutus
1525 948 1576 976 est
1613 945 1768 976 Continet
1788 945 1840 977 hic
1859 945 1948 977 locus
1972 944 2035 976 duo
2058 946 2173 986 capita,

1206 999 1320 1028 nempe
1346 995 1378 1019 ut
1403 995 1591 1028 separentur
1616 988 1752 1019 Levitae
1777 988 1811 1018 iu
1835 988 2052 1020 ministerium
2082 999 2174 1021 sanc

1205 1032 1303 1062 tuarii
1327 1038 1359 1062 et
1382 1031 1507 1062 altaris:
1540 1031 1655 1061 deinde
1681 1035 1718 1061 ut
1741 1032 1923 1071 praecipuis
1951 1031 2172 1063 sacerdotibus

1206 1085 1245 1104 cx
1279 1074 1400 1105 familia
1431 1074 1562 1104 Aharon
1599 1079 1746 1113 pareant,
1781 1084 1838 1105 nec
1872 1073 2046 1114 quidquam
2077 1078 2176 1115 agant

1206 1117 1267 1147 nisi
1303 1128 1343 1148 ex
1378 1127 1488 1147 eorum
1523 1117 1695 1147 autoritate
1724 1122 1754 1148 et
1785 1116 1945 1148 mandato.
1997 1117 2068 1148 Iam
2097 1128 2174 1149 vero

1206 1159 1328 1190 dictum
1352 1160 1422 1196 fuit,
1445 1166 1478 1190 et
1501 1160 1617 1190 iterum
1641 1164 1752 1199 postea
1775 1159 1972 1197 videbimus,
1998 1160 2034 1190 iu
2056 1171 2174 1201 genere

1206 1203 1327 1233 tribum
1359 1203 1518 1233 leviticam
1551 1203 1707 1233 divinitus
1736 1203 1870 1234 electam
1894 1203 1991 1234 fuisse
2015 1203 2055 1234 ad
2083 1213 2174 1235 sacra

1207 1245 1406 1285 peragenda:
1441 1251 1476 1276 ut
1506 1246 1603 1277 sciret
1633 1246 1770 1286 populus
1794 1246 1959 1276 neminem
1983 1251 2050 1277 tam
2074 1246 2174 1278 hono-

1208 1289 1297 1319 rifico
1322 1299 1454 1319 munere
1479 1288 1614 1328 dignum
1644 1298 1730 1319 esse:
1761 1288 1817 1320 sed
1840 1288 1872 1319 id
1896 1289 2037 1328 pendere
2058 1299 2077 1320 a
2099 1299 2173 1330 gra-

1208 1332 1290 1361 tuita
1310 1331 1477 1362 vocatione
1491 1331 1561 1369 Dei,
1582 1332 1673 1362 cuius
1693 1338 1741 1362 est
1761 1331 1870 1362 onmia
1888 1342 1995 1363 creare
2008 1343 2048 1363 ex
2061 1331 2174 1363 nihilo.

1207 1374 1278 1404 Hoc
1302 1374 1395 1405 modo
1418 1385 1483 1404 non
1512 1379 1638 1405 tantum
1670 1385 1817 1414 repressa
1844 1375 1906 1405 fuit
1934 1385 2045 1405 eorum
2074 1379 2174 1406 teme-

1207 1418 1285 1447 ritas
1325 1417 1378 1456 qui
1424 1417 1580 1447 honorem
1620 1418 1720 1448 stulte
1762 1421 1967 1457 appeterent:
2010 1416 2067 1448 sed
2107 1421 2175 1449 tota

1207 1459 1340 1491 ecclesia
1363 1459 1474 1491 edocta
1497 1460 1572 1497 fuit,
1604 1460 1643 1490 ad
1669 1460 1775 1491 Deum
1799 1461 1861 1491 rite
1892 1459 2063 1492 colendum
2095 1471 2175 1500 opus

1208 1513 1276 1533 esse
1299 1502 1404 1533 alieno
1424 1503 1575 1533 subsidio.
1612 1503 1683 1533 Nisi
1706 1504 1793 1534 enim
1816 1502 1915 1534 medii
1938 1503 2178 1535 intercederent

1207 1545 1358 1581 Levitae,
1388 1545 1466 1576 alios
1491 1556 1507 1576 e
1531 1546 1649 1585 populo
1673 1546 1725 1577 lex
1750 1557 1768 1577 a
1791 1547 1852 1577 Dei
1877 1556 2006 1578 accessu
2035 1546 2176 1584 arcebat,

1208 1599 1244 1619 ac
1266 1589 1291 1619 si
1315 1594 1418 1619 totum
1444 1588 1619 1619 humanum
1651 1599 1754 1628 genus
1782 1589 1970 1629 pollutionis
1998 1588 2176 1620 damnaret.

1208 1631 1331 1662 Verum
1364 1642 1425 1671 quo
1456 1631 1576 1662 certius
1606 1631 1824 1671 dirigerentur
1854 1631 1894 1663 ad
1924 1642 2025 1663 unum
2056 1631 2177 1664 media-

1209 1678 1330 1711 torem,
1364 1685 1527 1705 summum
1562 1674 1777 1705 sacerdotium
1808 1675 1841 1705 in
1872 1675 2003 1706 sublimi
2036 1674 2177 1706 locatum

1208 1717 1282 1754 fuit,
1317 1722 1348 1748 et
1382 1716 1512 1747 tandem
1544 1728 1628 1748 unus
1657 1718 1710 1757 qui
1742 1728 1840 1757 supra
1868 1728 1980 1749 omnes
2004 1718 2176 1749 emineret:

1208 1760 1268 1791 hac
1291 1760 1415 1791 ratione
1440 1759 1573 1791 Levitae
1597 1760 1736 1799 posteris
1761 1760 1895 1791 Aharon
1918 1759 2049 1792 subesse
2074 1760 2178 1793 voluit

1209 1803 1306 1834 Deus.
1352 1802 1469 1833 Ordini
1494 1803 1624 1842 quidem
1648 1803 1743 1834 simul
1768 1803 1948 1834 consuluit:
1978 1804 2053 1843 quia
2081 1803 2177 1835 turba

1208 1846 1270 1876 nisi
1299 1856 1317 1876 a
1347 1845 1504 1885 capitibus
1539 1852 1687 1885 regatur,
1723 1857 1850 1886 semper
1883 1845 2072 1877 turbulenta
2104 1846 2176 1878 erit.

1208 1889 1343 1920 Minime
1383 1895 1492 1919 tamen
1533 1887 1665 1919 dubium
1699 1894 1747 1919 est
1780 1889 1857 1929 quin
1892 1899 2017 1920 summa
2052 1888 2176 1921 christi

1207 1936 1348 1971 potestas
1381 1931 1413 1961 in
1450 1941 1587 1970 persona
1617 1931 1750 1962 Abaron
1786 1935 2030 1971 repraesentata
2060 1931 2176 1964 fuerit:

1207 1975 1293 2005 uude
1313 1973 1471 2005 refellitur
1491 1975 1692 2013 papi-starum
1712 1974 1892 2010 inscientia,
1912 1975 1967 2014 qui
1987 1975 2176 2015 exemplum

1207 2017 1268 2048 hoc
1302 2016 1340 2047 ad
1380 2022 1500 2047 statum
1541 2016 1736 2048 christianae
1771 2017 1923 2048 ecclesiae
1963 2017 2176 2056 transferunt,

1208 2060 1259 2091 vel
1283 2059 1388 2100 potius
1412 2064 1571 2098 torquent,
1595 2065 1631 2089 ut
1655 2059 1860 2100 presbyteros
1884 2059 2056 2091 subiiciant
2091 2060 2174 2100 epis-

1207 2103 1307 2143 copis:
1333 2108 1427 2142 atque
1450 2101 1524 2132 inde
1543 2103 1684 2133 conflent
1705 2103 1878 2141 primatum
1898 2102 1984 2133 sedis
2008 2112 2172 2134 romanae.

1209 2146 1309 2185 Atqui
1344 2146 1369 2175 si
1406 2145 1501 2175 huius
1534 2145 1657 2184 figurae
1692 2146 1859 2184 quaeritur
1890 2145 2027 2183 veritas,
2068 2146 2174 2185 potius

1207 2188 1391 2219 ratiocinari
1431 2188 1616 2224 conveniet,
1663 2188 1844 2228 quicunque
1885 2192 2038 2218 creantur
2078 2187 2174 2220 hodie

1208 2231 1348 2262 ministri
1379 2235 1411 2261 et
1441 2235 1584 2269 pastores
1614 2230 1782 2267 ecclesiae,
1813 2230 1945 2261 Christo
1974 2230 2058 2261 tradi
2082 2231 2174 2271 quasi

1207 2273 1266 2305 sub
1300 2283 1448 2304 manum:
1485 2284 1523 2303 ue
1558 2272 1634 2312 quid
1662 2273 1720 2304 sibi
1752 2273 1876 2312 imperii
1912 2278 2083 2313 usurpent,
2116 2273 2174 2305 sed

1207 2315 1351 2347 modeste
1384 2327 1417 2347 se
1452 2321 1582 2355 gerant,
1625 2321 1779 2355 tanquam
1821 2317 1978 2347 rationem
2015 2316 2174 2348 reddituri

1207 2370 1315 2390 coram
1336 2360 1412 2398 ipso,
1433 2359 1485 2398 qni
1506 2359 1654 2398 princeps
1673 2363 1721 2389 est
1740 2364 1904 2399 pastorum
1925 2358 1967 2400 (1.
1988 2359 2056 2390 Pet..
2081 2359 2110 2397 5,
2129 2359 2172 2401 4).

1208 2402 1302 2434 Unde
1325 2401 1514 2440 colligimus,
1539 2406 1691 2441 papatum
1718 2402 1845 2432 nonnisi
1863 2402 1895 2432 in
1915 2402 2050 2433 scelesto
2074 2403 2172 2433 sacri-

1208 2445 1292 2485 legio
1324 2443 1493 2475 fundatum
1528 2453 1612 2474 csse:
1648 2445 1722 2484 quia
1755 2445 1889 2483 eripitur
1923 2444 2053 2476 Christo
2087 2444 2171 2484 quod

1208 2499 1302 2519 suum
1322 2492 1379 2523 cst,
1399 2487 1424 2517 si
1439 2487 1520 2517 alius
1534 2487 1691 2526 quispiam
1706 2487 1839 2527 fingitur
1851 2497 2016 2518 successor
2028 2487 2170 2519 Aharon.

1208 2531 1337 2561 Interea
1361 2541 1424 2560 non
1445 2530 1643 2569 repudianda
1667 2534 1714 2560 est
1736 2530 1863 2569 politica
1882 2530 2053 2568 distinctio,
2076 2540 2171 2570 quam

1208 2584 1323 2604 sensus
1336 2573 1402 2612 ipsc
1416 2578 1549 2603 naturae
1562 2571 1662 2603 dictat
1681 2573 1720 2603 ad
1740 2573 1960 2604 confusionem
1981 2573 2171 2604 tollendam:

1209 2616 1264 2647 scd
1285 2626 1365 2655 quae
1386 2616 1416 2645 in
1437 2626 1509 2646 eum
1531 2616 1627 2645 tinem
1649 2616 1814 2654 spectabit,
1839 2616 1884 2647 sic
1903 2616 1964 2647 erit
1982 2622 2170 2656 temperata,

1210 2664 1247 2689 ut
1269 2669 1372 2698 neque
1391 2658 1514 2689 Christi
1537 2658 1674 2697 gloriam
1697 2660 1854 2697 obscuret,
1879 2669 1982 2699 neque
2004 2658 2173 2690 ambitioni
