<?xml version="1.0" encoding="UTF-8"?>
<!DOCTYPE html PUBLIC "-//W3C//DTD XHTML 1.0 Transitional//EN"
    "http://www.w3.org/TR/xhtml1/DTD/xhtml1-transitional.dtd">
<html xmlns="http://www.w3.org/1999/xhtml" xml:lang="en" lang="en">
 <head>
  <title>
</title>
<meta http-equiv="Content-Type" content="text/html;charset=utf-8" />
  <meta name='ocr-system' content='tesseract 3.04.00' />
  <meta name='ocr-capabilities' content='ocr_page ocr_carea ocr_par ocr_line ocrx_word'/>
</head>
<body>
  <div class='ocr_page' id='page_1' title='image "./ioanniscalviniop24calv_0226.png"; bbox 0 0 2304 3034; ppageno 0'>
   <div class='ocr_carea' id='block_1_1' title="bbox 192 211 253 242">
    <p class='ocr_par' dir='ltr' id='par_1_1' title="bbox 192 211 253 242">
     <span class='ocr_line' id='line_1_1' title="bbox 192 211 253 242; baseline 0.016 -1"><span class='ocrx_word' id='word_1_1' title='bbox 192 211 253 242; x_wconf 83' lang='lat'>431</span> 
     </span>
    </p>
   </div>
   <div class='ocr_carea' id='block_1_2' title="bbox 192 300 1164 1714">
    <p class='ocr_par' dir='ltr' id='par_1_2' title="bbox 192 300 1164 1714">
     <span class='ocr_line' id='line_1_2' title="bbox 192 300 1160 341; baseline -0.002 -5"><span class='ocrx_word' id='word_1_2' title='bbox 192 305 273 341; x_wconf 87' lang='lat' dir='ltr'>cula,</span> <span class='ocrx_word' id='word_1_3' title='bbox 296 303 328 335; x_wconf 90' lang='lat' dir='ltr'>id</span> <span class='ocrx_word' id='word_1_4' title='bbox 352 303 471 333; x_wconf 69' lang='lat' dir='ltr'>veteris</span> <span class='ocrx_word' id='word_1_5' title='bbox 491 301 599 341; x_wconf 84' lang='lat' dir='ltr'>populi</span> <span class='ocrx_word' id='word_1_6' title='bbox 621 300 753 332; x_wconf 80' lang='lat' dir='ltr'><strong>ruditati</strong></span> <span class='ocrx_word' id='word_1_7' title='bbox 768 301 857 332; x_wconf 89' lang='lat' dir='ltr'>Deus</span> <span class='ocrx_word' id='word_1_8' title='bbox 877 302 1042 333; x_wconf 79' lang='lat' dir='ltr'><strong>concessit.</strong></span> <span class='ocrx_word' id='word_1_9' title='bbox 1070 303 1160 334; x_wconf 90' lang='lat' dir='ltr'>Non·</span> 
     </span>
     <span class='ocr_line' id='line_1_3' title="bbox 193 343 1160 387; baseline -0.001 -9"><span class='ocrx_word' id='word_1_10' title='bbox 193 348 268 378; x_wconf 88' lang='lat' dir='ltr'>dum</span> <span class='ocrx_word' id='word_1_11' title='bbox 304 350 495 386; x_wconf 74' lang='lat' dir='ltr'>apparuerat</span> <span class='ocrx_word' id='word_1_12' title='bbox 542 355 636 375; x_wconf 82' lang='lat' dir='ltr'>verus</span> <span class='ocrx_word' id='word_1_13' title='bbox 671 343 835 381; x_wconf 79' lang='lat' dir='ltr'>sacerdos,</span> <span class='ocrx_word' id='word_1_14' title='bbox 882 345 1016 384; x_wconf 85' lang='lat' dir='ltr'>angelus</span> <span class='ocrx_word' id='word_1_15' title='bbox 1052 347 1160 387; x_wconf 84' lang='lat' dir='ltr'>magni</span> 
     </span>
     <span class='ocr_line' id='line_1_4' title="bbox 192 386 1162 428; baseline -0.001 -7"><span class='ocrx_word' id='word_1_16' title='bbox 192 389 327 424; x_wconf 76' lang='lat' dir='ltr'>consilii,</span> <span class='ocrx_word' id='word_1_17' title='bbox 358 388 446 418; x_wconf 86' lang='lat' dir='ltr'>euius</span> <span class='ocrx_word' id='word_1_18' title='bbox 477 387 592 427; x_wconf 86' lang='lat' dir='ltr'>spiritu</span> <span class='ocrx_word' id='word_1_19' title='bbox 623 386 748 426; x_wconf 79' lang='lat' dir='ltr'>loquuti</span> <span class='ocrx_word' id='word_1_20' title='bbox 779 391 857 417; x_wconf 83' lang='lat' dir='ltr'>sunt</span> <span class='ocrx_word' id='word_1_21' title='bbox 880 398 990 418; x_wconf 85' lang='lat' dir='ltr'>omnes</span> <span class='ocrx_word' id='word_1_22' title='bbox 1024 389 1162 428; x_wconf 85' lang='lat' dir='ltr'>prophe-</span> 
     </span>
     <span class='ocr_line' id='line_1_5' title="bbox 193 429 1161 471; baseline 0.001 -9"><span class='ocrx_word' id='word_1_23' title='bbox 193 438 252 468; x_wconf 68' lang='lat' dir='ltr'>tae,</span> <span class='ocrx_word' id='word_1_24' title='bbox 276 432 345 461; x_wconf 85' lang='lat' dir='ltr'>fons</span> <span class='ocrx_word' id='word_1_25' title='bbox 359 430 495 470; x_wconf 85' lang='lat' dir='ltr'>denique</span> <span class='ocrx_word' id='word_1_26' title='bbox 519 430 662 460; x_wconf 88' lang='lat' dir='ltr'>omnium</span> <span class='ocrx_word' id='word_1_27' title='bbox 689 429 935 467; x_wconf 76' lang='lat' dir='ltr'>revelationum,</span> <span class='ocrx_word' id='word_1_28' title='bbox 955 436 988 461; x_wconf 89' lang='lat' dir='ltr'>et</span> <span class='ocrx_word' id='word_1_29' title='bbox 1008 441 1161 471; x_wconf 84' lang='lat' dir='ltr'>expressa</span> 
     </span>
     <span class='ocr_line' id='line_1_6' title="bbox 193 471 1159 513; baseline 0.002 -9"><span class='ocrx_word' id='word_1_30' title='bbox 193 476 296 513; x_wconf 82' lang='lat' dir='ltr'>imago</span> <span class='ocrx_word' id='word_1_31' title='bbox 327 473 436 512; x_wconf 83' lang='lat' dir='ltr'>patris.</span> <span class='ocrx_word' id='word_1_32' title='bbox 490 473 577 512; x_wconf 81' lang='lat' dir='ltr'>Ergo</span> <span class='ocrx_word' id='word_1_33' title='bbox 608 478 643 502; x_wconf 87' lang='lat' dir='ltr'>ut</span> <span class='ocrx_word' id='word_1_34' title='bbox 673 471 736 502; x_wconf 88' lang='lat' dir='ltr'>Dei</span> <span class='ocrx_word' id='word_1_35' title='bbox 765 471 850 511; x_wconf 86' lang='lat' dir='ltr'>apud</span> <span class='ocrx_word' id='word_1_36' title='bbox 882 472 1029 505; x_wconf 90' lang='lat' dir='ltr'>homines</span> <span class='ocrx_word' id='word_1_37' title='bbox 1059 474 1159 506; x_wconf 89' lang='lat' dir='ltr'>inter-</span> 
     </span>
     <span class='ocr_line' id='line_1_7' title="bbox 193 514 1161 558; baseline 0.001 -11"><span class='ocrx_word' id='word_1_38' title='bbox 193 517 328 547; x_wconf 82' lang='lat' dir='ltr'>nuncius</span> <span class='ocrx_word' id='word_1_39' title='bbox 362 520 444 545; x_wconf 78' lang='lat' dir='ltr'>esset</span> <span class='ocrx_word' id='word_1_40' title='bbox 475 515 657 546; x_wconf 84' lang='lat' dir='ltr'>umbratilis</span> <span class='ocrx_word' id='word_1_41' title='bbox 688 515 847 552; x_wconf 77' lang='lat' dir='ltr'>sacerdos,</span> <span class='ocrx_word' id='word_1_42' title='bbox 880 514 1003 547; x_wconf 77' lang='lat' dir='ltr'>Christi</span> <span class='ocrx_word' id='word_1_43' title='bbox 1026 517 1161 558; x_wconf 81' lang='lat' dir='ltr'>insigni-</span> 
     </span>
     <span class='ocr_line' id='line_1_8' title="bbox 194 557 1163 599; baseline 0.002 -10"><span class='ocrx_word' id='word_1_44' title='bbox 194 560 250 589; x_wconf 85' lang='lat' dir='ltr'>bus</span> <span class='ocrx_word' id='word_1_45' title='bbox 275 558 383 589; x_wconf 80' lang='lat' dir='ltr'>vestiri</span> <span class='ocrx_word' id='word_1_46' title='bbox 409 558 560 597; x_wconf 84' lang='lat' dir='ltr'>oportuit.</span> <span class='ocrx_word' id='word_1_47' title='bbox 595 557 647 588; x_wconf 86' lang='lat' dir='ltr'>Ita</span> <span class='ocrx_word' id='word_1_48' title='bbox 669 558 733 588; x_wconf 83' lang='lat' dir='ltr'>iam</span> <span class='ocrx_word' id='word_1_49' title='bbox 758 563 834 589; x_wconf 88' lang='lat' dir='ltr'>tunc</span> <span class='ocrx_word' id='word_1_50' title='bbox 853 558 911 589; x_wconf 87' lang='lat' dir='ltr'>sub</span> <span class='ocrx_word' id='word_1_51' title='bbox 936 559 1039 599; x_wconf 82' lang='lat' dir='ltr'>figura</span> <span class='ocrx_word' id='word_1_52' title='bbox 1059 559 1163 592; x_wconf 82' lang='lat' dir='ltr'>edocti</span> 
     </span>
     <span class='ocr_line' id='line_1_9' title="bbox 193 600 1162 643; baseline 0.001 -10"><span class='ocrx_word' id='word_1_53' title='bbox 193 603 322 633; x_wconf 84' lang='lat' dir='ltr'>fuerunt</span> <span class='ocrx_word' id='word_1_54' title='bbox 357 600 475 638; x_wconf 84' lang='lat' dir='ltr'>fideles,</span> <span class='ocrx_word' id='word_1_55' title='bbox 512 600 678 631; x_wconf 75' lang='lat' dir='ltr'><strong>Christum</strong></span> <span class='ocrx_word' id='word_1_56' title='bbox 714 611 782 632; x_wconf 89' lang='lat' dir='ltr'>esse</span> <span class='ocrx_word' id='word_1_57' title='bbox 817 601 903 631; x_wconf 84' lang='lat' dir='ltr'>viam</span> <span class='ocrx_word' id='word_1_58' title='bbox 937 611 1000 641; x_wconf 86' lang='lat' dir='ltr'>qua</span> <span class='ocrx_word' id='word_1_59' title='bbox 1034 602 1073 633; x_wconf 86' lang='lat' dir='ltr'>ad</span> <span class='ocrx_word' id='word_1_60' title='bbox 1107 613 1162 643; x_wconf 90' lang='lat' dir='ltr'>pa-</span> 
     </span>
     <span class='ocr_line' id='line_1_10' title="bbox 193 643 1161 684; baseline 0.002 -9"><span class='ocrx_word' id='word_1_61' title='bbox 193 651 275 675; x_wconf 81' lang='lat' dir='ltr'>trem</span> <span class='ocrx_word' id='word_1_62' title='bbox 298 644 449 681; x_wconf 75' lang='lat' dir='ltr'>venitur⁷</span> <span class='ocrx_word' id='word_1_63' title='bbox 485 649 516 673; x_wconf 91' lang='lat' dir='ltr'>et</span> <span class='ocrx_word' id='word_1_64' title='bbox 551 643 690 674; x_wconf 89' lang='lat' dir='ltr'>eundem</span> <span class='ocrx_word' id='word_1_65' title='bbox 727 654 767 674; x_wconf 85' lang='lat' dir='ltr'>ex</span> <span class='ocrx_word' id='word_1_66' title='bbox 802 653 919 675; x_wconf 78' lang='lat' dir='ltr'>arcano</span> <span class='ocrx_word' id='word_1_67' title='bbox 954 645 1055 684; x_wconf 85' lang='lat' dir='ltr'>patris</span> <span class='ocrx_word' id='word_1_68' title='bbox 1088 646 1161 677; x_wconf 87' lang='lat' dir='ltr'>sinu</span> 
     </span>
     <span class='ocr_line' id='line_1_11' title="bbox 192 685 1161 727; baseline 0.004 -11"><span class='ocrx_word' id='word_1_69' title='bbox 192 687 333 727; x_wconf 82' lang='lat' dir='ltr'>proferre</span> <span class='ocrx_word' id='word_1_70' title='bbox 370 685 525 726; x_wconf 89' lang='lat' dir='ltr'>quidquid</span> <span class='ocrx_word' id='word_1_71' title='bbox 564 690 612 716; x_wconf 83' lang='lat' dir='ltr'>est</span> <span class='ocrx_word' id='word_1_72' title='bbox 648 686 725 717; x_wconf 87' lang='lat' dir='ltr'>utile</span> <span class='ocrx_word' id='word_1_73' title='bbox 767 687 899 726; x_wconf 80' lang='lat' dir='ltr'>cognitu</span> <span class='ocrx_word' id='word_1_74' title='bbox 941 687 974 718; x_wconf 92' lang='lat' dir='ltr'>in</span> <span class='ocrx_word' id='word_1_75' title='bbox 1016 688 1161 720; x_wconf 85' lang='lat' dir='ltr'>salutem.</span> 
     </span>
     <span class='ocr_line' id='line_1_12' title="bbox 195 728 1162 769; baseline 0.002 -9"><span class='ocrx_word' id='word_1_76' title='bbox 195 730 279 760; x_wconf 87' lang='lat' dir='ltr'>Hinc</span> <span class='ocrx_word' id='word_1_77' title='bbox 322 729 478 759; x_wconf 81' lang='lat' dir='ltr'>refellitur</span> <span class='ocrx_word' id='word_1_78' title='bbox 510 728 678 760; x_wconf 83' lang='lat' dir='ltr'>Iudaicum</span> <span class='ocrx_word' id='word_1_79' title='bbox 718 728 798 759; x_wconf 89' lang='lat' dir='ltr'>illud</span> <span class='ocrx_word' id='word_1_80' title='bbox 834 730 1046 769; x_wconf 82' lang='lat' dir='ltr'>figmentum,</span> <span class='ocrx_word' id='word_1_81' title='bbox 1089 731 1162 762; x_wconf 85' lang='lat' dir='ltr'>data</span> 
     </span>
     <span class='ocr_line' id='line_1_13' title="bbox 193 771 1162 811; baseline 0.003 -9"><span class='ocrx_word' id='word_1_82' title='bbox 193 772 290 803; x_wconf 86' lang='lat' dir='ltr'>fuisse</span> <span class='ocrx_word' id='word_1_83' title='bbox 314 782 469 811; x_wconf 81' lang='lat' dir='ltr'>respousa</span> <span class='ocrx_word' id='word_1_84' title='bbox 493 771 553 803; x_wconf 89' lang='lat' dir='ltr'>hoc</span> <span class='ocrx_word' id='word_1_85' title='bbox 578 772 688 802; x_wconf 85' lang='lat' dir='ltr'>modo:</span> <span class='ocrx_word' id='word_1_86' title='bbox 714 772 740 803; x_wconf 87' lang='lat' dir='ltr'>si</span> <span class='ocrx_word' id='word_1_87' title='bbox 764 771 802 803; x_wconf 86' lang='lat' dir='ltr'>de</span> <span class='ocrx_word' id='word_1_88' title='bbox 827 783 890 803; x_wconf 89' lang='lat' dir='ltr'>una</span> <span class='ocrx_word' id='word_1_89' title='bbox 915 772 1000 803; x_wconf 87' lang='lat' dir='ltr'>tribu</span> <span class='ocrx_word' id='word_1_90' title='bbox 1020 774 1162 805; x_wconf 83' lang='lat' dir='ltr'>sciscita-</span> 
     </span>
     <span class='ocr_line' id='line_1_14' title="bbox 192 814 1162 855; baseline 0.003 -10"><span class='ocrx_word' id='word_1_91' title='bbox 192 815 327 849; x_wconf 70' lang='lat' dir='ltr'>bantur,</span> <span class='ocrx_word' id='word_1_92' title='bbox 359 815 507 845; x_wconf 87' lang='lat' dir='ltr'>rutilasse</span> <span class='ocrx_word' id='word_1_93' title='bbox 538 814 676 854; x_wconf 81' lang='lat' dir='ltr'>lapidem</span> <span class='ocrx_word' id='word_1_94' title='bbox 711 815 764 854; x_wconf 85' lang='lat' dir='ltr'>qui</span> <span class='ocrx_word' id='word_1_95' title='bbox 788 826 858 846; x_wconf 87' lang='lat' dir='ltr'>eam</span> <span class='ocrx_word' id='word_1_96' title='bbox 885 817 1162 855; x_wconf 76' lang='lat' dir='ltr'>repraesentabat:</span> 
     </span>
     <span class='ocr_line' id='line_1_15' title="bbox 193 857 1163 897; baseline 0.002 -9"><span class='ocrx_word' id='word_1_97' title='bbox 193 858 307 888; x_wconf 85' lang='lat' dir='ltr'>deinde</span> <span class='ocrx_word' id='word_1_98' title='bbox 331 863 427 897; x_wconf 78' lang='lat' dir='ltr'>prout</span> <span class='ocrx_word' id='word_1_99' title='bbox 451 857 588 897; x_wconf 84' lang='lat' dir='ltr'>negabat</span> <span class='ocrx_word' id='word_1_100' title='bbox 612 857 710 895; x_wconf 79' lang='lat' dir='ltr'>Deus,</span> <span class='ocrx_word' id='word_1_101' title='bbox 736 858 785 889; x_wconf 89' lang='lat' dir='ltr'>vel</span> <span class='ocrx_word' id='word_1_102' title='bbox 812 859 992 897; x_wconf 74' lang='lat' dir='ltr'>annuebat,</span> <span class='ocrx_word' id='word_1_103' title='bbox 1023 865 1163 891; x_wconf 85' lang='lat' dir='ltr'>mutatos</span> 
     </span>
     <span class='ocr_line' id='line_1_16' title="bbox 192 900 1163 940; baseline 0.002 -9"><span class='ocrx_word' id='word_1_104' title='bbox 192 901 289 932; x_wconf 85' lang='lat' dir='ltr'>fuisso</span> <span class='ocrx_word' id='word_1_105' title='bbox 324 900 466 940; x_wconf 85' lang='lat' dir='ltr'>lapidum</span> <span class='ocrx_word' id='word_1_106' title='bbox 503 900 632 932; x_wconf 85' lang='lat' dir='ltr'>colores.</span> <span class='ocrx_word' id='word_1_107' title='bbox 679 900 761 931; x_wconf 78' lang='lat' dir='ltr'>Nam</span> <span class='ocrx_word' id='word_1_108' title='bbox 793 908 827 931; x_wconf 84' lang='lat' dir='ltr'>nt</span> <span class='ocrx_word' id='word_1_109' title='bbox 858 901 971 932; x_wconf 88' lang='lat' dir='ltr'>demus</span> <span class='ocrx_word' id='word_1_110' title='bbox 1004 902 1098 933; x_wconf 88' lang='lat' dir='ltr'>Urim</span> <span class='ocrx_word' id='word_1_111' title='bbox 1132 908 1163 933; x_wconf 88' lang='lat' dir='ltr'>et</span> 
     </span>
     <span class='ocr_line' id='line_1_17' title="bbox 193 943 1164 984; baseline 0.003 -11"><span class='ocrx_word' id='word_1_112' title='bbox 193 944 378 974; x_wconf 82' lang='lat' dir='ltr'>Thummim</span> <span class='ocrx_word' id='word_1_113' title='bbox 404 943 502 974; x_wconf 84' lang='lat' dir='ltr'>fuisse</span> <span class='ocrx_word' id='word_1_114' title='bbox 526 943 632 983; x_wconf 87' lang='lat' dir='ltr'>ipsum</span> <span class='ocrx_word' id='word_1_115' title='bbox 658 943 804 974; x_wconf 84' lang='lat' dir='ltr'>ordinem</span> <span class='ocrx_word' id='word_1_116' title='bbox 837 943 996 983; x_wconf 83' lang='lat' dir='ltr'>lapidum,</span> <span class='ocrx_word' id='word_1_117' title='bbox 1032 956 1164 984; x_wconf 87' lang='lat' dir='ltr'>prorsus</span> 
     </span>
     <span class='ocr_line' id='line_1_18' title="bbox 192 985 1162 1028; baseline 0.002 -11"><span class='ocrx_word' id='word_1_118' title='bbox 192 986 330 1025; x_wconf 79' lang='lat' dir='ltr'>insipida</span> <span class='ocrx_word' id='word_1_119' title='bbox 349 991 396 1016; x_wconf 84' lang='lat' dir='ltr'>est</span> <span class='ocrx_word' id='word_1_120' title='bbox 409 986 463 1016; x_wconf 85' lang='lat' dir='ltr'>illa</span> <span class='ocrx_word' id='word_1_121' title='bbox 477 985 642 1017; x_wconf 81' lang='lat' dir='ltr'>divinatio.</span> <span class='ocrx_word' id='word_1_122' title='bbox 668 986 735 1017; x_wconf 81' lang='lat' dir='ltr'>Sed</span> <span class='ocrx_word' id='word_1_123' title='bbox 755 986 802 1028; x_wconf 84' lang='lat' dir='ltr'>(ut</span> <span class='ocrx_word' id='word_1_124' title='bbox 821 986 901 1028; x_wconf 86' lang='lat' dir='ltr'>dixi)</span> <span class='ocrx_word' id='word_1_125' title='bbox 921 988 951 1017; x_wconf 94' lang='lat' dir='ltr'>in</span> <span class='ocrx_word' id='word_1_126' title='bbox 974 988 1042 1027; x_wconf 86' lang='lat' dir='ltr'>ipsa</span> <span class='ocrx_word' id='word_1_127' title='bbox 1061 988 1162 1019; x_wconf 78' lang='lat' dir='ltr'>fornia</span> 
     </span>
     <span class='ocr_line' id='line_1_19' title="bbox 193 1029 1163 1071; baseline 0.003 -12"><span class='ocrx_word' id='word_1_128' title='bbox 193 1029 364 1069; x_wconf 82' lang='lat' dir='ltr'>pectoralis</span> <span class='ocrx_word' id='word_1_129' title='bbox 389 1029 501 1059; x_wconf 86' lang='lat' dir='ltr'>testari</span> <span class='ocrx_word' id='word_1_130' title='bbox 533 1029 636 1059; x_wconf 84' lang='lat' dir='ltr'>voluit</span> <span class='ocrx_word' id='word_1_131' title='bbox 661 1029 750 1061; x_wconf 84' lang='lat' dir='ltr'>Deus</span> <span class='ocrx_word' id='word_1_132' title='bbox 774 1030 952 1070; x_wconf 74' lang='lat' dir='ltr'>sapientiae</span> <span class='ocrx_word' id='word_1_133' title='bbox 976 1035 1008 1061; x_wconf 85' lang='lat' dir='ltr'>et</span> <span class='ocrx_word' id='word_1_134' title='bbox 1030 1030 1163 1071; x_wconf 75' lang='lat' dir='ltr'>integri-</span> 
     </span>
     <span class='ocr_line' id='line_1_20' title="bbox 192 1072 1162 1113; baseline 0.003 -12"><span class='ocrx_word' id='word_1_135' title='bbox 192 1072 267 1102; x_wconf 69' lang='lat' dir='ltr'>tatis</span> <span class='ocrx_word' id='word_1_136' title='bbox 300 1082 459 1102; x_wconf 82' lang='lat' dir='ltr'>summam</span> <span class='ocrx_word' id='word_1_137' title='bbox 495 1072 663 1103; x_wconf 75' lang='lat' dir='ltr'>contineri.</span> <span class='ocrx_word' id='word_1_138' title='bbox 720 1072 792 1111; x_wconf 76' lang='lat' dir='ltr'>Qua</span> <span class='ocrx_word' id='word_1_139' title='bbox 838 1073 962 1103; x_wconf 90' lang='lat' dir='ltr'>ratione</span> <span class='ocrx_word' id='word_1_140' title='bbox 1004 1074 1162 1113; x_wconf 84' lang='lat' dir='ltr'>pectorale</span> 
     </span>
     <span class='ocr_line' id='line_1_21' title="bbox 194 1114 1163 1156; baseline 0.002 -11"><span class='ocrx_word' id='word_1_141' title='bbox 194 1120 324 1145; x_wconf 79' lang='lat' dir='ltr'>vocatur</span> <span class='ocrx_word' id='word_1_142' title='bbox 343 1114 466 1149; x_wconf 80' lang='lat' dir='ltr'>iudicii,</span> <span class='ocrx_word' id='word_1_143' title='bbox 493 1114 552 1146; x_wconf 88' lang='lat' dir='ltr'>hoe</span> <span class='ocrx_word' id='word_1_144' title='bbox 577 1122 641 1153; x_wconf 85' lang='lat' dir='ltr'>est,</span> <span class='ocrx_word' id='word_1_145' title='bbox 664 1116 888 1146; x_wconf 69' lang='lat' dir='ltr'>exactissimae</span> <span class='ocrx_word' id='word_1_146' title='bbox 911 1116 1050 1156; x_wconf 83' lang='lat' dir='ltr'>regulae,</span> <span class='ocrx_word' id='word_1_147' title='bbox 1075 1122 1106 1147; x_wconf 89' lang='lat' dir='ltr'>ct</span> <span class='ocrx_word' id='word_1_148' title='bbox 1129 1117 1163 1147; x_wconf 92' lang='lat' dir='ltr'>in</span> 
     </span>
     <span class='ocr_line' id='line_1_22' title="bbox 192 1156 1161 1199; baseline 0.004 -14"><span class='ocrx_word' id='word_1_149' title='bbox 192 1167 254 1197; x_wconf 79' lang='lat' dir='ltr'>qua</span> <span class='ocrx_word' id='word_1_150' title='bbox 286 1157 365 1187; x_wconf 86' lang='lat' dir='ltr'>nihil</span> <span class='ocrx_word' id='word_1_151' title='bbox 393 1156 568 1188; x_wconf 81' lang='lat' dir='ltr'>desiderari</span> <span class='ocrx_word' id='word_1_152' title='bbox 592 1164 707 1198; x_wconf 88' lang='lat' dir='ltr'>potest.</span> <span class='ocrx_word' id='word_1_153' title='bbox 740 1158 824 1189; x_wconf 89' lang='lat' dir='ltr'>Nam</span> <span class='ocrx_word' id='word_1_154' title='bbox 849 1169 945 1199; x_wconf 84' lang='lat' dir='ltr'>saepe</span> <span class='ocrx_word' id='word_1_155' title='bbox 969 1169 1026 1199; x_wconf 88' lang='lat' dir='ltr'>per</span> <span class='ocrx_word' id='word_1_156' title='bbox 1045 1170 1161 1190; x_wconf 88' lang='lat' dir='ltr'>nomeu</span> 
     </span>
     <span class='ocr_line' id='line_1_23' title="bbox 192 1201 1162 1241; baseline 0 -8"><span class='ocrx_word' id='word_1_157' title='bbox 192 1207 291 1233; x_wconf 59' lang='grc' dir='ltr'>ΕΞΕὍ</span> <span class='ocrx_word' id='word_1_158' title='bbox 331 1201 491 1240; x_wconf 82' lang='lat' dir='ltr'>scriptura</span> <span class='ocrx_word' id='word_1_159' title='bbox 531 1201 691 1241; x_wconf 81' lang='lat' dir='ltr'>siguificat</span> <span class='ocrx_word' id='word_1_160' title='bbox 727 1201 881 1241; x_wconf 87' lang='lat' dir='ltr'>quidquid</span> <span class='ocrx_word' id='word_1_161' title='bbox 922 1201 1002 1233; x_wconf 88' lang='lat' dir='ltr'>bene</span> <span class='ocrx_word' id='word_1_162' title='bbox 1038 1210 1068 1233; x_wconf 86' lang='lat' dir='ltr'>et</span> <span class='ocrx_word' id='word_1_163' title='bbox 1102 1202 1162 1233; x_wconf 85' lang='lat' dir='ltr'>rite</span> 
     </span>
     <span class='ocr_line' id='line_1_24' title="bbox 192 1243 1164 1285; baseline 0.002 -11"><span class='ocrx_word' id='word_1_164' title='bbox 192 1243 374 1274; x_wconf 83' lang='lat' dir='ltr'>ordinatum</span> <span class='ocrx_word' id='word_1_165' title='bbox 399 1249 455 1274; x_wconf 64' lang='lat' dir='ltr'>est.</span> <span class='ocrx_word' id='word_1_166' title='bbox 504 1243 598 1281; x_wconf 85' lang='lat' dir='ltr'>Quod</span> <span class='ocrx_word' id='word_1_167' title='bbox 623 1250 730 1275; x_wconf 86' lang='lat' dir='ltr'>autem</span> <span class='ocrx_word' id='word_1_168' title='bbox 754 1244 807 1274; x_wconf 91' lang='lat' dir='ltr'>alii</span> <span class='ocrx_word' id='word_1_169' title='bbox 828 1243 980 1275; x_wconf 87' lang='lat' dir='ltr'>iudicium</span> <span class='ocrx_word' id='word_1_170' title='bbox 1002 1246 1164 1285; x_wconf 80' lang='lat' dir='ltr'>accipiunt</span> 
     </span>
     <span class='ocr_line' id='line_1_25' title="bbox 192 1285 1162 1328; baseline 0.003 -12"><span class='ocrx_word' id='word_1_171' title='bbox 192 1297 251 1326; x_wconf 84' lang='lat' dir='ltr'>pro</span> <span class='ocrx_word' id='word_1_172' title='bbox 276 1285 508 1326; x_wconf 69' lang='lat' dir='ltr'>disquisitione,</span> <span class='ocrx_word' id='word_1_173' title='bbox 533 1287 606 1326; x_wconf 82' lang='lat' dir='ltr'>quia</span> <span class='ocrx_word' id='word_1_174' title='bbox 629 1286 777 1318; x_wconf 76' lang='lat' dir='ltr'>sacerdos</span> <span class='ocrx_word' id='word_1_175' title='bbox 801 1298 956 1327; x_wconf 87' lang='lat' dir='ltr'>responsa</span> <span class='ocrx_word' id='word_1_176' title='bbox 979 1298 1042 1318; x_wconf 89' lang='lat' dir='ltr'>non</span> <span class='ocrx_word' id='word_1_177' title='bbox 1067 1299 1162 1328; x_wconf 85' lang='lat' dir='ltr'>quae-</span> 
     </span>
     <span class='ocr_line' id='line_1_26' title="bbox 193 1329 1163 1371; baseline 0.003 -12"><span class='ocrx_word' id='word_1_178' title='bbox 193 1329 283 1360; x_wconf 85' lang='lat' dir='ltr'>rebat</span> <span class='ocrx_word' id='word_1_179' title='bbox 302 1330 361 1359; x_wconf 84' lang='lat' dir='ltr'>nisi</span> <span class='ocrx_word' id='word_1_180' title='bbox 376 1329 536 1368; x_wconf 82' lang='lat' dir='ltr'>pectorali,</span> <span class='ocrx_word' id='word_1_181' title='bbox 563 1330 659 1361; x_wconf 90' lang='lat' dir='ltr'>nimis</span> <span class='ocrx_word' id='word_1_182' title='bbox 675 1330 862 1361; x_wconf 81' lang='lat' dir='ltr'>restrictum</span> <span class='ocrx_word' id='word_1_183' title='bbox 877 1336 934 1369; x_wconf 85' lang='lat' dir='ltr'>est,</span> <span class='ocrx_word' id='word_1_184' title='bbox 958 1336 1054 1371; x_wconf 87' lang='lat' dir='ltr'>atque</span> <span class='ocrx_word' id='word_1_185' title='bbox 1067 1331 1163 1362; x_wconf 87' lang='lat' dir='ltr'>etiam</span> 
     </span>
     <span class='ocr_line' id='line_1_27' title="bbox 192 1371 1163 1414; baseline 0.002 -12"><span class='ocrx_word' id='word_1_186' title='bbox 192 1372 352 1403; x_wconf 83' lang='lat' dir='ltr'>refutatur</span> <span class='ocrx_word' id='word_1_187' title='bbox 383 1383 422 1402; x_wconf 82' lang='lat' dir='ltr'>ex</span> <span class='ocrx_word' id='word_1_188' title='bbox 453 1371 644 1412; x_wconf 85' lang='lat' dir='ltr'>quibusdam</span> <span class='ocrx_word' id='word_1_189' title='bbox 669 1373 756 1404; x_wconf 89' lang='lat' dir='ltr'>locis.</span> <span class='ocrx_word' id='word_1_190' title='bbox 803 1373 936 1404; x_wconf 84' lang='lat' dir='ltr'>Maneat</span> <span class='ocrx_word' id='word_1_191' title='bbox 959 1373 1059 1414; x_wconf 85' lang='lat' dir='ltr'>igitur</span> <span class='ocrx_word' id='word_1_192' title='bbox 1082 1373 1163 1404; x_wconf 89' lang='lat' dir='ltr'>illud</span> 
     </span>
     <span class='ocr_line' id='line_1_28' title="bbox 192 1414 1162 1455; baseline 0.002 -10"><span class='ocrx_word' id='word_1_193' title='bbox 192 1416 311 1448; x_wconf 84' lang='lat' dir='ltr'>fixum.</span> <span class='ocrx_word' id='word_1_194' title='bbox 346 1414 406 1446; x_wconf 89' lang='lat' dir='ltr'>hoc</span> <span class='ocrx_word' id='word_1_195' title='bbox 438 1415 579 1455; x_wconf 87' lang='lat' dir='ltr'>epitheto</span> <span class='ocrx_word' id='word_1_196' title='bbox 611 1415 830 1446; x_wconf 89' lang='lat' dir='ltr'>commendari</span> <span class='ocrx_word' id='word_1_197' title='bbox 864 1422 987 1447; x_wconf 87' lang='lat' dir='ltr'>rectum</span> <span class='ocrx_word' id='word_1_198' title='bbox 1017 1421 1048 1447; x_wconf 87' lang='lat' dir='ltr'>et</span> <span class='ocrx_word' id='word_1_199' title='bbox 1076 1416 1162 1447; x_wconf 89' lang='lat' dir='ltr'>omni</span> 
     </span>
     <span class='ocr_line' id='line_1_29' title="bbox 193 1458 1164 1499; baseline 0.002 -11"><span class='ocrx_word' id='word_1_200' title='bbox 193 1459 272 1489; x_wconf 73' lang='lat' dir='ltr'>vitio</span> <span class='ocrx_word' id='word_1_201' title='bbox 302 1468 421 1497; x_wconf 87' lang='lat' dir='ltr'>purum</span> <span class='ocrx_word' id='word_1_202' title='bbox 451 1458 607 1489; x_wconf 85' lang='lat' dir='ltr'>ordinem.</span> <span class='ocrx_word' id='word_1_203' title='bbox 666 1459 768 1489; x_wconf 87' lang='lat' dir='ltr'>Porro</span> <span class='ocrx_word' id='word_1_204' title='bbox 798 1460 872 1498; x_wconf 75' lang='lat' dir='ltr'>quia</span> <span class='ocrx_word' id='word_1_205' title='bbox 902 1460 1064 1499; x_wconf 87' lang='lat' dir='ltr'>pectorale</span> <span class='ocrx_word' id='word_1_206' title='bbox 1094 1463 1164 1490; x_wconf 85' lang='lat' dir='ltr'>erat</span> 
     </span>
     <span class='ocr_line' id='line_1_30' title="bbox 193 1501 1162 1541; baseline 0.001 -10"><span class='ocrx_word' id='word_1_207' title='bbox 193 1501 283 1540; x_wconf 82' lang='lat' dir='ltr'>quasi</span> <span class='ocrx_word' id='word_1_208' title='bbox 308 1511 382 1540; x_wconf 83' lang='lat' dir='ltr'>pars</span> <span class='ocrx_word' id='word_1_209' title='bbox 406 1501 518 1541; x_wconf 79' lang='lat' dir='ltr'>ephod,</span> <span class='ocrx_word' id='word_1_210' title='bbox 542 1501 613 1531; x_wconf 67' lang='lat' dir='ltr'>ideo</span> <span class='ocrx_word' id='word_1_211' title='bbox 633 1501 693 1532; x_wconf 88' lang='lat' dir='ltr'>sub</span> <span class='ocrx_word' id='word_1_212' title='bbox 717 1502 777 1533; x_wconf 86' lang='lat' dir='ltr'>hac</span> <span class='ocrx_word' id='word_1_213' title='bbox 798 1513 875 1533; x_wconf 84' lang='lat' dir='ltr'>voce</span> <span class='ocrx_word' id='word_1_214' title='bbox 892 1502 1057 1533; x_wconf 82' lang='lat' dir='ltr'>interdum</span> <span class='ocrx_word' id='word_1_215' title='bbox 1076 1513 1162 1534; x_wconf 85' lang='lat' dir='ltr'>com-</span> 
     </span>
     <span class='ocr_line' id='line_1_31' title="bbox 193 1543 1162 1585; baseline 0.002 -11"><span class='ocrx_word' id='word_1_216' title='bbox 193 1543 412 1583; x_wconf 86' lang='lat' dir='ltr'>prehenditur.</span> <span class='ocrx_word' id='word_1_217' title='bbox 459 1544 523 1575; x_wconf 88' lang='lat' dir='ltr'>Ubi</span> <span class='ocrx_word' id='word_1_218' title='bbox 548 1545 645 1575; x_wconf 85' lang='lat' dir='ltr'>etiam</span> <span class='ocrx_word' id='word_1_219' title='bbox 670 1545 843 1575; x_wconf 80' lang='lat' dir='ltr'>observare</span> <span class='ocrx_word' id='word_1_220' title='bbox 874 1546 1044 1585; x_wconf 82' lang='lat' dir='ltr'>convenit,</span> <span class='ocrx_word' id='word_1_221' title='bbox 1075 1545 1162 1576; x_wconf 87' lang='lat' dir='ltr'>aliud</span> 
     </span>
     <span class='ocr_line' id='line_1_32' title="bbox 193 1586 1162 1626; baseline 0.003 -10"><span class='ocrx_word' id='word_1_222' title='bbox 193 1587 290 1617; x_wconf 75' lang='lat' dir='ltr'>fuisse</span> <span class='ocrx_word' id='word_1_223' title='bbox 325 1587 428 1626; x_wconf 84' lang='lat' dir='ltr'>ephod</span> <span class='ocrx_word' id='word_1_224' title='bbox 468 1586 553 1617; x_wconf 60' lang='lat' dir='ltr'>istud</span> <span class='ocrx_word' id='word_1_225' title='bbox 589 1588 720 1618; x_wconf 74' lang='lat' dir='ltr'>unicum</span> <span class='ocrx_word' id='word_1_226' title='bbox 763 1588 881 1619; x_wconf 88' lang='lat' dir='ltr'>summi</span> <span class='ocrx_word' id='word_1_227' title='bbox 916 1588 1090 1619; x_wconf 85' lang='lat' dir='ltr'>sacerdotis</span> <span class='ocrx_word' id='word_1_228' title='bbox 1124 1588 1162 1619; x_wconf 86' lang='lat' dir='ltr'>ab</span> 
     </span>
     <span class='ocr_line' id='line_1_33' title="bbox 193 1630 1161 1671; baseline 0.002 -11"><span class='ocrx_word' id='word_1_229' title='bbox 193 1630 264 1660; x_wconf 73' lang='lat' dir='ltr'>aliis</span> <span class='ocrx_word' id='word_1_230' title='bbox 287 1640 421 1669; x_wconf 80' lang='lat' dir='ltr'>quorum</span> <span class='ocrx_word' id='word_1_231' title='bbox 445 1630 520 1661; x_wconf 85' lang='lat' dir='ltr'>alibi</span> <span class='ocrx_word' id='word_1_232' title='bbox 546 1631 581 1660; x_wconf 87' lang='lat' dir='ltr'>fit</span> <span class='ocrx_word' id='word_1_233' title='bbox 605 1631 736 1661; x_wconf 88' lang='lat' dir='ltr'>mentio.</span> <span class='ocrx_word' id='word_1_234' title='bbox 783 1630 907 1662; x_wconf 88' lang='lat' dir='ltr'>Omnes</span> <span class='ocrx_word' id='word_1_235' title='bbox 931 1632 1017 1662; x_wconf 87' lang='lat' dir='ltr'>enim</span> <span class='ocrx_word' id='word_1_236' title='bbox 1041 1642 1079 1662; x_wconf 80' lang='lat' dir='ltr'>ex</span> <span class='ocrx_word' id='word_1_237' title='bbox 1108 1641 1161 1671; x_wconf 82' lang='lat' dir='ltr'>ge-</span> 
     </span>
     <span class='ocr_line' id='line_1_34' title="bbox 193 1673 1162 1714; baseline 0.003 -12"><span class='ocrx_word' id='word_1_238' title='bbox 193 1683 270 1703; x_wconf 86' lang='lat' dir='ltr'>nere</span> <span class='ocrx_word' id='word_1_239' title='bbox 294 1673 483 1703; x_wconf 85' lang='lat' dir='ltr'>sacerdotali</span> <span class='ocrx_word' id='word_1_240' title='bbox 514 1673 735 1704; x_wconf 84' lang='lat' dir='ltr'>induebantur</span> <span class='ocrx_word' id='word_1_241' title='bbox 765 1674 871 1713; x_wconf 87' lang='lat' dir='ltr'>ephod</span> <span class='ocrx_word' id='word_1_242' title='bbox 900 1675 932 1704; x_wconf 90' lang='lat' dir='ltr'>in</span> <span class='ocrx_word' id='word_1_243' title='bbox 968 1675 1067 1705; x_wconf 87' lang='lat' dir='ltr'>sacris</span> <span class='ocrx_word' id='word_1_244' title='bbox 1091 1685 1162 1714; x_wconf 85' lang='lat' dir='ltr'>per-</span> 
     </span>
    </p>
   </div>
   <div class='ocr_carea' id='block_1_3' title="bbox 193 1714 1191 1758">
    <p class='ocr_par' dir='ltr' id='par_1_3' title="bbox 193 1714 1191 1758">
     <span class='ocr_line' id='line_1_35' title="bbox 193 1714 1191 1758; baseline 0.002 -13"><span class='ocrx_word' id='word_1_245' title='bbox 193 1715 327 1756; x_wconf 79' lang='lat' dir='ltr'>agendis</span> <span class='ocrx_word' id='word_1_246' title='bbox 351 1714 392 1756; x_wconf 84' lang='lat' dir='ltr'>(l.</span> <span class='ocrx_word' id='word_1_247' title='bbox 414 1715 501 1747; x_wconf 78' lang='lat' dir='ltr'>Sam.</span> <span class='ocrx_word' id='word_1_248' title='bbox 529 1716 577 1752; x_wconf 83' lang='lat'>14,</span> <span class='ocrx_word' id='word_1_249' title='bbox 598 1717 616 1747; x_wconf 82' lang='lat'>3</span> <span class='ocrx_word' id='word_1_250' title='bbox 641 1722 669 1747; x_wconf 87' lang='lat' dir='ltr'>et</span> <span class='ocrx_word' id='word_1_251' title='bbox 695 1716 745 1754; x_wconf 75' lang='lat'>23,</span> <span class='ocrx_word' id='word_1_252' title='bbox 765 1716 807 1758; x_wconf 80' lang='lat'>6).</span> <span class='ocrx_word' id='word_1_253' title='bbox 844 1717 913 1747; x_wconf 88' lang='lat' dir='ltr'>[mo</span> <span class='ocrx_word' id='word_1_254' title='bbox 940 1717 1045 1748; x_wconf 86' lang='lat' dir='ltr'>David</span> <span class='ocrx_word' id='word_1_255' title='bbox 1065 1728 1161 1757; x_wconf 88' lang='lat' dir='ltr'>quum</span> <span class='ocrx_word' id='word_1_256' title='bbox 1190 1716 1191 1721; x_wconf 50' lang='lat'>¹</span> 
     </span>
    </p>
   </div>
   <div class='ocr_carea' id='block_1_4' title="bbox 193 1759 1167 2613">
    <p class='ocr_par' dir='ltr' id='par_1_4' title="bbox 193 1759 1164 1918">
     <span class='ocr_line' id='line_1_36' title="bbox 193 1759 1163 1800; baseline 0.002 -11"><span class='ocrx_word' id='word_1_257' title='bbox 193 1759 327 1789; x_wconf 83' lang='lat' dir='ltr'>saltaret</span> <span class='ocrx_word' id='word_1_258' title='bbox 350 1769 458 1789; x_wconf 86' lang='lat' dir='ltr'>coram</span> <span class='ocrx_word' id='word_1_259' title='bbox 483 1769 565 1794; x_wconf 69' lang='lat' dir='ltr'>arca,</span> <span class='ocrx_word' id='word_1_260' title='bbox 591 1770 647 1790; x_wconf 87' lang='lat' dir='ltr'>suo</span> <span class='ocrx_word' id='word_1_261' title='bbox 672 1760 776 1799; x_wconf 86' lang='lat' dir='ltr'>ephod</span> <span class='ocrx_word' id='word_1_262' title='bbox 801 1759 935 1791; x_wconf 88' lang='lat' dir='ltr'>indutus</span> <span class='ocrx_word' id='word_1_263' title='bbox 959 1760 1034 1791; x_wconf 85' lang='lat' dir='ltr'>fuit:</span> <span class='ocrx_word' id='word_1_264' title='bbox 1068 1770 1163 1800; x_wconf 86' lang='lat' dir='ltr'>quem</span> 
     </span>
     <span class='ocr_line' id='line_1_37' title="bbox 193 1800 1163 1841; baseline 0.002 -9"><span class='ocrx_word' id='word_1_265' title='bbox 193 1802 293 1832; x_wconf 88' lang='lat' dir='ltr'>ritum</span> <span class='ocrx_word' id='word_1_266' title='bbox 326 1800 420 1832; x_wconf 83' lang='lat' dir='ltr'>hodie</span> <span class='ocrx_word' id='word_1_267' title='bbox 445 1812 570 1841; x_wconf 83' lang='lat' dir='ltr'>quoque</span> <span class='ocrx_word' id='word_1_268' title='bbox 594 1802 716 1838; x_wconf 90' lang='lat' dir='ltr'>Iudaei,</span> <span class='ocrx_word' id='word_1_269' title='bbox 747 1802 888 1834; x_wconf 81' lang='lat' dir='ltr'>celebres</span> <span class='ocrx_word' id='word_1_270' title='bbox 919 1814 994 1834; x_wconf 85' lang='lat' dir='ltr'>suos</span> <span class='ocrx_word' id='word_1_271' title='bbox 1023 1813 1163 1834; x_wconf 83' lang='lat' dir='ltr'>conven-</span> 
     </span>
     <span class='ocr_line' id='line_1_38' title="bbox 193 1844 1164 1885; baseline 0.002 -11"><span class='ocrx_word' id='word_1_272' title='bbox 193 1850 244 1876; x_wconf 89' lang='lat' dir='ltr'>tus</span> <span class='ocrx_word' id='word_1_273' title='bbox 285 1844 425 1884; x_wconf 82' lang='lat' dir='ltr'>agendo,</span> <span class='ocrx_word' id='word_1_274' title='bbox 467 1845 619 1876; x_wconf 86' lang='lat' dir='ltr'>retinent.</span> <span class='ocrx_word' id='word_1_275' title='bbox 683 1845 823 1885; x_wconf 82' lang='lat' dir='ltr'>Reliqua</span> <span class='ocrx_word' id='word_1_276' title='bbox 864 1856 939 1877; x_wconf 86' lang='lat' dir='ltr'>mox</span> <span class='ocrx_word' id='word_1_277' title='bbox 980 1846 1047 1877; x_wconf 88' lang='lat' dir='ltr'>suis</span> <span class='ocrx_word' id='word_1_278' title='bbox 1086 1845 1164 1877; x_wconf 87' lang='lat' dir='ltr'>locis</span> 
     </span>
     <span class='ocr_line' id='line_1_39' title="bbox 194 1893 346 1918; baseline -0.007 0"><span class='ocrx_word' id='word_1_279' title='bbox 194 1893 346 1918; x_wconf 78' lang='lat' dir='ltr'>attexam.</span> 
     </span>
    </p>

    <p class='ocr_par' dir='ltr' id='par_1_5' title="bbox 195 1930 1167 2613">
     <span class='ocr_line' id='line_1_40' title="bbox 279 1930 886 1970; baseline 0.002 -10"><span class='ocrx_word' id='word_1_280' title='bbox 279 1930 307 1961; x_wconf 84' lang='lat'>9.</span> <span class='ocrx_word' id='word_1_281' title='bbox 333 1931 476 1969; x_wconf 75' lang='lat' dir='ltr'>Accipies</span> <span class='ocrx_word' id='word_1_282' title='bbox 506 1941 623 1970; x_wconf 71' lang='lat' dir='ltr'>qaoque</span> <span class='ocrx_word' id='word_1_283' title='bbox 651 1931 727 1961; x_wconf 60' lang='lat' dir='ltr'>(latos</span> <span class='ocrx_word' id='word_1_284' title='bbox 756 1931 886 1970; x_wconf 62' lang='lat' dir='ltr'>lapides.</span> 
     </span>
     <span class='ocr_line' id='line_1_41' title="bbox 195 1973 1164 2014; baseline 0.002 -11"><span class='ocrx_word' id='word_1_285' title='bbox 195 1979 277 2003; x_wconf 82' lang='lat' dir='ltr'>esset</span> <span class='ocrx_word' id='word_1_286' title='bbox 301 1974 483 2004; x_wconf 86' lang='lat' dir='ltr'>coniunctio</span> <span class='ocrx_word' id='word_1_287' title='bbox 507 1973 681 2005; x_wconf 80' lang='lat' dir='ltr'>sacerdotis</span> <span class='ocrx_word' id='word_1_288' title='bbox 705 1985 777 2005; x_wconf 88' lang='lat' dir='ltr'>eum</span> <span class='ocrx_word' id='word_1_289' title='bbox 801 1974 927 2014; x_wconf 79' lang='lat' dir='ltr'>populo,</span> <span class='ocrx_word' id='word_1_290' title='bbox 952 1986 1015 2005; x_wconf 91' lang='lat' dir='ltr'>non</span> <span class='ocrx_word' id='word_1_291' title='bbox 1039 1979 1164 2004; x_wconf 85' lang='lat' dir='ltr'>tantum</span> 
     </span>
     <span class='ocr_line' id='line_1_42' title="bbox 196 2016 1164 2056; baseline 0.001 -10"><span class='ocrx_word' id='word_1_292' title='bbox 196 2016 228 2046; x_wconf 92' lang='lat' dir='ltr'>in</span> <span class='ocrx_word' id='word_1_293' title='bbox 259 2016 360 2056; x_wconf 84' lang='lat' dir='ltr'>ipsius</span> <span class='ocrx_word' id='word_1_294' title='bbox 392 2021 518 2056; x_wconf 84' lang='lat' dir='ltr'>pectore</span> <span class='ocrx_word' id='word_1_295' title='bbox 550 2016 671 2048; x_wconf 84' lang='lat' dir='ltr'>locavit</span> <span class='ocrx_word' id='word_1_296' title='bbox 702 2018 790 2048; x_wconf 84' lang='lat' dir='ltr'>Deus</span> <span class='ocrx_word' id='word_1_297' title='bbox 822 2017 989 2049; x_wconf 88' lang='lat' dir='ltr'>duodecim</span> <span class='ocrx_word' id='word_1_298' title='bbox 1022 2017 1164 2047; x_wconf 90' lang='lat' dir='ltr'>tribuum</span> 
     </span>
     <span class='ocr_line' id='line_1_43' title="bbox 196 2059 1163 2099; baseline 0 -10"><span class='ocrx_word' id='word_1_299' title='bbox 196 2064 425 2097; x_wconf 85' lang='lat' dir='ltr'>monumenta,</span> <span class='ocrx_word' id='word_1_300' title='bbox 456 2059 510 2089; x_wconf 86' lang='lat' dir='ltr'>sed</span> <span class='ocrx_word' id='word_1_301' title='bbox 542 2060 638 2090; x_wconf 86' lang='lat' dir='ltr'>etiam</span> <span class='ocrx_word' id='word_1_302' title='bbox 670 2060 800 2090; x_wconf 89' lang='lat' dir='ltr'>nomina</span> <span class='ocrx_word' id='word_1_303' title='bbox 832 2060 976 2091; x_wconf 75' lang='lat' dir='ltr'>humeris</span> <span class='ocrx_word' id='word_1_304' title='bbox 1000 2060 1163 2099; x_wconf 85' lang='lat' dir='ltr'>imposuit.</span> 
     </span>
     <span class='ocr_line' id='line_1_44' title="bbox 198 2101 1164 2143; baseline 0 -11"><span class='ocrx_word' id='word_1_305' title='bbox 198 2102 285 2133; x_wconf 88' lang='lat' dir='ltr'>Hinc</span> <span class='ocrx_word' id='word_1_306' title='bbox 315 2101 440 2132; x_wconf 85' lang='lat' dir='ltr'>sublata</span> <span class='ocrx_word' id='word_1_307' title='bbox 471 2102 529 2133; x_wconf 85' lang='lat' dir='ltr'>fuit</span> <span class='ocrx_word' id='word_1_308' title='bbox 560 2103 682 2134; x_wconf 82' lang='lat' dir='ltr'>occasio</span> <span class='ocrx_word' id='word_1_309' title='bbox 715 2102 872 2140; x_wconf 80' lang='lat' dir='ltr'>invidiae,</span> <span class='ocrx_word' id='word_1_310' title='bbox 905 2114 1003 2143; x_wconf 88' lang='lat' dir='ltr'>quum</span> <span class='ocrx_word' id='word_1_311' title='bbox 1028 2103 1164 2142; x_wconf 89' lang='lat' dir='ltr'>populus</span> 
     </span>
     <span class='ocr_line' id='line_1_45' title="bbox 198 2144 1166 2184; baseline 0.001 -10"><span class='ocrx_word' id='word_1_312' title='bbox 198 2144 409 2184; x_wconf 68' lang='lat' dir='ltr'>intelligeret,</span> <span class='ocrx_word' id='word_1_313' title='bbox 441 2156 541 2176; x_wconf 88' lang='lat' dir='ltr'>unum</span> <span class='ocrx_word' id='word_1_314' title='bbox 574 2145 738 2176; x_wconf 89' lang='lat' dir='ltr'>hominem</span> <span class='ocrx_word' id='word_1_315' title='bbox 771 2157 835 2177; x_wconf 90' lang='lat' dir='ltr'>non</span> <span class='ocrx_word' id='word_1_316' title='bbox 871 2146 1009 2177; x_wconf 83' lang='lat' dir='ltr'>discerni</span> <span class='ocrx_word' id='word_1_317' title='bbox 1033 2146 1071 2176; x_wconf 90' lang='lat' dir='ltr'>ab</span> <span class='ocrx_word' id='word_1_318' title='bbox 1096 2145 1166 2176; x_wconf 87' lang='lat' dir='ltr'>aliis</span> 
     </span>
     <span class='ocr_line' id='line_1_46' title="bbox 197 2188 1165 2229; baseline 0.001 -12"><span class='ocrx_word' id='word_1_319' title='bbox 197 2188 318 2227; x_wconf 69' lang='lat' dir='ltr'>privati</span> <span class='ocrx_word' id='word_1_320' title='bbox 341 2188 499 2219; x_wconf 82' lang='lat' dir='ltr'>commodi</span> <span class='ocrx_word' id='word_1_321' title='bbox 524 2188 638 2228; x_wconf 79' lang='lat' dir='ltr'>gratia,</span> <span class='ocrx_word' id='word_1_322' title='bbox 662 2189 716 2220; x_wconf 85' lang='lat' dir='ltr'>sed</span> <span class='ocrx_word' id='word_1_323' title='bbox 738 2189 770 2219; x_wconf 87' lang='lat' dir='ltr'>in</span> <span class='ocrx_word' id='word_1_324' title='bbox 792 2191 885 2220; x_wconf 88' lang='lat' dir='ltr'>unius</span> <span class='ocrx_word' id='word_1_325' title='bbox 900 2199 1036 2229; x_wconf 85' lang='lat' dir='ltr'>persona</span> <span class='ocrx_word' id='word_1_326' title='bbox 1055 2199 1165 2219; x_wconf 88' lang='lat' dir='ltr'>omnes</span> 
     </span>
     <span class='ocr_line' id='line_1_47' title="bbox 199 2231 1165 2271; baseline 0 -10"><span class='ocrx_word' id='word_1_327' title='bbox 199 2241 268 2261; x_wconf 58' lang='lat' dir='ltr'>esse</span> <span class='ocrx_word' id='word_1_328' title='bbox 292 2242 429 2271; x_wconf 75' lang='lat' dir='ltr'>regnum</span> <span class='ocrx_word' id='word_1_329' title='bbox 453 2231 665 2270; x_wconf 82' lang='lat' dir='ltr'>sacerdotale,</span> <span class='ocrx_word' id='word_1_330' title='bbox 695 2232 778 2271; x_wconf 87' lang='lat' dir='ltr'>quod</span> <span class='ocrx_word' id='word_1_331' title='bbox 799 2232 832 2262; x_wconf 92' lang='lat' dir='ltr'>in</span> <span class='ocrx_word' id='word_1_332' title='bbox 858 2231 989 2264; x_wconf 81' lang='lat' dir='ltr'>Christo</span> <span class='ocrx_word' id='word_1_333' title='bbox 1014 2242 1088 2262; x_wconf 89' lang='lat' dir='ltr'>vere</span> <span class='ocrx_word' id='word_1_334' title='bbox 1112 2231 1165 2261; x_wconf 87' lang='lat' dir='ltr'>de-</span> 
     </span>
     <span class='ocr_line' id='line_1_48' title="bbox 199 2272 1164 2315; baseline 0.001 -12"><span class='ocrx_word' id='word_1_335' title='bbox 199 2284 287 2303; x_wconf 87' lang='lat' dir='ltr'>mum</span> <span class='ocrx_word' id='word_1_336' title='bbox 318 2274 417 2304; x_wconf 79' lang='lat' dir='ltr'>fuisse</span> <span class='ocrx_word' id='word_1_337' title='bbox 448 2274 618 2314; x_wconf 88' lang='lat' dir='ltr'>impletum</span> <span class='ocrx_word' id='word_1_338' title='bbox 649 2274 739 2306; x_wconf 79' lang='lat' dir='ltr'>{locet</span> <span class='ocrx_word' id='word_1_339' title='bbox 770 2275 887 2306; x_wconf 85' lang='lat' dir='ltr'>Petrus</span> <span class='ocrx_word' id='word_1_340' title='bbox 908 2274 950 2315; x_wconf 86' lang='lat'>(1.</span> <span class='ocrx_word' id='word_1_341' title='bbox 977 2275 1046 2305; x_wconf 73' lang='lat' dir='ltr'>Pet.</span> <span class='ocrx_word' id='word_1_342' title='bbox 1070 2274 1099 2311; x_wconf 79' lang='lat'>2,</span> <span class='ocrx_word' id='word_1_343' title='bbox 1123 2272 1164 2315; x_wconf 81' lang='lat'>5).</span> 
     </span>
     <span class='ocr_line' id='line_1_49' title="bbox 200 2316 1166 2359; baseline 0.002 -14"><span class='ocrx_word' id='word_1_344' title='bbox 200 2316 482 2354; x_wconf 81' lang='lat' dir='ltr'>Quemadmodum</span> <span class='ocrx_word' id='word_1_345' title='bbox 514 2318 721 2357; x_wconf 70' lang='lat' dir='ltr'>praedixerat</span> <span class='ocrx_word' id='word_1_346' title='bbox 756 2317 857 2349; x_wconf 86' lang='lat' dir='ltr'>Isaias</span> <span class='ocrx_word' id='word_1_347' title='bbox 892 2317 954 2359; x_wconf 80' lang='lat'><strong>(66,</strong></span> <span class='ocrx_word' id='word_1_348' title='bbox 989 2316 1059 2358; x_wconf 81' lang='lat'>20),</span> <span class='ocrx_word' id='word_1_349' title='bbox 1100 2317 1166 2347; x_wconf 84' lang='lat' dir='ltr'>fore</span> 
     </span>
     <span class='ocr_line' id='line_1_50' title="bbox 202 2359 1166 2400; baseline 0 -11"><span class='ocrx_word' id='word_1_350' title='bbox 202 2359 261 2389; x_wconf 72' lang='lat' dir='ltr'>l)‹:i</span> <span class='ocrx_word' id='word_1_351' title='bbox 296 2359 477 2391; x_wconf 75' lang='lat' dir='ltr'>sacerdotes</span> <span class='ocrx_word' id='word_1_352' title='bbox 511 2366 542 2391; x_wconf 87' lang='lat' dir='ltr'>et</span> <span class='ocrx_word' id='word_1_353' title='bbox 571 2360 707 2391; x_wconf 79' lang='lat' dir='ltr'>Levitas</span> <span class='ocrx_word' id='word_1_354' title='bbox 742 2361 795 2400; x_wconf 86' lang='lat' dir='ltr'>qui</span> <span class='ocrx_word' id='word_1_355' title='bbox 830 2360 961 2392; x_wconf 86' lang='lat' dir='ltr'>adducti</span> <span class='ocrx_word' id='word_1_356' title='bbox 991 2364 1096 2391; x_wconf 87' lang='lat' dir='ltr'>essent</span> <span class='ocrx_word' id='word_1_357' title='bbox 1127 2370 1166 2390; x_wconf 88' lang='lat' dir='ltr'>ex</span> 
     </span>
     <span class='ocr_line' id='line_1_51' title="bbox 201 2402 1167 2442; baseline 0.001 -11"><span class='ocrx_word' id='word_1_358' title='bbox 201 2402 361 2439; x_wconf 67' lang='lat' dir='ltr'>gentibus.</span> <span class='ocrx_word' id='word_1_359' title='bbox 425 2402 496 2441; x_wconf 81' lang='lat' dir='ltr'>Quo</span> <span class='ocrx_word' id='word_1_360' title='bbox 536 2403 651 2434; x_wconf 82' lang='lat' dir='ltr'>alludit</span> <span class='ocrx_word' id='word_1_361' title='bbox 692 2403 855 2434; x_wconf 88' lang='lat' dir='ltr'>Iohannes</span> <span class='ocrx_word' id='word_1_362' title='bbox 895 2404 929 2434; x_wconf 85' lang='lat' dir='ltr'>in</span> <span class='ocrx_word' id='word_1_363' title='bbox 970 2402 1167 2442; x_wconf 85' lang='lat' dir='ltr'>Apocalypsi</span> 
     </span>
     <span class='ocr_line' id='line_1_52' title="bbox 201 2444 1167 2487; baseline 0.001 -13"><span class='ocrx_word' id='word_1_364' title='bbox 201 2444 313 2484; x_wconf 68' lang='lat' dir='ltr'>(Apoc.</span> <span class='ocrx_word' id='word_1_365' title='bbox 341 2446 366 2482; x_wconf 86' lang='lat'>1,</span> <span class='ocrx_word' id='word_1_366' title='bbox 392 2445 433 2487; x_wconf 75' lang='lat'>6),</span> <span class='ocrx_word' id='word_1_367' title='bbox 458 2446 510 2476; x_wconf 88' lang='lat' dir='ltr'>ubi</span> <span class='ocrx_word' id='word_1_368' title='bbox 533 2446 619 2484; x_wconf 87' lang='lat' dir='ltr'>dicit,</span> <span class='ocrx_word' id='word_1_369' title='bbox 644 2457 707 2477; x_wconf 90' lang='lat' dir='ltr'>non</span> <span class='ocrx_word' id='word_1_370' title='bbox 724 2446 745 2487; x_wconf 90' lang='lat'>¹)</span> <span class='ocrx_word' id='word_1_371' title='bbox 770 2457 881 2478; x_wconf 88' lang='lat' dir='ltr'>omnes</span> <span class='ocrx_word' id='word_1_372' title='bbox 901 2447 932 2477; x_wconf 91' lang='lat' dir='ltr'>in</span> <span class='ocrx_word' id='word_1_373' title='bbox 947 2445 1078 2477; x_wconf 85' lang='lat' dir='ltr'>Christo</span> <span class='ocrx_word' id='word_1_374' title='bbox 1098 2455 1167 2476; x_wconf 83' lang='lat' dir='ltr'>esse</span> 
     </span>
     <span class='ocr_line' id='line_1_53' title="bbox 202 2487 1166 2527; baseline 0.001 -10"><span class='ocrx_word' id='word_1_375' title='bbox 202 2487 392 2519; x_wconf 70' lang='lat' dir='ltr'>sacerdotes.</span> <span class='ocrx_word' id='word_1_376' title='bbox 429 2489 583 2519; x_wconf 74' lang='lat' dir='ltr'>&#39;Ponenda</span> <span class='ocrx_word' id='word_1_377' title='bbox 607 2495 714 2519; x_wconf 86' lang='lat' dir='ltr'>autem</span> <span class='ocrx_word' id='word_1_378' title='bbox 741 2490 823 2520; x_wconf 82' lang='lat' dir='ltr'>ratio</span> <span class='ocrx_word' id='word_1_379' title='bbox 847 2494 903 2527; x_wconf 83' lang='lat' dir='ltr'>est,</span> <span class='ocrx_word' id='word_1_380' title='bbox 927 2500 986 2520; x_wconf 86' lang='lat' dir='ltr'>cur</span> <span class='ocrx_word' id='word_1_381' title='bbox 1005 2499 1063 2519; x_wconf 87' lang='lat' dir='ltr'>nos</span> <span class='ocrx_word' id='word_1_382' title='bbox 1083 2488 1166 2519; x_wconf 86' lang='lat' dir='ltr'>diea-</span> 
     </span>
     <span class='ocr_line' id='line_1_54' title="bbox 203 2530 1166 2572; baseline 0.001 -13"><span class='ocrx_word' id='word_1_383' title='bbox 203 2537 256 2559; x_wconf 79' lang='lat' dir='ltr'>tur</span> <span class='ocrx_word' id='word_1_384' title='bbox 280 2531 423 2569; x_wconf 75' lang='lat' dir='ltr'>pontifex</span> <span class='ocrx_word' id='word_1_385' title='bbox 450 2539 556 2563; x_wconf 81' lang='lat' dir='ltr'>noster</span> <span class='ocrx_word' id='word_1_386' title='bbox 581 2532 612 2562; x_wconf 93' lang='lat' dir='ltr'>in</span> <span class='ocrx_word' id='word_1_387' title='bbox 637 2532 780 2563; x_wconf 85' lang='lat' dir='ltr'>humeris</span> <span class='ocrx_word' id='word_1_388' title='bbox 803 2538 942 2572; x_wconf 87' lang='lat' dir='ltr'>portare.</span> <span class='ocrx_word' id='word_1_389' title='bbox 985 2531 1057 2562; x_wconf 91' lang='lat' dir='ltr'>Non</span> <span class='ocrx_word' id='word_1_390' title='bbox 1081 2530 1166 2561; x_wconf 83' lang='lat' dir='ltr'>enim</span> 
     </span>
     <span class='ocr_line' id='line_1_55' title="bbox 202 2572 1167 2613; baseline 0.001 -11"><span class='ocrx_word' id='word_1_391' title='bbox 202 2572 297 2602; x_wconf 86' lang='lat' dir='ltr'>modo</span> <span class='ocrx_word' id='word_1_392' title='bbox 333 2580 496 2613; x_wconf 79' lang='lat' dir='ltr'>reptamus</span> <span class='ocrx_word' id='word_1_393' title='bbox 531 2576 563 2605; x_wconf 89' lang='lat' dir='ltr'>in</span> <span class='ocrx_word' id='word_1_394' title='bbox 598 2579 699 2613; x_wconf 88' lang='lat' dir='ltr'>terra,</span> <span class='ocrx_word' id='word_1_395' title='bbox 733 2574 788 2606; x_wconf 87' lang='lat' dir='ltr'>sed</span> <span class='ocrx_word' id='word_1_396' title='bbox 824 2575 962 2606; x_wconf 88' lang='lat' dir='ltr'>demersi</span> <span class='ocrx_word' id='word_1_397' title='bbox 993 2584 1105 2606; x_wconf 85' lang='lat' dir='ltr'>sumus</span> <span class='ocrx_word' id='word_1_398' title='bbox 1134 2573 1167 2603; x_wconf 89' lang='lat' dir='ltr'>in</span> 
     </span>
    </p>
   </div>
   <div class='ocr_carea' id='block_1_5' title="bbox 292 2666 1042 2698">
    <p class='ocr_par' dir='ltr' id='par_1_6' title="bbox 292 2666 1042 2698">
     <span class='ocr_line' id='line_1_56' title="bbox 292 2666 1042 2698; baseline 0.001 -7"><span class='ocrx_word' id='word_1_399' title='bbox 292 2666 317 2698; x_wconf 91' lang='lat'>1)</span> <span class='ocrx_word' id='word_1_400' title='bbox 337 2666 382 2693; x_wconf 59' lang='lat' dir='ltr'>Sic</span> <span class='ocrx_word' id='word_1_401' title='bbox 400 2668 528 2693; x_wconf 74' lang='lat' dir='ltr'>editiones</span> <span class='ocrx_word' id='word_1_402' title='bbox 547 2669 655 2694; x_wconf 77' lang='lat' dir='ltr'>latinae.</span> <span class='ocrx_word' id='word_1_403' title='bbox 696 2669 793 2695; x_wconf 71' lang='lat' dir='ltr'>Gallus</span> <span class='ocrx_word' id='word_1_404' title='bbox 811 2668 946 2694; x_wconf 79' lang='lat' dir='ltr'>emendat:</span> <span class='ocrx_word' id='word_1_405' title='bbox 967 2676 1042 2693; x_wconf 76' lang='lat' dir='ltr'>nous.</span> 
     </span>
    </p>
   </div>
   <div class='ocr_carea' id='block_1_6' title="bbox 887 207 1483 243">
    <p class='ocr_par' dir='ltr' id='par_1_7' title="bbox 887 207 1483 243">
     <span class='ocr_line' id='line_1_57' title="bbox 887 207 1483 243; baseline 0.007 -5"><span class='ocrx_word' id='word_1_406' title='bbox 887 207 1140 241; x_wconf 82' lang='lat' dir='ltr'>SECUNDUM</span> <span class='ocrx_word' id='word_1_407' title='bbox 1164 210 1483 243; x_wconf 79' lang='lat' dir='ltr'>PRAECEPTUM.</span> 
     </span>
    </p>
   </div>
   <div class='ocr_carea' id='block_1_7' title="bbox 942 1930 1193 1970">
    <p class='ocr_par' dir='ltr' id='par_1_8' title="bbox 942 1930 1193 1970">
     <span class='ocr_line' id='line_1_58' title="bbox 942 1930 1193 1970; baseline -0.004 -8"><span class='ocrx_word' id='word_1_408' title='bbox 942 1930 1014 1970; x_wconf 82' lang='lat' dir='ltr'>Quo</span> <span class='ocrx_word' id='word_1_409' title='bbox 1048 1931 1165 1963; x_wconf 87' lang='lat' dir='ltr'>certior</span> <span class='ocrx_word' id='word_1_410' title='bbox 1190 1934 1193 1952; x_wconf 55' lang='grc' dir='ltr'>ι’</span> 
     </span>
    </p>
   </div>
   <div class='ocr_carea' id='block_1_8' title="bbox 2119 212 2183 243">
    <p class='ocr_par' dir='ltr' id='par_1_9' title="bbox 2119 212 2183 243">
     <span class='ocr_line' id='line_1_59' title="bbox 2119 212 2183 243; baseline 0 0"><span class='ocrx_word' id='word_1_411' title='bbox 2119 212 2183 243; x_wconf 86' lang='grc'>432</span> 
     </span>
    </p>
   </div>
   <div class='ocr_carea' id='block_1_9' title="bbox 1187 304 2187 2700">
    <p class='ocr_par' dir='ltr' id='par_1_10' title="bbox 1187 304 2187 1534">
     <span class='ocr_line' id='line_1_60' title="bbox 1214 304 2184 345; baseline 0.002 -9"><span class='ocrx_word' id='word_1_412' title='bbox 1214 305 1373 345; x_wconf 85' lang='lat' dir='ltr'>profundo</span> <span class='ocrx_word' id='word_1_413' title='bbox 1395 305 1508 336; x_wconf 87' lang='lat' dir='ltr'>mortis</span> <span class='ocrx_word' id='word_1_414' title='bbox 1531 304 1675 345; x_wconf 82' lang='lat' dir='ltr'>gurgite:</span> <span class='ocrx_word' id='word_1_415' title='bbox 1701 304 1858 344; x_wconf 86' lang='lat' dir='ltr'>quomodo</span> <span class='ocrx_word' id='word_1_416' title='bbox 1888 305 1988 345; x_wconf 83' lang='lat' dir='ltr'>igitur</span> <span class='ocrx_word' id='word_1_417' title='bbox 2010 306 2184 338; x_wconf 78' lang='lat' dir='ltr'>ascendere</span> 
     </span>
     <span class='ocr_line' id='line_1_61' title="bbox 1214 347 2183 385; baseline 0.001 -6"><span class='ocrx_word' id='word_1_418' title='bbox 1214 348 1246 379; x_wconf 89' lang='lat' dir='ltr'>in</span> <span class='ocrx_word' id='word_1_419' title='bbox 1278 348 1402 379; x_wconf 89' lang='lat' dir='ltr'>eoelum</span> <span class='ocrx_word' id='word_1_420' title='bbox 1433 348 1558 385; x_wconf 85' lang='lat' dir='ltr'>liceret,</span> <span class='ocrx_word' id='word_1_421' title='bbox 1593 347 1655 377; x_wconf 90' lang='lat' dir='ltr'>nisi</span> <span class='ocrx_word' id='word_1_422' title='bbox 1690 357 1748 377; x_wconf 88' lang='lat' dir='ltr'>nos</span> <span class='ocrx_word' id='word_1_423' title='bbox 1783 357 1890 378; x_wconf 85' lang='lat' dir='ltr'>secum</span> <span class='ocrx_word' id='word_1_424' title='bbox 1922 347 2073 379; x_wconf 84' lang='lat' dir='ltr'>eveheret</span> <span class='ocrx_word' id='word_1_425' title='bbox 2096 350 2183 380; x_wconf 84' lang='lat' dir='ltr'>filius</span> 
     </span>
     <span class='ocr_line' id='line_1_62' title="bbox 1214 389 2182 430; baseline 0.001 -8"><span class='ocrx_word' id='word_1_426' title='bbox 1214 390 1299 422; x_wconf 87' lang='lat' dir='ltr'>Dei?</span> <span class='ocrx_word' id='word_1_427' title='bbox 1346 391 1415 421; x_wconf 81' lang='lat' dir='ltr'>Iam</span> <span class='ocrx_word' id='word_1_428' title='bbox 1439 400 1536 430; x_wconf 89' lang='lat' dir='ltr'>quum</span> <span class='ocrx_word' id='word_1_429' title='bbox 1561 389 1601 420; x_wconf 85' lang='lat' dir='ltr'>ad</span> <span class='ocrx_word' id='word_1_430' title='bbox 1624 389 1795 420; x_wconf 85' lang='lat' dir='ltr'>coelestem</span> <span class='ocrx_word' id='word_1_431' title='bbox 1821 390 1920 420; x_wconf 86' lang='lat' dir='ltr'>vitam</span> <span class='ocrx_word' id='word_1_432' title='bbox 1944 390 2054 422; x_wconf 87' lang='lat' dir='ltr'>nullus</span> <span class='ocrx_word' id='word_1_433' title='bbox 2077 391 2119 422; x_wconf 85' lang='lat' dir='ltr'>sit</span> <span class='ocrx_word' id='word_1_434' title='bbox 2147 393 2182 423; x_wconf 87' lang='lat' dir='ltr'>in</span> 
     </span>
     <span class='ocr_line' id='line_1_63' title="bbox 1214 432 2184 473; baseline 0.002 -9"><span class='ocrx_word' id='word_1_435' title='bbox 1214 433 1305 464; x_wconf 90' lang='lat' dir='ltr'>nobis</span> <span class='ocrx_word' id='word_1_436' title='bbox 1331 434 1435 473; x_wconf 69' lang='lat' dir='ltr'>vigor:</span> <span class='ocrx_word' id='word_1_437' title='bbox 1465 432 1520 463; x_wconf 80' lang='lat' dir='ltr'>sed</span> <span class='ocrx_word' id='word_1_438' title='bbox 1553 442 1665 463; x_wconf 87' lang='lat' dir='ltr'>omnes</span> <span class='ocrx_word' id='word_1_439' title='bbox 1695 433 1821 463; x_wconf 81' lang='lat' dir='ltr'>animae</span> <span class='ocrx_word' id='word_1_440' title='bbox 1856 437 1887 462; x_wconf 85' lang='lat' dir='ltr'>et</span> <span class='ocrx_word' id='word_1_441' title='bbox 1909 433 2053 473; x_wconf 87' lang='lat' dir='ltr'>corporis</span> <span class='ocrx_word' id='word_1_442' title='bbox 2075 439 2184 473; x_wconf 83' lang='lat' dir='ltr'>partes</span> 
     </span>
     <span class='ocr_line' id='line_1_64' title="bbox 1214 475 2184 516; baseline 0 -9"><span class='ocrx_word' id='word_1_443' title='bbox 1214 482 1396 516; x_wconf 79' lang='lat' dir='ltr'>prostratae</span> <span class='ocrx_word' id='word_1_444' title='bbox 1427 476 1565 511; x_wconf 82' lang='lat' dir='ltr'>iaceant,</span> <span class='ocrx_word' id='word_1_445' title='bbox 1596 475 1663 505; x_wconf 73' lang='lat' dir='ltr'>sola</span> <span class='ocrx_word' id='word_1_446' title='bbox 1694 475 1761 505; x_wconf 85' lang='lat' dir='ltr'>eius</span> <span class='ocrx_word' id='word_1_447' title='bbox 1793 475 1914 506; x_wconf 84' lang='lat' dir='ltr'>virtute</span> <span class='ocrx_word' id='word_1_448' title='bbox 1942 476 2096 506; x_wconf 85' lang='lat' dir='ltr'>sustineri</span> <span class='ocrx_word' id='word_1_449' title='bbox 2127 487 2184 508; x_wconf 87' lang='lat' dir='ltr'>ne-</span> 
     </span>
     <span class='ocr_line' id='line_1_65' title="bbox 1214 517 2185 557; baseline 0 -7"><span class='ocrx_word' id='word_1_450' title='bbox 1214 530 1302 550; x_wconf 81' lang='lat' dir='ltr'>cesse</span> <span class='ocrx_word' id='word_1_451' title='bbox 1329 526 1385 549; x_wconf 86' lang='lat' dir='ltr'>est.</span> <span class='ocrx_word' id='word_1_452' title='bbox 1431 518 1518 549; x_wconf 83' lang='lat' dir='ltr'>Hine</span> <span class='ocrx_word' id='word_1_453' title='bbox 1548 518 1646 557; x_wconf 73' lang='lat' dir='ltr'>igitur</span> <span class='ocrx_word' id='word_1_454' title='bbox 1677 517 1779 548; x_wconf 86' lang='lat' dir='ltr'>nostri</span> <span class='ocrx_word' id='word_1_455' title='bbox 1811 518 1845 548; x_wconf 90' lang='lat' dir='ltr'>in</span> <span class='ocrx_word' id='word_1_456' title='bbox 1876 518 2000 549; x_wconf 86' lang='lat' dir='ltr'>coelum</span> <span class='ocrx_word' id='word_1_457' title='bbox 2032 529 2185 551; x_wconf 84' lang='lat' dir='ltr'>ascensus</span> 
     </span>
     <span class='ocr_line' id='line_1_66' title="bbox 1215 560 2184 601; baseline 0.001 -9"><span class='ocrx_word' id='word_1_458' title='bbox 1215 561 1347 600; x_wconf 86' lang='lat' dir='ltr'>fiducia,</span> <span class='ocrx_word' id='word_1_459' title='bbox 1379 560 1462 601; x_wconf 83' lang='lat' dir='ltr'>quod</span> <span class='ocrx_word' id='word_1_460' title='bbox 1488 571 1546 591; x_wconf 84' lang='lat' dir='ltr'>nos</span> <span class='ocrx_word' id='word_1_461' title='bbox 1568 560 1721 591; x_wconf 73' lang='lat' dir='ltr'>Christus</span> <span class='ocrx_word' id='word_1_462' title='bbox 1746 571 1854 591; x_wconf 84' lang='lat' dir='ltr'>secum</span> <span class='ocrx_word' id='word_1_463' title='bbox 1879 561 2006 598; x_wconf 86' lang='lat' dir='ltr'>attollit,</span> <span class='ocrx_word' id='word_1_464' title='bbox 2030 562 2184 601; x_wconf 86' lang='lat' dir='ltr'>quemad-</span> 
     </span>
     <span class='ocr_line' id='line_1_67' title="bbox 1215 602 2184 645; baseline 0 -10"><span class='ocrx_word' id='word_1_465' title='bbox 1215 604 1345 635; x_wconf 86' lang='lat' dir='ltr'>modum</span> <span class='ocrx_word' id='word_1_466' title='bbox 1376 604 1451 634; x_wconf 84' lang='lat' dir='ltr'>dieit</span> <span class='ocrx_word' id='word_1_467' title='bbox 1482 603 1603 634; x_wconf 87' lang='lat' dir='ltr'>Paulus</span> <span class='ocrx_word' id='word_1_468' title='bbox 1638 602 1770 644; x_wconf 84' lang='lat' dir='ltr'>(Ephes.</span> <span class='ocrx_word' id='word_1_469' title='bbox 1803 603 1831 639; x_wconf 81' lang='lat'>2,</span> <span class='ocrx_word' id='word_1_470' title='bbox 1856 603 1905 645; x_wconf 83' lang='lat'>6),</span> <span class='ocrx_word' id='word_1_471' title='bbox 1936 604 1969 634; x_wconf 88' lang='lat' dir='ltr'>in</span> <span class='ocrx_word' id='word_1_472' title='bbox 1993 604 2184 636; x_wconf 85' lang='lat' dir='ltr'>coelestibus</span> 
     </span>
     <span class='ocr_line' id='line_1_68' title="bbox 1215 645 2184 686; baseline 0 -8"><span class='ocrx_word' id='word_1_473' title='bbox 1215 658 1273 678; x_wconf 91' lang='lat' dir='ltr'>nos</span> <span class='ocrx_word' id='word_1_474' title='bbox 1295 647 1461 678; x_wconf 84' lang='lat' dir='ltr'>considere</span> <span class='ocrx_word' id='word_1_475' title='bbox 1487 647 1517 676; x_wconf 91' lang='lat' dir='ltr'>in</span> <span class='ocrx_word' id='word_1_476' title='bbox 1542 645 1682 677; x_wconf 74' lang='lat' dir='ltr'>Christo.</span> <span class='ocrx_word' id='word_1_477' title='bbox 1729 646 1798 676; x_wconf 88' lang='lat' dir='ltr'>Iam</span> <span class='ocrx_word' id='word_1_478' title='bbox 1834 646 2011 686; x_wconf 84' lang='lat' dir='ltr'>quamlibet</span> <span class='ocrx_word' id='word_1_479' title='bbox 2034 647 2066 677; x_wconf 93' lang='lat' dir='ltr'>in</span> <span class='ocrx_word' id='word_1_480' title='bbox 2090 647 2184 678; x_wconf 83' lang='lat' dir='ltr'>nobis</span> 
     </span>
     <span class='ocr_line' id='line_1_69' title="bbox 1215 688 2183 728; baseline 0.001 -8"><span class='ocrx_word' id='word_1_481' title='bbox 1215 691 1315 721; x_wconf 86' lang='lat' dir='ltr'>simus</span> <span class='ocrx_word' id='word_1_482' title='bbox 1334 689 1462 726; x_wconf 79' lang='lat' dir='ltr'>debiles,</span> <span class='ocrx_word' id='word_1_483' title='bbox 1483 689 1558 719; x_wconf 89' lang='lat' dir='ltr'>hinc</span> <span class='ocrx_word' id='word_1_484' title='bbox 1579 694 1644 719; x_wconf 85' lang='lat' dir='ltr'>tota</span> <span class='ocrx_word' id='word_1_485' title='bbox 1664 694 1775 719; x_wconf 84' lang='lat' dir='ltr'>nostra</span> <span class='ocrx_word' id='word_1_486' title='bbox 1794 688 1956 726; x_wconf 88' lang='lat' dir='ltr'>fortitudo,</span> <span class='ocrx_word' id='word_1_487' title='bbox 1978 689 2062 728; x_wconf 88' lang='lat' dir='ltr'>quod</span> <span class='ocrx_word' id='word_1_488' title='bbox 2082 690 2183 721; x_wconf 87' lang='lat' dir='ltr'>simus</span> 
     </span>
     <span class='ocr_line' id='line_1_70' title="bbox 1214 731 2184 771; baseline 0 -8"><span class='ocrx_word' id='word_1_489' title='bbox 1214 733 1302 764; x_wconf 89' lang='lat' dir='ltr'>illius</span> <span class='ocrx_word' id='word_1_490' title='bbox 1325 743 1414 763; x_wconf 87' lang='lat' dir='ltr'>onus.</span> <span class='ocrx_word' id='word_1_491' title='bbox 1453 732 1539 771; x_wconf 83' lang='lat' dir='ltr'>Ergo</span> <span class='ocrx_word' id='word_1_492' title='bbox 1565 732 1597 762; x_wconf 90' lang='lat' dir='ltr'>in</span> <span class='ocrx_word' id='word_1_493' title='bbox 1623 731 1723 762; x_wconf 88' lang='lat' dir='ltr'>veteri</span> <span class='ocrx_word' id='word_1_494' title='bbox 1748 731 1803 762; x_wconf 88' lang='lat' dir='ltr'>illa</span> <span class='ocrx_word' id='word_1_495' title='bbox 1827 732 1930 771; x_wconf 76' lang='lat' dir='ltr'>figura</span> <span class='ocrx_word' id='word_1_496' title='bbox 1955 731 2184 763; x_wconf 86' lang='lat' dir='ltr'>adumbratum</span> 
     </span>
     <span class='ocr_line' id='line_1_71' title="bbox 1217 773 2182 816; baseline 0 -10"><span class='ocrx_word' id='word_1_497' title='bbox 1217 775 1275 806; x_wconf 82' lang='lat' dir='ltr'>suit</span> <span class='ocrx_word' id='word_1_498' title='bbox 1304 775 1386 815; x_wconf 86' lang='lat' dir='ltr'>quod</span> <span class='ocrx_word' id='word_1_499' title='bbox 1417 774 1507 805; x_wconf 84' lang='lat' dir='ltr'>docet</span> <span class='ocrx_word' id='word_1_500' title='bbox 1542 774 1664 805; x_wconf 82' lang='lat' dir='ltr'>Paulus</span> <span class='ocrx_word' id='word_1_501' title='bbox 1699 773 1834 815; x_wconf 84' lang='lat' dir='ltr'>(Ephes.</span> <span class='ocrx_word' id='word_1_502' title='bbox 1861 775 1887 810; x_wconf 89' lang='lat'>1,</span> <span class='ocrx_word' id='word_1_503' title='bbox 1918 774 1981 816; x_wconf 74' lang='lat'>23),</span> <span class='ocrx_word' id='word_1_504' title='bbox 2014 775 2182 806; x_wconf 85' lang='lat' dir='ltr'>eeclesiam</span> 
     </span>
     <span class='ocr_line' id='line_1_72' title="bbox 1216 816 2184 858; baseline 0 -9"><span class='ocrx_word' id='word_1_505' title='bbox 1216 828 1285 849; x_wconf 81' lang='lat' dir='ltr'>esse</span> <span class='ocrx_word' id='word_1_506' title='bbox 1308 829 1422 857; x_wconf 82' lang='lat' dir='ltr'>corpus</span> <span class='ocrx_word' id='word_1_507' title='bbox 1447 817 1568 848; x_wconf 83' lang='lat' dir='ltr'>Christi</span> <span class='ocrx_word' id='word_1_508' title='bbox 1593 824 1622 848; x_wconf 80' lang='lat' dir='ltr'>cr</span> <span class='ocrx_word' id='word_1_509' title='bbox 1646 817 1716 848; x_wconf 87' lang='lat' dir='ltr'>eius</span> <span class='ocrx_word' id='word_1_510' title='bbox 1741 816 1986 856; x_wconf 86' lang='lat' dir='ltr'>plenitudinem.</span> <span class='ocrx_word' id='word_1_511' title='bbox 2026 817 2184 858; x_wconf 81' lang='lat' dir='ltr'>Superest</span> 
     </span>
     <span class='ocr_line' id='line_1_73' title="bbox 1216 860 2184 900; baseline 0 -9"><span class='ocrx_word' id='word_1_512' title='bbox 1216 866 1251 891; x_wconf 89' lang='lat' dir='ltr'>ut</span> <span class='ocrx_word' id='word_1_513' title='bbox 1281 861 1414 900; x_wconf 85' lang='lat' dir='ltr'>quisquc</span> <span class='ocrx_word' id='word_1_514' title='bbox 1447 865 1591 891; x_wconf 84' lang='lat' dir='ltr'>nostrum</span> <span class='ocrx_word' id='word_1_515' title='bbox 1621 860 1770 900; x_wconf 84' lang='lat' dir='ltr'>propriae</span> <span class='ocrx_word' id='word_1_516' title='bbox 1799 860 2000 891; x_wconf 85' lang='lat' dir='ltr'>infirmitatis</span> <span class='ocrx_word' id='word_1_517' title='bbox 2034 861 2184 892; x_wconf 87' lang='lat' dir='ltr'>conscius</span> 
     </span>
     <span class='ocr_line' id='line_1_74' title="bbox 1215 903 2184 943; baseline 0.001 -9"><span class='ocrx_word' id='word_1_518' title='bbox 1215 904 1248 934; x_wconf 90' lang='lat' dir='ltr'>in</span> <span class='ocrx_word' id='word_1_519' title='bbox 1279 904 1446 934; x_wconf 77' lang='lat' dir='ltr'>Christum</span> <span class='ocrx_word' id='word_1_520' title='bbox 1479 903 1658 934; x_wconf 85' lang='lat' dir='ltr'>recumbat:</span> <span class='ocrx_word' id='word_1_521' title='bbox 1694 903 1768 942; x_wconf 76' lang='lat' dir='ltr'>quia</span> <span class='ocrx_word' id='word_1_522' title='bbox 1792 903 1890 933; x_wconf 83' lang='lat' dir='ltr'>stulta</span> <span class='ocrx_word' id='word_1_523' title='bbox 1914 904 2099 943; x_wconf 84' lang='lat' dir='ltr'>arrogantia</span> <span class='ocrx_word' id='word_1_524' title='bbox 2126 913 2184 935; x_wconf 81' lang='lat' dir='ltr'>nos</span> 
     </span>
     <span class='ocr_line' id='line_1_75' title="bbox 1216 945 2184 986; baseline -0.001 -9"><span class='ocrx_word' id='word_1_525' title='bbox 1216 946 1388 982; x_wconf 73' lang='lat' dir='ltr'>efferendo=</span> <span class='ocrx_word' id='word_1_526' title='bbox 1410 957 1473 976; x_wconf 77' lang='lat' dir='ltr'>non</span> <span class='ocrx_word' id='word_1_527' title='bbox 1494 946 1635 985; x_wconf 83' lang='lat' dir='ltr'>patimur</span> <span class='ocrx_word' id='word_1_528' title='bbox 1654 946 1692 976; x_wconf 87' lang='lat' dir='ltr'>ab</span> <span class='ocrx_word' id='word_1_529' title='bbox 1710 946 1778 986; x_wconf 85' lang='lat' dir='ltr'>ipso</span> <span class='ocrx_word' id='word_1_530' title='bbox 1792 945 1905 981; x_wconf 86' lang='lat' dir='ltr'>attolli,</span> <span class='ocrx_word' id='word_1_531' title='bbox 1927 946 2057 985; x_wconf 85' lang='lat' dir='ltr'>portari,</span> <span class='ocrx_word' id='word_1_532' title='bbox 2077 951 2110 977; x_wconf 84' lang='lat' dir='ltr'>et</span> <span class='ocrx_word' id='word_1_533' title='bbox 2122 945 2184 977; x_wconf 87' lang='lat' dir='ltr'>ful-</span> 
     </span>
     <span class='ocr_line' id='line_1_76' title="bbox 1187 987 2184 1029; baseline 0 -10"><span class='ocrx_word' id='word_1_534' title='bbox 1187 1011 1190 1027; x_wconf 81' lang='lat'><em>,</em></span> <span class='ocrx_word' id='word_1_535' title='bbox 1215 989 1273 1020; x_wconf 89' lang='lat' dir='ltr'>ciri</span> <span class='ocrx_word' id='word_1_536' title='bbox 1293 990 1360 1019; x_wconf 86' lang='lat' dir='ltr'>eius</span> <span class='ocrx_word' id='word_1_537' title='bbox 1381 989 1508 1019; x_wconf 72' lang='lat' dir='ltr'>virtute.</span> <span class='ocrx_word' id='word_1_538' title='bbox 1535 988 1689 1019; x_wconf 71' lang='lat' dir='ltr'>Sin-amus</span> <span class='ocrx_word' id='word_1_539' title='bbox 1713 998 1791 1029; x_wconf 82' lang='lat' dir='ltr'>ergo</span> <span class='ocrx_word' id='word_1_540' title='bbox 1815 987 1986 1028; x_wconf 84' lang='lat' dir='ltr'>superbos,</span> <span class='ocrx_word' id='word_1_541' title='bbox 2019 999 2052 1020; x_wconf 80' lang='lat' dir='ltr'>se</span> <span class='ocrx_word' id='word_1_542' title='bbox 2075 989 2108 1019; x_wconf 89' lang='lat' dir='ltr'>in</span> <span class='ocrx_word' id='word_1_543' title='bbox 2132 999 2184 1020; x_wconf 90' lang='lat' dir='ltr'>su-</span> 
     </span>
     <span class='ocr_line' id='line_1_77' title="bbox 1216 1030 2185 1072; baseline 0 -10"><span class='ocrx_word' id='word_1_544' title='bbox 1216 1031 1311 1062; x_wconf 87' lang='lat' dir='ltr'>blime</span> <span class='ocrx_word' id='word_1_545' title='bbox 1336 1031 1485 1067; x_wconf 84' lang='lat' dir='ltr'>tollendo,</span> <span class='ocrx_word' id='word_1_546' title='bbox 1509 1043 1602 1062; x_wconf 88' lang='lat' dir='ltr'>ruerc</span> <span class='ocrx_word' id='word_1_547' title='bbox 1626 1032 1827 1072; x_wconf 79' lang='lat' dir='ltr'>praecipites,</span> <span class='ocrx_word' id='word_1_548' title='bbox 1852 1035 1887 1062; x_wconf 84' lang='lat' dir='ltr'>nt</span> <span class='ocrx_word' id='word_1_549' title='bbox 1906 1041 1964 1062; x_wconf 89' lang='lat' dir='ltr'>nos</span> <span class='ocrx_word' id='word_1_550' title='bbox 1979 1030 2131 1062; x_wconf 85' lang='lat' dir='ltr'>Christus</span> <span class='ocrx_word' id='word_1_551' title='bbox 2150 1031 2185 1062; x_wconf 89' lang='lat' dir='ltr'>in</span> 
     </span>
     <span class='ocr_line' id='line_1_78' title="bbox 1215 1073 2186 1114; baseline 0 -9"><span class='ocrx_word' id='word_1_552' title='bbox 1215 1074 1368 1105; x_wconf 83' lang='lat' dir='ltr'>humeros</span> <span class='ocrx_word' id='word_1_553' title='bbox 1396 1085 1470 1105; x_wconf 71' lang='lat' dir='ltr'>suos</span> <span class='ocrx_word' id='word_1_554' title='bbox 1498 1075 1661 1113; x_wconf 79' lang='lat' dir='ltr'>suscipiat.</span> <span class='ocrx_word' id='word_1_555' title='bbox 1718 1074 1888 1105; x_wconf 85' lang='lat' dir='ltr'>Vocantur</span> <span class='ocrx_word' id='word_1_556' title='bbox 1923 1079 2030 1105; x_wconf 83' lang='lat' dir='ltr'>autem</span> <span class='ocrx_word' id='word_1_557' title='bbox 2062 1073 2186 1114; x_wconf 84' lang='lat' dir='ltr'>lapides</span> 
     </span>
     <span class='ocr_line' id='line_1_79' title="bbox 1216 1116 2187 1155; baseline 0.001 -8"><span class='ocrx_word' id='word_1_558' title='bbox 1216 1117 1406 1155; x_wconf 67' lang='lat' dir='ltr'>memoriae,</span> <span class='ocrx_word' id='word_1_559' title='bbox 1441 1116 1555 1147; x_wconf 85' lang='lat' dir='ltr'>deinde</span> <span class='ocrx_word' id='word_1_560' title='bbox 1580 1116 1619 1147; x_wconf 83' lang='lat' dir='ltr'>ad</span> <span class='ocrx_word' id='word_1_561' title='bbox 1643 1117 1832 1147; x_wconf 86' lang='lat' dir='ltr'>memoriam</span> <span class='ocrx_word' id='word_1_562' title='bbox 1857 1116 1932 1147; x_wconf 88' lang='lat' dir='ltr'>filiis</span> <span class='ocrx_word' id='word_1_563' title='bbox 1956 1117 2071 1148; x_wconf 87' lang='lat' dir='ltr'>Israel:</span> <span class='ocrx_word' id='word_1_564' title='bbox 2103 1117 2187 1148; x_wconf 85' lang='lat' dir='ltr'>sicut</span> 
     </span>
     <span class='ocr_line' id='line_1_80' title="bbox 1215 1159 2186 1200; baseline -0.001 -9"><span class='ocrx_word' id='word_1_565' title='bbox 1215 1165 1326 1200; x_wconf 83' lang='lat' dir='ltr'>postea</span> <span class='ocrx_word' id='word_1_566' title='bbox 1349 1160 1434 1190; x_wconf 86' lang='lat' dir='ltr'>idem</span> <span class='ocrx_word' id='word_1_567' title='bbox 1459 1159 1497 1190; x_wconf 85' lang='lat' dir='ltr'>de</span> <span class='ocrx_word' id='word_1_568' title='bbox 1522 1160 1684 1199; x_wconf 88' lang='lat' dir='ltr'>lapidibus</span> <span class='ocrx_word' id='word_1_569' title='bbox 1706 1159 1876 1191; x_wconf 88' lang='lat' dir='ltr'>duodecim</span> <span class='ocrx_word' id='word_1_570' title='bbox 1897 1160 2067 1199; x_wconf 85' lang='lat' dir='ltr'>repetitur,</span> <span class='ocrx_word' id='word_1_571' title='bbox 2100 1159 2186 1200; x_wconf 89' lang='lat' dir='ltr'>quod</span> 
     </span>
     <span class='ocr_line' id='line_1_81' title="bbox 1215 1202 2185 1242; baseline 0.001 -9"><span class='ocrx_word' id='word_1_572' title='bbox 1215 1203 1343 1242; x_wconf 88' lang='lat' dir='ltr'>quidem</span> <span class='ocrx_word' id='word_1_573' title='bbox 1368 1208 1536 1242; x_wconf 82' lang='lat' dir='ltr'>exponunt</span> <span class='ocrx_word' id='word_1_574' title='bbox 1559 1203 1665 1242; x_wconf 86' lang='lat' dir='ltr'>aliqui,</span> <span class='ocrx_word' id='word_1_575' title='bbox 1691 1208 1727 1233; x_wconf 88' lang='lat' dir='ltr'>ut</span> <span class='ocrx_word' id='word_1_576' title='bbox 1742 1202 1829 1233; x_wconf 86' lang='lat' dir='ltr'>Deus</span> <span class='ocrx_word' id='word_1_577' title='bbox 1854 1203 1895 1233; x_wconf 87' lang='lat' dir='ltr'>sit</span> <span class='ocrx_word' id='word_1_578' title='bbox 1908 1213 2030 1233; x_wconf 89' lang='lat' dir='ltr'>memor</span> <span class='ocrx_word' id='word_1_579' title='bbox 2043 1202 2185 1234; x_wconf 89' lang='lat' dir='ltr'>filiorum</span> 
     </span>
     <span class='ocr_line' id='line_1_82' title="bbox 1215 1245 2186 1285; baseline 0 -9"><span class='ocrx_word' id='word_1_580' title='bbox 1215 1245 1333 1276; x_wconf 86' lang='lat' dir='ltr'>Israel:</span> <span class='ocrx_word' id='word_1_581' title='bbox 1358 1245 1421 1283; x_wconf 86' lang='lat' dir='ltr'>alii,</span> <span class='ocrx_word' id='word_1_582' title='bbox 1446 1253 1482 1276; x_wconf 90' lang='lat' dir='ltr'>ut</span> <span class='ocrx_word' id='word_1_583' title='bbox 1497 1245 1644 1277; x_wconf 85' lang='lat' dir='ltr'>sacerdos</span> <span class='ocrx_word' id='word_1_584' title='bbox 1668 1246 1735 1285; x_wconf 87' lang='lat' dir='ltr'>ipse</span> <span class='ocrx_word' id='word_1_585' title='bbox 1759 1256 1882 1276; x_wconf 89' lang='lat' dir='ltr'>memor</span> <span class='ocrx_word' id='word_1_586' title='bbox 1901 1245 1956 1276; x_wconf 87' lang='lat' dir='ltr'>sit:</span> <span class='ocrx_word' id='word_1_587' title='bbox 1981 1245 2044 1283; x_wconf 85' lang='lat' dir='ltr'>alii,</span> <span class='ocrx_word' id='word_1_588' title='bbox 2065 1250 2100 1276; x_wconf 91' lang='lat' dir='ltr'>ut</span> <span class='ocrx_word' id='word_1_589' title='bbox 2126 1245 2186 1276; x_wconf 86' lang='lat' dir='ltr'>filii</span> 
     </span>
     <span class='ocr_line' id='line_1_83' title="bbox 1188 1288 2185 1328; baseline 0 -9"><span class='ocrx_word' id='word_1_590' title='bbox 1188 1293 1191 1318; x_wconf 81' lang='lat' dir='ltr'>l</span> <span class='ocrx_word' id='word_1_591' title='bbox 1216 1288 1314 1319; x_wconf 86' lang='lat' dir='ltr'>Israel</span> <span class='ocrx_word' id='word_1_592' title='bbox 1340 1289 1398 1319; x_wconf 87' lang='lat' dir='ltr'>sibi</span> <span class='ocrx_word' id='word_1_593' title='bbox 1424 1289 1529 1319; x_wconf 84' lang='lat' dir='ltr'>Deum</span> <span class='ocrx_word' id='word_1_594' title='bbox 1555 1288 1721 1328; x_wconf 83' lang='lat' dir='ltr'>propitiari</span> <span class='ocrx_word' id='word_1_595' title='bbox 1746 1288 1966 1326; x_wconf 85' lang='lat' dir='ltr'>recordentur,</span> <span class='ocrx_word' id='word_1_596' title='bbox 1999 1289 2096 1319; x_wconf 79' lang='lat' dir='ltr'>unius</span> <span class='ocrx_word' id='word_1_597' title='bbox 2119 1299 2185 1319; x_wconf 86' lang='lat' dir='ltr'>me-</span> 
     </span>
     <span class='ocr_line' id='line_1_84' title="bbox 1216 1330 2184 1371; baseline 0 -10"><span class='ocrx_word' id='word_1_598' title='bbox 1216 1330 1347 1361; x_wconf 83' lang='lat' dir='ltr'>diatoris</span> <span class='ocrx_word' id='word_1_599' title='bbox 1371 1331 1484 1371; x_wconf 83' lang='lat' dir='ltr'>gratia.</span> <span class='ocrx_word' id='word_1_600' title='bbox 1528 1331 1650 1362; x_wconf 84' lang='lat' dir='ltr'>Verum</span> <span class='ocrx_word' id='word_1_601' title='bbox 1675 1341 1735 1371; x_wconf 79' lang='lat' dir='ltr'>ego</span> <span class='ocrx_word' id='word_1_602' title='bbox 1759 1331 1948 1371; x_wconf 88' lang='lat' dir='ltr'>simpliciter</span> <span class='ocrx_word' id='word_1_603' title='bbox 1971 1331 2184 1371; x_wconf 85' lang='lat' dir='ltr'>interpretor:</span> 
     </span>
     <span class='ocr_line' id='line_1_85' title="bbox 1216 1373 2186 1405; baseline 0 -1"><span class='ocrx_word' id='word_1_604' title='bbox 1216 1378 1463 1404; x_wconf 88' lang='lat' dir='ltr'>monumentum</span> <span class='ocrx_word' id='word_1_605' title='bbox 1500 1374 1722 1405; x_wconf 83' lang='lat' dir='ltr'>conventionis</span> <span class='ocrx_word' id='word_1_606' title='bbox 1746 1378 1878 1405; x_wconf 88' lang='lat' dir='ltr'>mutuae</span> <span class='ocrx_word' id='word_1_607' title='bbox 1901 1374 1986 1405; x_wconf 87' lang='lat' dir='ltr'>inter</span> <span class='ocrx_word' id='word_1_608' title='bbox 2015 1373 2122 1405; x_wconf 90' lang='lat' dir='ltr'>Deum</span> <span class='ocrx_word' id='word_1_609' title='bbox 2153 1380 2186 1404; x_wconf 88' lang='lat' dir='ltr'>et</span> 
     </span>
     <span class='ocr_line' id='line_1_86' title="bbox 1215 1415 2185 1457; baseline 0 -10"><span class='ocrx_word' id='word_1_610' title='bbox 1215 1417 1317 1456; x_wconf 88' lang='lat' dir='ltr'>ipsos:</span> <span class='ocrx_word' id='word_1_611' title='bbox 1352 1428 1389 1448; x_wconf 85' lang='lat' dir='ltr'>ac</span> <span class='ocrx_word' id='word_1_612' title='bbox 1413 1417 1438 1448; x_wconf 86' lang='lat' dir='ltr'>si</span> <span class='ocrx_word' id='word_1_613' title='bbox 1463 1417 1581 1447; x_wconf 85' lang='lat' dir='ltr'>visibili</span> <span class='ocrx_word' id='word_1_614' title='bbox 1603 1417 1697 1457; x_wconf 79' lang='lat' dir='ltr'>signo</span> <span class='ocrx_word' id='word_1_615' title='bbox 1721 1415 1906 1448; x_wconf 85' lang='lat' dir='ltr'>ostenderet</span> <span class='ocrx_word' id='word_1_616' title='bbox 1933 1416 2039 1452; x_wconf 89' lang='lat' dir='ltr'>Deus,</span> <span class='ocrx_word' id='word_1_617' title='bbox 2068 1427 2101 1448; x_wconf 90' lang='lat' dir='ltr'>se</span> <span class='ocrx_word' id='word_1_618' title='bbox 2131 1426 2185 1448; x_wconf 89' lang='lat' dir='ltr'>eos</span> 
     </span>
     <span class='ocr_line' id='line_1_87' title="bbox 1216 1459 2184 1499; baseline -0.001 -8"><span class='ocrx_word' id='word_1_619' title='bbox 1216 1459 1401 1499; x_wconf 83' lang='lat' dir='ltr'>complecti,</span> <span class='ocrx_word' id='word_1_620' title='bbox 1430 1464 1462 1490; x_wconf 88' lang='lat' dir='ltr'>et</span> <span class='ocrx_word' id='word_1_621' title='bbox 1492 1460 1713 1490; x_wconf 82' lang='lat' dir='ltr'>sanctuarium</span> <span class='ocrx_word' id='word_1_622' title='bbox 1745 1471 1840 1491; x_wconf 87' lang='lat' dir='ltr'>suum</span> <span class='ocrx_word' id='word_1_623' title='bbox 1872 1459 2028 1499; x_wconf 87' lang='lat' dir='ltr'>recipere,</span> <span class='ocrx_word' id='word_1_624' title='bbox 2059 1459 2184 1499; x_wconf 81' lang='lat' dir='ltr'>quoties</span> 
     </span>
     <span class='ocr_line' id='line_1_88' title="bbox 1216 1502 1650 1534; baseline 0.002 -2"><span class='ocrx_word' id='word_1_625' title='bbox 1216 1502 1271 1533; x_wconf 91' lang='lat' dir='ltr'>illo</span> <span class='ocrx_word' id='word_1_626' title='bbox 1296 1502 1388 1533; x_wconf 88' lang='lat' dir='ltr'>modo</span> <span class='ocrx_word' id='word_1_627' title='bbox 1412 1502 1511 1533; x_wconf 89' lang='lat' dir='ltr'>oblati</span> <span class='ocrx_word' id='word_1_628' title='bbox 1535 1508 1650 1534; x_wconf 79' lang='lat' dir='ltr'>essent.</span> 
     </span>
    </p>

    <p class='ocr_par' dir='ltr' id='par_1_11' title="bbox 1216 1544 2186 2099">
     <span class='ocr_line' id='line_1_89' title="bbox 1301 1544 2184 1585; baseline 0.001 -10"><span class='ocrx_word' id='word_1_629' title='bbox 1301 1545 1351 1576; x_wconf 84' lang='lat'>30.</span> <span class='ocrx_word' id='word_1_630' title='bbox 1379 1544 1479 1575; x_wconf 72' lang='lat' dir='ltr'>Penes</span> <span class='ocrx_word' id='word_1_631' title='bbox 1509 1548 1610 1576; x_wconf 60' lang='lat' dir='ltr'>(tidem</span> <span class='ocrx_word' id='word_1_632' title='bbox 1640 1546 1670 1576; x_wconf 72' lang='lat' dir='ltr'>in</span> <span class='ocrx_word' id='word_1_633' title='bbox 1702 1545 1860 1585; x_wconf 71' lang='lat' dir='ltr'>pectorali.</span> <span class='ocrx_word' id='word_1_634' title='bbox 1913 1545 1964 1576; x_wconf 81' lang='lat' dir='ltr'>Ex</span> <span class='ocrx_word' id='word_1_635' title='bbox 1996 1545 2046 1576; x_wconf 87' lang='lat' dir='ltr'>his</span> <span class='ocrx_word' id='word_1_636' title='bbox 2077 1545 2184 1576; x_wconf 81' lang='lat' dir='ltr'>verbis</span> 
     </span>
     <span class='ocr_line' id='line_1_90' title="bbox 1217 1587 2185 1628; baseline 0 -10"><span class='ocrx_word' id='word_1_637' title='bbox 1217 1587 1347 1628; x_wconf 89' lang='lat' dir='ltr'>quidam</span> <span class='ocrx_word' id='word_1_638' title='bbox 1372 1588 1528 1627; x_wconf 78' lang='lat' dir='ltr'>eolligunt</span> <span class='ocrx_word' id='word_1_639' title='bbox 1553 1588 1643 1620; x_wconf 85' lang='lat' dir='ltr'>Urim</span> <span class='ocrx_word' id='word_1_640' title='bbox 1669 1594 1701 1619; x_wconf 87' lang='lat' dir='ltr'>et</span> <span class='ocrx_word' id='word_1_641' title='bbox 1720 1588 1908 1618; x_wconf 84' lang='lat' dir='ltr'>Thummim</span> <span class='ocrx_word' id='word_1_642' title='bbox 1933 1589 2031 1619; x_wconf 83' lang='lat' dir='ltr'>fuisse</span> <span class='ocrx_word' id='word_1_643' title='bbox 2056 1587 2185 1619; x_wconf 81' lang='lat' dir='ltr'>diversa</span> 
     </span>
     <span class='ocr_line' id='line_1_91' title="bbox 1217 1630 2186 1671; baseline 0 -10"><span class='ocrx_word' id='word_1_644' title='bbox 1217 1642 1235 1662; x_wconf 85' lang='lat' dir='ltr'>a</span> <span class='ocrx_word' id='word_1_645' title='bbox 1255 1636 1318 1661; x_wconf 87' lang='lat' dir='ltr'>toto</span> <span class='ocrx_word' id='word_1_646' title='bbox 1342 1631 1477 1662; x_wconf 83' lang='lat' dir='ltr'>artificio</span> <span class='ocrx_word' id='word_1_647' title='bbox 1497 1630 1582 1670; x_wconf 79' lang='lat' dir='ltr'>quod</span> <span class='ocrx_word' id='word_1_648' title='bbox 1602 1638 1675 1662; x_wconf 85' lang='lat' dir='ltr'>ante</span> <span class='ocrx_word' id='word_1_649' title='bbox 1695 1631 1893 1671; x_wconf 83' lang='lat' dir='ltr'>descriptum</span> <span class='ocrx_word' id='word_1_650' title='bbox 1914 1635 1971 1662; x_wconf 88' lang='lat' dir='ltr'>est.</span> <span class='ocrx_word' id='word_1_651' title='bbox 2007 1630 2082 1668; x_wconf 89' lang='lat' dir='ltr'>Alii,</span> <span class='ocrx_word' id='word_1_652' title='bbox 2107 1640 2186 1671; x_wconf 87' lang='lat' dir='ltr'>quo-</span> 
     </span>
     <span class='ocr_line' id='line_1_92' title="bbox 1217 1673 2185 1712; baseline 0 -8"><span class='ocrx_word' id='word_1_653' title='bbox 1217 1674 1304 1704; x_wconf 85' lang='lat' dir='ltr'>niam</span> <span class='ocrx_word' id='word_1_654' title='bbox 1335 1673 1423 1704; x_wconf 80' lang='lat' dir='ltr'>nulla</span> <span class='ocrx_word' id='word_1_655' title='bbox 1453 1673 1568 1704; x_wconf 89' lang='lat' dir='ltr'>deinde</span> <span class='ocrx_word' id='word_1_656' title='bbox 1593 1674 1647 1705; x_wconf 88' lang='lat' dir='ltr'>fiet</span> <span class='ocrx_word' id='word_1_657' title='bbox 1670 1675 1790 1705; x_wconf 87' lang='lat' dir='ltr'>mentio</span> <span class='ocrx_word' id='word_1_658' title='bbox 1814 1674 1907 1706; x_wconf 89' lang='lat' dir='ltr'>Urim</span> <span class='ocrx_word' id='word_1_659' title='bbox 1932 1677 1963 1704; x_wconf 85' lang='lat' dir='ltr'>et</span> <span class='ocrx_word' id='word_1_660' title='bbox 1987 1673 2185 1712; x_wconf 80' lang='lat' dir='ltr'>Thummim,</span> 
     </span>
     <span class='ocr_line' id='line_1_93' title="bbox 1216 1716 2185 1756; baseline 0.001 -10"><span class='ocrx_word' id='word_1_661' title='bbox 1216 1716 1270 1747; x_wconf 91' lang='lat' dir='ltr'>ubi</span> <span class='ocrx_word' id='word_1_662' title='bbox 1299 1716 1444 1747; x_wconf 83' lang='lat' dir='ltr'>narrabit</span> <span class='ocrx_word' id='word_1_663' title='bbox 1476 1717 1583 1747; x_wconf 83' lang='lat' dir='ltr'>Moses</span> <span class='ocrx_word' id='word_1_664' title='bbox 1613 1727 1693 1756; x_wconf 85' lang='lat' dir='ltr'>opus</span> <span class='ocrx_word' id='word_1_665' title='bbox 1723 1717 1822 1748; x_wconf 84' lang='lat' dir='ltr'>fuisse</span> <span class='ocrx_word' id='word_1_666' title='bbox 1845 1717 2051 1756; x_wconf 87' lang='lat' dir='ltr'>completum,</span> <span class='ocrx_word' id='word_1_667' title='bbox 2075 1716 2185 1748; x_wconf 85' lang='lat' dir='ltr'>existi—</span> 
     </span>
     <span class='ocr_line' id='line_1_94' title="bbox 1216 1759 2185 1800; baseline 0.001 -11"><span class='ocrx_word' id='word_1_668' title='bbox 1216 1766 1305 1790; x_wconf 84' lang='lat' dir='ltr'>mant</span> <span class='ocrx_word' id='word_1_669' title='bbox 1335 1759 1432 1790; x_wconf 85' lang='lat' dir='ltr'>fuisse</span> <span class='ocrx_word' id='word_1_670' title='bbox 1463 1759 1631 1790; x_wconf 84' lang='lat' dir='ltr'>duodecim</span> <span class='ocrx_word' id='word_1_671' title='bbox 1661 1759 1792 1799; x_wconf 85' lang='lat' dir='ltr'>lapides.</span> <span class='ocrx_word' id='word_1_672' title='bbox 1846 1759 1946 1800; x_wconf 85' lang='lat' dir='ltr'>Atqui</span> <span class='ocrx_word' id='word_1_673' title='bbox 1971 1759 2051 1790; x_wconf 82' lang='lat' dir='ltr'>nihil</span> <span class='ocrx_word' id='word_1_674' title='bbox 2081 1759 2185 1800; x_wconf 84' lang='lat' dir='ltr'>magis</span> 
     </span>
     <span class='ocr_line' id='line_1_95' title="bbox 1216 1801 2186 1843; baseline 0 -10"><span class='ocrx_word' id='word_1_675' title='bbox 1216 1807 1468 1833; x_wconf 82' lang='lat' dir='ltr'>consentaneum</span> <span class='ocrx_word' id='word_1_676' title='bbox 1492 1801 1541 1843; x_wconf 86' lang='lat' dir='ltr'>(ut</span> <span class='ocrx_word' id='word_1_677' title='bbox 1564 1807 1639 1832; x_wconf 83' lang='lat' dir='ltr'>ante</span> <span class='ocrx_word' id='word_1_678' title='bbox 1664 1802 1743 1843; x_wconf 85' lang='lat' dir='ltr'>dixi)</span> <span class='ocrx_word' id='word_1_679' title='bbox 1768 1813 1865 1842; x_wconf 89' lang='lat' dir='ltr'>quam</span> <span class='ocrx_word' id='word_1_680' title='bbox 1889 1803 2011 1843; x_wconf 86' lang='lat' dir='ltr'>inipso</span> <span class='ocrx_word' id='word_1_681' title='bbox 2032 1802 2186 1842; x_wconf 80' lang='lat' dir='ltr'>pectorali</span> 
     </span>
     <span class='ocr_line' id='line_1_96' title="bbox 1216 1845 2185 1885; baseline 0 -9"><span class='ocrx_word' id='word_1_682' title='bbox 1216 1855 1402 1885; x_wconf 82' lang='lat' dir='ltr'>expressam</span> <span class='ocrx_word' id='word_1_683' title='bbox 1426 1845 1524 1876; x_wconf 88' lang='lat' dir='ltr'>fuisse</span> <span class='ocrx_word' id='word_1_684' title='bbox 1555 1845 1696 1885; x_wconf 81' lang='lat' dir='ltr'>effigiem</span> <span class='ocrx_word' id='word_1_685' title='bbox 1726 1845 1806 1876; x_wconf 83' lang='lat' dir='ltr'>lueis</span> <span class='ocrx_word' id='word_1_686' title='bbox 1837 1846 1869 1876; x_wconf 87' lang='lat' dir='ltr'>in</span> <span class='ocrx_word' id='word_1_687' title='bbox 1895 1845 2055 1882; x_wconf 85' lang='lat' dir='ltr'>doctrina,</span> <span class='ocrx_word' id='word_1_688' title='bbox 2091 1848 2123 1876; x_wconf 83' lang='lat' dir='ltr'>et</span> <span class='ocrx_word' id='word_1_689' title='bbox 2151 1845 2185 1876; x_wconf 90' lang='lat' dir='ltr'>in</span> 
     </span>
     <span class='ocr_line' id='line_1_97' title="bbox 1217 1887 2186 1928; baseline 0.001 -10"><span class='ocrx_word' id='word_1_690' title='bbox 1217 1889 1283 1919; x_wconf 86' lang='lat' dir='ltr'>vita</span> <span class='ocrx_word' id='word_1_691' title='bbox 1313 1898 1459 1918; x_wconf 87' lang='lat' dir='ltr'>summae</span> <span class='ocrx_word' id='word_1_692' title='bbox 1492 1888 1705 1919; x_wconf 87' lang='lat' dir='ltr'>rectitudinis.</span> <span class='ocrx_word' id='word_1_693' title='bbox 1752 1887 1828 1919; x_wconf 86' lang='lat' dir='ltr'>Ideo</span> <span class='ocrx_word' id='word_1_694' title='bbox 1860 1889 1983 1926; x_wconf 86' lang='lat' dir='ltr'>Moses,</span> <span class='ocrx_word' id='word_1_695' title='bbox 2013 1893 2186 1928; x_wconf 89' lang='lat' dir='ltr'>postquam</span> 
     </span>
     <span class='ocr_line' id='line_1_98' title="bbox 1218 1930 2186 1970; baseline 0 -9"><span class='ocrx_word' id='word_1_696' title='bbox 1218 1931 1344 1962; x_wconf 84' lang='lat' dir='ltr'>vocavit</span> <span class='ocrx_word' id='word_1_697' title='bbox 1367 1931 1526 1970; x_wconf 81' lang='lat' dir='ltr'>pectorale</span> <span class='ocrx_word' id='word_1_698' title='bbox 1550 1930 1667 1967; x_wconf 73' lang='lat' dir='ltr'>iudicii,</span> <span class='ocrx_word' id='word_1_699' title='bbox 1698 1931 1844 1962; x_wconf 86' lang='lat' dir='ltr'>nominat</span> <span class='ocrx_word' id='word_1_700' title='bbox 1866 1931 2019 1962; x_wconf 86' lang='lat' dir='ltr'>iudicium</span> <span class='ocrx_word' id='word_1_701' title='bbox 2044 1930 2186 1962; x_wconf 87' lang='lat' dir='ltr'>filiorum</span> 
     </span>
     <span class='ocr_line' id='line_1_99' title="bbox 1217 1973 2186 2013; baseline 0.001 -9"><span class='ocrx_word' id='word_1_702' title='bbox 1217 1973 1329 2004; x_wconf 79' lang='lat' dir='ltr'>Israel.</span> <span class='ocrx_word' id='word_1_703' title='bbox 1376 1973 1450 2012; x_wconf 80' lang='lat' dir='ltr'>Qua</span> <span class='ocrx_word' id='word_1_704' title='bbox 1475 1984 1549 2004; x_wconf 88' lang='lat' dir='ltr'>voce</span> <span class='ocrx_word' id='word_1_705' title='bbox 1574 1973 1726 2013; x_wconf 81' lang='lat' dir='ltr'>intelligit</span> <span class='ocrx_word' id='word_1_706' title='bbox 1749 1980 1871 2005; x_wconf 86' lang='lat' dir='ltr'>certam</span> <span class='ocrx_word' id='word_1_707' title='bbox 1896 1981 1927 2005; x_wconf 88' lang='lat' dir='ltr'>et</span> <span class='ocrx_word' id='word_1_708' title='bbox 1946 1973 2112 2004; x_wconf 88' lang='lat' dir='ltr'>definitam</span> <span class='ocrx_word' id='word_1_709' title='bbox 2134 1984 2186 2005; x_wconf 85' lang='lat' dir='ltr'>ra-</span> 
     </span>
     <span class='ocr_line' id='line_1_100' title="bbox 1217 2015 2186 2057; baseline 0.001 -11"><span class='ocrx_word' id='word_1_710' title='bbox 1217 2017 1348 2048; x_wconf 85' lang='lat' dir='ltr'>tionem.</span> <span class='ocrx_word' id='word_1_711' title='bbox 1375 2016 1423 2046; x_wconf 88' lang='lat' dir='ltr'>vel</span> <span class='ocrx_word' id='word_1_712' title='bbox 1448 2016 1626 2047; x_wconf 86' lang='lat' dir='ltr'>absolutam</span> <span class='ocrx_word' id='word_1_713' title='bbox 1650 2016 1738 2047; x_wconf 91' lang='lat' dir='ltr'>omni</span> <span class='ocrx_word' id='word_1_714' title='bbox 1762 2026 1803 2046; x_wconf 87' lang='lat' dir='ltr'>ex</span> <span class='ocrx_word' id='word_1_715' title='bbox 1832 2022 1922 2056; x_wconf 87' lang='lat' dir='ltr'>parte</span> <span class='ocrx_word' id='word_1_716' title='bbox 1953 2017 2112 2057; x_wconf 85' lang='lat' dir='ltr'>regulam,</span> <span class='ocrx_word' id='word_1_717' title='bbox 2145 2015 2186 2047; x_wconf 89' lang='lat' dir='ltr'>ad</span> 
     </span>
     <span class='ocr_line' id='line_1_101' title="bbox 1218 2058 2020 2099; baseline 0 -10"><span class='ocrx_word' id='word_1_718' title='bbox 1218 2069 1313 2099; x_wconf 87' lang='lat' dir='ltr'>qnam</span> <span class='ocrx_word' id='word_1_719' title='bbox 1339 2059 1395 2089; x_wconf 88' lang='lat' dir='ltr'>filii</span> <span class='ocrx_word' id='word_1_720' title='bbox 1420 2069 1452 2089; x_wconf 88' lang='lat' dir='ltr'>se</span> <span class='ocrx_word' id='word_1_721' title='bbox 1477 2058 1615 2099; x_wconf 81' lang='lat' dir='ltr'>dirigere</span> <span class='ocrx_word' id='word_1_722' title='bbox 1639 2064 1671 2089; x_wconf 87' lang='lat' dir='ltr'>ct</span> <span class='ocrx_word' id='word_1_723' title='bbox 1694 2060 1831 2089; x_wconf 87' lang='lat' dir='ltr'>formare</span> <span class='ocrx_word' id='word_1_724' title='bbox 1856 2059 2020 2091; x_wconf 86' lang='lat' dir='ltr'>deberent.</span> 
     </span>
    </p>

    <p class='ocr_par' dir='ltr' id='par_1_12' title="bbox 1192 2101 2186 2700">
     <span class='ocr_line' id='line_1_102' title="bbox 1302 2101 2184 2141; baseline 0 -9"><span class='ocrx_word' id='word_1_725' title='bbox 1302 2102 1352 2132; x_wconf 87' lang='lat'>31.</span> <span class='ocrx_word' id='word_1_726' title='bbox 1388 2101 1497 2132; x_wconf 70' lang='lat' dir='ltr'>Facies</span> <span class='ocrx_word' id='word_1_727' title='bbox 1527 2105 1553 2132; x_wconf 75' lang='lat' dir='ltr'>ec</span> <span class='ocrx_word' id='word_1_728' title='bbox 1575 2102 1721 2140; x_wconf 67' lang='lat' dir='ltr'>pallium.</span> <span class='ocrx_word' id='word_1_729' title='bbox 1774 2102 1913 2132; x_wconf 88' lang='lat' dir='ltr'>Pallium</span> <span class='ocrx_word' id='word_1_730' title='bbox 1947 2102 2005 2133; x_wconf 87' lang='lat' dir='ltr'>hoc</span> <span class='ocrx_word' id='word_1_731' title='bbox 2035 2102 2184 2141; x_wconf 85' lang='lat' dir='ltr'>superius</span> 
     </span>
     <span class='ocr_line' id='line_1_103' title="bbox 1218 2144 2183 2184; baseline 0 -9"><span class='ocrx_word' id='word_1_732' title='bbox 1218 2150 1288 2175; x_wconf 86' lang='lat' dir='ltr'>erat</span> <span class='ocrx_word' id='word_1_733' title='bbox 1311 2144 1448 2184; x_wconf 76' lang='lat' dir='ltr'>oblonga</span> <span class='ocrx_word' id='word_1_734' title='bbox 1472 2144 1580 2176; x_wconf 84' lang='lat' dir='ltr'>tunica</span> <span class='ocrx_word' id='word_1_735' title='bbox 1604 2145 1746 2175; x_wconf 89' lang='lat' dir='ltr'>medinm</span> <span class='ocrx_word' id='word_1_736' title='bbox 1770 2145 1855 2175; x_wconf 87' lang='lat' dir='ltr'>inter</span> <span class='ocrx_word' id='word_1_737' title='bbox 1878 2145 1980 2184; x_wconf 87' lang='lat' dir='ltr'>ipsam</span> <span class='ocrx_word' id='word_1_738' title='bbox 2010 2149 2041 2175; x_wconf 86' lang='lat' dir='ltr'>et</span> <span class='ocrx_word' id='word_1_739' title='bbox 2069 2144 2183 2184; x_wconf 87' lang='lat' dir='ltr'>ephod,</span> 
     </span>
     <span class='ocr_line' id='line_1_104' title="bbox 1217 2187 2184 2227; baseline 0.001 -10"><span class='ocrx_word' id='word_1_740' title='bbox 1217 2198 1235 2217; x_wconf 83' lang='lat' dir='ltr'>a</span> <span class='ocrx_word' id='word_1_741' title='bbox 1266 2188 1356 2218; x_wconf 79' lang='lat' dir='ltr'>cuius</span> <span class='ocrx_word' id='word_1_742' title='bbox 1385 2192 1531 2217; x_wconf 75' lang='lat' dir='ltr'>extrema</span> <span class='ocrx_word' id='word_1_743' title='bbox 1562 2198 1617 2217; x_wconf 84' lang='lat' dir='ltr'>ora</span> <span class='ocrx_word' id='word_1_744' title='bbox 1649 2187 1832 2227; x_wconf 82' lang='lat' dir='ltr'>pendebant</span> <span class='ocrx_word' id='word_1_745' title='bbox 1862 2187 2082 2218; x_wconf 81' lang='lat' dir='ltr'>tintinnabula</span> <span class='ocrx_word' id='word_1_746' title='bbox 2110 2197 2184 2218; x_wconf 86' lang='lat' dir='ltr'>cum</span> 
     </span>
     <span class='ocr_line' id='line_1_105' title="bbox 1218 2229 2184 2269; baseline 0.002 -10"><span class='ocrx_word' id='word_1_747' title='bbox 1218 2230 1456 2269; x_wconf 75' lang='lat' dir='ltr'>malogranatis,</span> <span class='ocrx_word' id='word_1_748' title='bbox 1480 2240 1561 2269; x_wconf 88' lang='lat' dir='ltr'>quae</span> <span class='ocrx_word' id='word_1_749' title='bbox 1581 2230 1713 2261; x_wconf 80' lang='lat' dir='ltr'>alternis</span> <span class='ocrx_word' id='word_1_750' title='bbox 1732 2229 1855 2261; x_wconf 88' lang='lat' dir='ltr'>vicibus</span> <span class='ocrx_word' id='word_1_751' title='bbox 1882 2230 2057 2261; x_wconf 86' lang='lat' dir='ltr'>commixta</span> <span class='ocrx_word' id='word_1_752' title='bbox 2080 2236 2184 2261; x_wconf 87' lang='lat' dir='ltr'>crant.</span> 
     </span>
     <span class='ocr_line' id='line_1_106' title="bbox 1218 2273 2186 2313; baseline 0.003 -10"><span class='ocrx_word' id='word_1_753' title='bbox 1218 2273 1289 2303; x_wconf 87' lang='lat' dir='ltr'>Etsi</span> <span class='ocrx_word' id='word_1_754' title='bbox 1303 2273 1454 2303; x_wconf 86' lang='lat' dir='ltr'>autemin</span> <span class='ocrx_word' id='word_1_755' title='bbox 1476 2273 1716 2313; x_wconf 81' lang='lat' dir='ltr'>malogranatis,</span> <span class='ocrx_word' id='word_1_756' title='bbox 1737 2273 1787 2303; x_wconf 87' lang='lat' dir='ltr'>vel</span> <span class='ocrx_word' id='word_1_757' title='bbox 1810 2273 1902 2303; x_wconf 88' lang='lat' dir='ltr'>malis</span> <span class='ocrx_word' id='word_1_758' title='bbox 1920 2273 2054 2313; x_wconf 87' lang='lat' dir='ltr'>punicis,</span> <span class='ocrx_word' id='word_1_759' title='bbox 2075 2274 2186 2306; x_wconf 88' lang='lat' dir='ltr'>nullus</span> 
     </span>
     <span class='ocr_line' id='line_1_107' title="bbox 1218 2315 2183 2355; baseline 0.003 -9"><span class='ocrx_word' id='word_1_760' title='bbox 1218 2321 1288 2346; x_wconf 74' lang='lat' dir='ltr'>erat</span> <span class='ocrx_word' id='word_1_761' title='bbox 1300 2315 1387 2351; x_wconf 79' lang='lat' dir='ltr'>odor,</span> <span class='ocrx_word' id='word_1_762' title='bbox 1412 2326 1479 2345; x_wconf 88' lang='lat' dir='ltr'>rem</span> <span class='ocrx_word' id='word_1_763' title='bbox 1500 2322 1607 2346; x_wconf 83' lang='lat' dir='ltr'>tamen</span> <span class='ocrx_word' id='word_1_764' title='bbox 1628 2316 1729 2355; x_wconf 86' lang='lat' dir='ltr'>ipsam</span> <span class='ocrx_word' id='word_1_765' title='bbox 1743 2316 1848 2355; x_wconf 79' lang='lat' dir='ltr'>figura</span> <span class='ocrx_word' id='word_1_766' title='bbox 1861 2315 1961 2347; x_wconf 87' lang='lat' dir='ltr'>oculis</span> <span class='ocrx_word' id='word_1_767' title='bbox 1980 2316 2183 2349; x_wconf 75' lang='lat' dir='ltr'>subjiciebat:</span> 
     </span>
     <span class='ocr_line' id='line_1_108' title="bbox 1218 2358 2184 2400; baseline 0.003 -11"><span class='ocrx_word' id='word_1_768' title='bbox 1218 2368 1253 2389; x_wconf 85' lang='lat' dir='ltr'>ac</span> <span class='ocrx_word' id='word_1_769' title='bbox 1278 2359 1304 2389; x_wconf 87' lang='lat' dir='ltr'>si</span> <span class='ocrx_word' id='word_1_770' title='bbox 1330 2359 1361 2388; x_wconf 89' lang='lat' dir='ltr'>in</span> <span class='ocrx_word' id='word_1_771' title='bbox 1386 2362 1473 2388; x_wconf 84' lang='lat' dir='ltr'>veste</span> <span class='ocrx_word' id='word_1_772' title='bbox 1496 2358 1551 2389; x_wconf 85' lang='lat' dir='ltr'>illa</span> <span class='ocrx_word' id='word_1_773' title='bbox 1577 2359 1755 2398; x_wconf 81' lang='lat' dir='ltr'>requireret</span> <span class='ocrx_word' id='word_1_774' title='bbox 1775 2358 1865 2389; x_wconf 71' lang='lat' dir='ltr'>Deus</span> <span class='ocrx_word' id='word_1_775' title='bbox 1885 2370 2017 2389; x_wconf 78' lang='lat' dir='ltr'>suavem</span> <span class='ocrx_word' id='word_1_776' title='bbox 2037 2360 2184 2400; x_wconf 85' lang='lat' dir='ltr'>fragran-</span> 
     </span>
     <span class='ocr_line' id='line_1_109' title="bbox 1219 2401 2184 2441; baseline 0.003 -10"><span class='ocrx_word' id='word_1_777' title='bbox 1219 2402 1297 2431; x_wconf 82' lang='lat' dir='ltr'>tiam</span> <span class='ocrx_word' id='word_1_778' title='bbox 1322 2412 1392 2431; x_wconf 87' lang='lat' dir='ltr'>cum</span> <span class='ocrx_word' id='word_1_779' title='bbox 1417 2401 1534 2432; x_wconf 75' lang='lat' dir='ltr'>sonitu.</span> <span class='ocrx_word' id='word_1_780' title='bbox 1580 2401 1625 2431; x_wconf 87' lang='lat' dir='ltr'>Et</span> <span class='ocrx_word' id='word_1_781' title='bbox 1648 2406 1732 2432; x_wconf 87' lang='lat' dir='ltr'>certe</span> <span class='ocrx_word' id='word_1_782' title='bbox 1758 2412 1830 2438; x_wconf 82' lang='lat' dir='ltr'>nos,</span> <span class='ocrx_word' id='word_1_783' title='bbox 1861 2402 1913 2441; x_wconf 84' lang='lat' dir='ltr'>qui</span> <span class='ocrx_word' id='word_1_784' title='bbox 1940 2401 2093 2433; x_wconf 81' lang='lat' dir='ltr'>vitiorum</span> <span class='ocrx_word' id='word_1_785' title='bbox 2116 2414 2184 2434; x_wconf 84' lang='lat' dir='ltr'>sor-</span> 
     </span>
     <span class='ocr_line' id='line_1_110' title="bbox 1219 2443 2184 2481; baseline 0.003 -8"><span class='ocrx_word' id='word_1_786' title='bbox 1219 2443 1311 2474; x_wconf 88' lang='lat' dir='ltr'>dibus</span> <span class='ocrx_word' id='word_1_787' title='bbox 1335 2445 1506 2481; x_wconf 88' lang='lat' dir='ltr'>foetemus,</span> <span class='ocrx_word' id='word_1_788' title='bbox 1536 2454 1598 2474; x_wconf 91' lang='lat' dir='ltr'>non</span> <span class='ocrx_word' id='word_1_789' title='bbox 1627 2444 1720 2474; x_wconf 88' lang='lat' dir='ltr'>aliter</span> <span class='ocrx_word' id='word_1_790' title='bbox 1743 2445 1852 2474; x_wconf 86' lang='lat' dir='ltr'>suavis</span> <span class='ocrx_word' id='word_1_791' title='bbox 1875 2445 1953 2475; x_wconf 88' lang='lat' dir='ltr'>odor</span> <span class='ocrx_word' id='word_1_792' title='bbox 1976 2455 2088 2476; x_wconf 87' lang='lat' dir='ltr'>sumus</span> <span class='ocrx_word' id='word_1_793' title='bbox 2112 2445 2184 2477; x_wconf 88' lang='lat' dir='ltr'>Deo</span> 
     </span>
     <span class='ocr_line' id='line_1_111' title="bbox 1192 2486 2180 2526; baseline 0.005 -11"><span class='ocrx_word' id='word_1_794' title='bbox 1192 2486 1195 2524; x_wconf 77' lang='grc' dir='ltr'>Ι</span> <span class='ocrx_word' id='word_1_795' title='bbox 1219 2497 1315 2526; x_wconf 83' lang='lat' dir='ltr'>quam</span> <span class='ocrx_word' id='word_1_796' title='bbox 1339 2486 1463 2517; x_wconf 73' lang='lat' dir='ltr'>Christi</span> <span class='ocrx_word' id='word_1_797' title='bbox 1489 2492 1577 2517; x_wconf 81' lang='lat' dir='ltr'>veste</span> <span class='ocrx_word' id='word_1_798' title='bbox 1601 2486 1725 2517; x_wconf 89' lang='lat' dir='ltr'>obtecti.</span> <span class='ocrx_word' id='word_1_799' title='bbox 1769 2486 1833 2518; x_wconf 66' lang='lat' dir='ltr'>scd</span> <span class='ocrx_word' id='word_1_800' title='bbox 1857 2487 2077 2518; x_wconf 85' lang='lat' dir='ltr'>tintinnabula</span> <span class='ocrx_word' id='word_1_801' title='bbox 2100 2499 2180 2520; x_wconf 86' lang='lat' dir='ltr'>reso-</span> 
     </span>
     <span class='ocr_line' id='line_1_112' title="bbox 1220 2529 2185 2569; baseline 0.003 -10"><span class='ocrx_word' id='word_1_802' title='bbox 1220 2540 1297 2560; x_wconf 88' lang='lat' dir='ltr'>nare</span> <span class='ocrx_word' id='word_1_803' title='bbox 1332 2529 1431 2560; x_wconf 80' lang='lat' dir='ltr'>voluit</span> <span class='ocrx_word' id='word_1_804' title='bbox 1466 2530 1567 2560; x_wconf 87' lang='lat' dir='ltr'>Deus:</span> <span class='ocrx_word' id='word_1_805' title='bbox 1599 2529 1672 2569; x_wconf 83' lang='lat' dir='ltr'>quia</span> <span class='ocrx_word' id='word_1_806' title='bbox 1702 2540 1765 2560; x_wconf 90' lang='lat' dir='ltr'>non</span> <span class='ocrx_word' id='word_1_807' title='bbox 1800 2529 1895 2561; x_wconf 87' lang='lat' dir='ltr'>aliter</span> <span class='ocrx_word' id='word_1_808' title='bbox 1928 2530 2052 2561; x_wconf 87' lang='lat' dir='ltr'>Christi</span> <span class='ocrx_word' id='word_1_809' title='bbox 2083 2531 2185 2563; x_wconf 85' lang='lat' dir='ltr'>vestis</span> 
     </span>
     <span class='ocr_line' id='line_1_113' title="bbox 1220 2572 2183 2614; baseline 0.003 -12"><span class='ocrx_word' id='word_1_810' title='bbox 1220 2572 1355 2612; x_wconf 83' lang='lat' dir='ltr'>gratiam</span> <span class='ocrx_word' id='word_1_811' title='bbox 1383 2572 1471 2603; x_wconf 79' lang='lat' dir='ltr'>nobis</span> <span class='ocrx_word' id='word_1_812' title='bbox 1497 2572 1644 2603; x_wconf 82' lang='lat' dir='ltr'>conciliat</span> <span class='ocrx_word' id='word_1_813' title='bbox 1673 2583 1768 2612; x_wconf 88' lang='lat' dir='ltr'>quam</span> <span class='ocrx_word' id='word_1_814' title='bbox 1793 2584 1849 2613; x_wconf 86' lang='lat' dir='ltr'>pcr</span> <span class='ocrx_word' id='word_1_815' title='bbox 1873 2583 1983 2604; x_wconf 85' lang='lat' dir='ltr'>vocem</span> <span class='ocrx_word' id='word_1_816' title='bbox 2009 2573 2183 2614; x_wconf 84' lang='lat' dir='ltr'>evangelii,</span> 
     </span>
     <span class='ocr_line' id='line_1_114' title="bbox 1220 2615 2184 2654; baseline 0.002 -9"><span class='ocrx_word' id='word_1_817' title='bbox 1220 2625 1299 2654; x_wconf 85' lang='lat' dir='ltr'>quae</span> <span class='ocrx_word' id='word_1_818' title='bbox 1330 2615 1444 2654; x_wconf 86' lang='lat' dir='ltr'>capitis</span> <span class='ocrx_word' id='word_1_819' title='bbox 1475 2615 1603 2645; x_wconf 74' lang='lat' dir='ltr'>odorem</span> <span class='ocrx_word' id='word_1_820' title='bbox 1635 2615 1667 2645; x_wconf 91' lang='lat' dir='ltr'>in</span> <span class='ocrx_word' id='word_1_821' title='bbox 1703 2615 1846 2646; x_wconf 87' lang='lat' dir='ltr'>membra</span> <span class='ocrx_word' id='word_1_822' title='bbox 1880 2617 1988 2647; x_wconf 90' lang='lat' dir='ltr'>omnia</span> <span class='ocrx_word' id='word_1_823' title='bbox 2022 2616 2184 2648; x_wconf 87' lang='lat' dir='ltr'>diffundit.</span> 
     </span>
     <span class='ocr_line' id='line_1_115' title="bbox 1220 2657 2186 2700; baseline 0.003 -12"><span class='ocrx_word' id='word_1_824' title='bbox 1220 2657 1261 2688; x_wconf 95' lang='lat' dir='ltr'>In</span> <span class='ocrx_word' id='word_1_825' title='bbox 1285 2657 1345 2689; x_wconf 87' lang='lat' dir='ltr'>hac</span> <span class='ocrx_word' id='word_1_826' title='bbox 1368 2657 1522 2699; x_wconf 82' lang='lat' dir='ltr'>allegoria</span> <span class='ocrx_word' id='word_1_827' title='bbox 1546 2658 1625 2688; x_wconf 88' lang='lat' dir='ltr'>nihil</span> <span class='ocrx_word' id='word_1_828' title='bbox 1649 2663 1697 2689; x_wconf 86' lang='lat' dir='ltr'>est</span> <span class='ocrx_word' id='word_1_829' title='bbox 1719 2659 1815 2689; x_wconf 89' lang='lat' dir='ltr'>nimis</span> <span class='ocrx_word' id='word_1_830' title='bbox 1838 2665 2000 2699; x_wconf 84' lang='lat' dir='ltr'>argutum,</span> <span class='ocrx_word' id='word_1_831' title='bbox 2035 2659 2086 2691; x_wconf 89' lang='lat' dir='ltr'>vel</span> <span class='ocrx_word' id='word_1_832' title='bbox 2108 2669 2186 2700; x_wconf 88' lang='lat' dir='ltr'>pro-</span> 
     </span>
    </p>
   </div>
   <div class='ocr_carea' id='block_1_10' title="bbox 1187 318 1194 2400">
    <p class='ocr_par' dir='ltr' id='par_1_13' title="bbox 1187 318 1194 2400">
     <span class='ocr_line' id='line_1_116' title="bbox 1187 318 1194 2400; baseline 0 0"><span class='ocrx_word' id='word_1_833' title='bbox 1187 318 1194 2400; x_wconf 95' lang='lat' dir='ltr'> </span> 
     </span>
    </p>
   </div>
  </div>
 </body>
</html>
